2484 3817
148 197 210 260 298
497 208 527 257 c.
543 209 640 257 uuum
653 209 803 259 securum

148 364 246 437 corio,
265 363 329 423 lieri
344 362 441 423 dicunt
455 362 691 442 ichthyocollam,
706 373 737 425 ut
752 364 892 440 glutinum
905 365 1055 424 taurinum.
1083 365 1144 426 lau-

147 448 229 507 datur
247 446 382 523 Pontica,
405 446 524 508 candida
545 447 575 508 et'
595 466 698 509 careus
718 450 800 508 venis
819 448 1002 526 squamisque
1021 457 1052 509 et
1068 469 1144 528 quae

148 521 300 590 celerrime
316 530 459 609 liquescit.
487 533 656 592 madescere
675 541 769 591 autem
784 531 873 592 debet
887 533 1005 592 concisa
1024 535 1054 607 in
1069 552 1143 612 aqua

66 639 68 644 ·
147 624 195 674 aut
212 622 297 674 aceto
321 622 406 674 nocte
423 631 458 674 ao
479 614 539 693 die,
561 633 629 674 mox
648 615 727 674 tundi
744 616 859 675 marinis
877 615 1036 694 lapidibus,
1057 627 1088 677 ut
1102 618 1143 678 ia·

147 699 231 758 cilius
245 698 396 776 liquescat.
426 699 524 759 utilem
545 715 608 758 earn
625 707 656 758 et
671 701 773 776 capitis
786 698 936 760 doloribus
950 700 1100 762 adfirmant
1113 709 1167 761 eta

102 784 263 849 74tetauis.
302 783 402 842 Ranae
431 782 535 842 dexter
562 782 663 842 oculus
691 782 802 858 dextri,
830 784 947 843 sinister
976 783 1051 844 laevi
1082 803 1143 844 sus·

147 867 263 946 pensio
281 864 360 925 collo
381 866 470 924 nativi
494 864 602 926 coloris
617 883 713 944 panno
727 866 915 945 lippitudines
929 877 1046 943 sanant,
1066 868 1145 947 quod

146 951 171 1010 si
192 967 246 1028 per
260 949 366 1008 coitum
383 946 468 1007 lunae
485 959 630 1024 eruantur,
648 949 814 1027 albuginem
827 968 956 1029 quoque,
973 951 1091 1028 adligati
1106 954 1142 1010 si-

123 1025 248 1093 'militer
270 1033 299 1090 iu
320 1033 463 1109 putamine
486 1034 542 1092 ovi.
569 1033 701 1112 reliquae
720 1052 823 1094 carues
843 1036 987 1113 inpositae
1003 1036 1142 1113 suggilla-

143 1119 251 1178 tionem
266 1117 388 1192 rapiunt.
412 1117 509 1174 caneri
527 1117 613 1176 etiam
626 1118 731 1177 oculos
746 1117 920 1195 adalligatos
936 1119 1015 1178 collo
1030 1118 1142 1178 mederi
1151 1137 1178 1178 ao

99 1209 135 1265 75
147 1197 309 1278 lippitudini
329 1198 436 1258 dicunt.
463 1197 516 1259 list
537 1217 628 1279 parva
649 1219 718 1261 rana
738 1203 767 1260 in
784 1201 980 1262 harundinetis
998 1212 1028 1262 et
1043 1202 1142 1262 herbis

143 1299 276 1342 maxume
287 1283 401 1357 vivens,
417 1291 492 1342 muta
505 1301 539 1342 ac
554 1286 617 1343 sius
632 1302 718 1360 voce,
730 1286 840 1362 viridis,
855 1287 880 1344 si
893 1286 972 1356 forte
987 1286 1141 1363 hauriatur,

142 1375 261 1426 ventres
281 1363 369 1423 boum
390 1364 566 1426 distendens.
596 1367 680 1427 buius
701 1370 837 1445 corporis
856 1385 986 1429 umorem
1008 1369 1143 1430 derasum

143 1448 277 1529 specillis
306 1448 465 1509 claritatem
495 1451 588 1511 oculis
615 1453 738 1511 inunctis
763 1462 881 1512 narrant
904 1452 1035 1530 adierre,
1062 1455 1141 1532 ipsas

144 1535 238 1594 earnis
254 1531 406 1592 doloribus
422 1534 569 1595 oculorum
584 1545 791 1614 superponunt.
819 1554 905 1598 ranas
919 1539 1005 1597 etiam
1023 1538 1140 1616 quinde-
1151 1560 1176 1600 rs

144 1621 199 1677 cim
219 1618 351 1677 coiectas
371 1617 399 1676 iu
422 1618 510 1678 fietile
528 1635 633 1678 novom
653 1621 746 1679 iuncis
760 1621 908 1698 conligunt
924 1622 1037 1699 quidam
1054 1639 1140 1681 suco·

144 1719 200 1779 que
221 1719 317 1760 earum
335 1701 384 1779 qui
404 1702 442 1761 ita
465 1703 612 1762 eiduxerit
634 1702 794 1764 admiscent
812 1706 879 1764 vitis
894 1704 978 1764 albae
993 1704 1141 1766 lacrimam

142 1794 228 1865 atque
251 1787 303 1846 ita
318 1785 475 1863 palpebras
496 1787 648 1846 emendant
667 1787 811 1848 inutilibus
832 1789 901 1866 pilis
921 1789 1065 1868 exemptis
1084 1807 1140 1849 acu

96 1879 133 1935 76
144 1869 316 1929 instillantes
333 1867 409 1928 huuc
424 1887 522 1929 aueum
538 1872 567 1930 in
585 1873 710 1948 vestigia
727 1873 904 1933 evolsorum.
930 1871 1033 1950 bleges
1049 1872 1139 1952 psilo-

141 1963 214 2013 trum
230 1950 432 2031 palpebrarum
453 1954 580 2014 laeiebat
600 1956 629 2012 iu
648 1964 732 2016 aceto
756 1973 884 2016 enecans
900 1958 1095 2034 putrescentis
1110 1965 1173 2018 eteo

141 2036 178 2096 ad
204 2035 262 2094 boc
289 2035 422 2095 utebatur
442 2037 536 2097 multis
563 2039 709 2117 variisque
742 2057 797 2118 per
822 2040 991 2117 aquationes
1015 2041 1139 2100 autumni

141 2118 336 2178 nascentibus.
371 2119 446 2178 idem
468 2130 618 2198 praestare
645 2125 882 2200 sanguisugarum
903 2125 975 2182 cinis
995 2142 1033 2182 ex
1054 2133 1137 2184 aceto

140 2202 237 2261 inlitus
249 2210 372 2280 putatur.
398 2203 525 2264 comburi
538 2222 589 2262 eas
601 2215 718 2283 oportet
729 2209 757 2265 in
768 2221 846 2266 novo
855 2224 936 2266 vase.
951 2207 1028 2267 idem
1039 2207 1139 2281 thynni

140 2287 225 2346 iocur
236 2287 373 2346 siccatum
385 2287 515 2364 pondere
526 2287 601 2348 XIV
617 2307 681 2348 cum
698 2291 765 2352 oleo
781 2291 899 2350 cedrino
913 2292 1060 2369 perunctis
1072 2291 1138 2368 pilis

141 2387 246 2430 novem
260 2369 415 2441 mensibus.
1144 2393 1171 2432 es

96 2462 132 2517 77
208 2453 292 2530 (25.)
315 2452 441 2513 Auribus
461 2455 637 2514 utilissimum
657 2455 752 2515 batiae
774 2457 864 2535 piscis
883 2457 925 2516 iel
941 2475 1063 2534 recens,
1085 2457 1137 2518 sed

143 2545 172 2595 et
189 2537 377 2597 inveteratum
390 2542 474 2616 vino,
496 2540 563 2598 item
579 2538 697 2614 baccbi,
714 2559 799 2618 quem
817 2540 930 2618 quidam
947 2559 1071 2615 mvrena
1085 2559 1136 2600 vo·

143 2629 217 2696 eant,
233 2623 301 2680 item
318 2621 481 2696 callionymi
492 2640 555 2682 cum
565 2640 690 2683 rosaceo
703 2624 825 2683 inlusum
836 2624 885 2683 vel
896 2633 1060 2685 castoreum
1073 2643 1136 2684 cum

142 2706 297 2782 papaveris
320 2721 401 2765 suco.
431 2705 545 2767 Vocant
566 2716 594 2767 et
616 2709 646 2765 iu
661 2708 732 2766 mari
750 2708 910 2785 peduculos
925 2725 1037 2788 eosque
1053 2711 1136 2769 tritos

140 2787 273 2847 instillari
288 2806 327 2847 err
341 2798 426 2848 aceto
443 2790 557 2850 auribus
574 2791 683 2851 iubent.
713 2799 743 2849 et
761 2809 815 2868 per
829 2809 862 2850 se
882 2799 911 2851 et
926 2792 1080 2866 coucbvlio
1094 2794 1135 2850 iu·
1145 2806 1171 2846 ao

141 2871 220 2930 lecta
235 2870 300 2930 lana
315 2889 495 2951 magnopere
513 2874 644 2951 prodest.
672 2874 787 2951 quidam
806 2884 891 2935 aceto
908 2883 938 2934 et
952 2877 1025 2935 nitro
1040 2874 1136 2936 made

96 2963 134 3018 ‘ts
145 2953 270 3014 iaciunt·
283 2957 354 3015 Sunt
365 2958 413 3035 qui
423 2959 580 3035 praecipue
594 2967 695 3017 contra
710 2961 804 3018 omnia
818 2960 926 3018 aurium
940 2959 1008 3018 vitia
1020 2958 1137 3018 laudent

142 3041 205 3114 gari
221 3038 393 3099 excellentis
409 3041 556 3116 cyathum,
576 3041 671 3100 mellis
688 3040 802 3102 dimidio
819 3043 955 3120 amplius,
978 3043 1053 3102 aceti
1069 3058 1136 3115 eya·

141 3122 266 3181 thumim
289 3123 380 3184 calice
405 3141 481 3184 novo
507 3125 565 3185 leni
589 3143 679 3201 pruna
705 3124 870 3204 decoquere
896 3123 1016 3185 subinde
1036 3142 1136 3203 spuma

141 3205 235 3283 pinnis
251 3203 365 3266 detersa
383 3215 422 3284 et,
442 3217 592 3287 postquam
607 3206 726 3268 desierit
738 3226 883 3286 spumare,
899 3208 1027 3287 tepidum
1042 3209 1134 3268 iulun·
1144 3228 1171 3270 ss

143 3286 222 3347 dere.
246 3289 269 3347 si
283 3296 409 3350 tumeant
424 3309 518 3369 aures,
535 3293 678 3351 coriandri
692 3309 763 3351 suco
779 3293 858 3372 prius
868 3290 1037 3368 mitigandas
1050 3292 1145 3351 iidem,

143 3371 333 3450 praecipiunt.
371 3391 501 3436 ranarum
522 3374 604 3452 adips
626 3375 778 3436 instillatus
800 3378 893 3436 statim
911 3375 1028 3435 dolores
1050 3375 1135 3437 tollit.

142 3471 312 3515 cancrorum
331 3457 507 3519 fluviatilium
526 3475 612 3518 sucus
639 3476 702 3518 cum
720 3459 813 3519 larinu
835 3459 1001 3520 hordeacea
1025 3460 1137 3520 aurium
