2484 3817
353 245 434 293 saa.
449 245 538 294 arsa.
554 245 635 292 xxv.
650 243 676 298 a,
692 244 719 298 o.
735 234 887 311 (ss—os.)
1058 229 1102 293 87

110 399 172 460 tala
196 400 316 477 viperae
338 397 440 458 similia
461 405 541 476 sunl,
563 399 636 458 haec
658 417 699 458 ex
720 401 789 459 uiuo
810 409 840 460 et
861 409 954 460 aceto.
987 399 1100 478 quidam

112 483 218 543 echion
234 489 418 559 personatam
434 492 537 542 vocant
549 483 630 541 ouius
641 481 714 542 iolio
728 482 834 542 nullum
845 492 892 543 est
906 484 1002 560 latius,
1014 501 1101 560 grao-

111 567 157 624 dis
179 565 280 642 lappas
299 565 448 625 ferentem.
479 565 562 625 huius
577 564 703 624 radicem
717 565 866 624 decoctam
880 585 919 627 ex
933 575 1019 626 aceto
1033 567 1100 626 dant

111 650 205 727 potui.
237 647 447 724 Hyosoyamum
471 658 642 708 contunsnrn
667 667 730 708 cum
753 649 833 708 loliis
859 667 898 709 ex
923 651 991 708 uino
1017 649 1101 708 datur

84 731 301 809 speculiariter
315 740 415 790 contra
432 731 553 810 aspidas.
1051 759 1055 767 ·

175 815 258 892 (59.)
274 813 359 874 Nulla
374 821 469 874 tamen
479 813 625 874 Romanae
639 814 799 874 nobilitatis
815 813 880 892 plus
894 815 981 874 habet
996 833 1079 894 quarn
1092 827 1144 880 105

110 897 310 958 hierabotane.
340 897 426 976 aliqui
443 899 640 976 peristeram,
664 900 757 957 nostri
776 897 967 958 verbenacam
985 908 1098 957 vocant.

109 981 184 1040 haec
196 989 244 1039 cst
255 998 338 1058 quarn
349 979 464 1057 legatos
475 981 554 1041 ferre
566 981 601 1040 ad
612 981 706 1040 hostis
717 980 911 1040 indicavimus.
937 981 990 1040 hac
1000 980 1079 1040 lovis
1092 1001 1144 1040 see

109 1081 211 1122 mensa
224 1065 360 1140 verritur,
376 1063 475 1123 domus
491 1073 650 1142 purgantur
663 1064 889 1141 lustramurque.
911 1082 1022 1141 genera
1037 1066 1101 1123 cius

75 1147 184 1206 soduo:
203 1147 311 1206 foliosa
326 1164 409 1223 quam
432 1147 565 1207 feminam
591 1155 707 1226 putant,
737 1165 796 1206 mas
822 1148 984 1207 rarioribus
1009 1146 1099 1206 loliis.

109 1229 212 1289 ramuli
230 1231 380 1307 utriusque
404 1230 513 1309 plures,
533 1238 648 1307 tenues,
671 1229 826 1304 cubitales,
843 1231 987 1307 angulosi,
1009 1229 1080 1291 lolia
1093 1239 1144 1295 1⁰6

107 1315 222 1372 minora
237 1331 320 1390 quam
332 1331 454 1390 quercus
468 1317 703 1391 angustioraqne,
716 1313 851 1372 divisuris
862 1315 1031 1391 maioribus,
1045 1313 1101 1375 dos

108 1395 242 1472 glaucus,
261 1398 342 1457 radix
358 1395 455 1473 longa,
472 1399 576 1457 tenuis.
599 1399 727 1456 nascitur
741 1397 847 1474 ubique
862 1401 891 1456 in
904 1399 997 1476 planis
1011 1416 1101 1476 aquo·

109 1481 160 1537 sis.
193 1479 306 1556 quidam
323 1498 381 1540 non
399 1479 555 1557 distingunt
576 1490 605 1540 et
625 1497 710 1539 unum
732 1483 846 1540 omnino
868 1500 960 1558 genus
980 1483 1100 1556 iaciunt,

73 1563 246 1639 asquoniam
266 1571 386 1640 utraque
407 1563 526 1623 eosdem
547 1563 669 1622 ellectus
690 1563 803 1623 habeat.
834 1572 954 1642 utraque
977 1567 1102 1623 sortiun-

109 1653 157 1703 tur
170 1643 245 1705 Galli
261 1653 291 1703 et
308 1648 476 1723 praecinunt
493 1663 646 1725 respousa,
662 1645 715 1706 sed
730 1645 806 1722 llagi
822 1648 922 1723 utiquc
937 1649 1014 1704 circa
1028 1646 1101 1704 hanc

108 1730 264 1786 insaniunt.
296 1728 349 1788 hae
365 1735 521 1807 perunctos
539 1731 696 1807 impetrare
713 1745 785 1805 quae
802 1728 910 1802 velint,
932 1728 1025 1786 febris
1041 1729 1101 1786 abi·

107 1829 196 1886 gere,
213 1813 351 1871 amicitias
366 1813 522 1872 conciliare
537 1812 665 1889 nullique
682 1827 739 1869 nou
755 1809 856 1868 morbo
872 1808 991 1868 mederi,
1022 1809 1081 1868 col·
1095 1819 1143 1874 lu‘l

110 1893 166 1969 ligi
184 1893 291 1954 debere
309 1898 385 1954 circa
403 1897 481 1955 oanis
498 1895 647 1954 ortum'ita
663 1911 699 1952 ne
714 1892 780 1951 luna
797 1899 845 1950 aut
865 1891 910 1950 sol
928 1893 1101 1970 conspiciat,

68 1977 189 2033 sclavis
211 1985 274 2036 ante
295 1987 326 2037 et
341 1977 428 2038 melle
451 1986 547 2037 terrae
571 1977 604 2036 ad
623 1979 795 2054 piamentum
816 1975 900 2051 datis,
923 1976 1101 2035 circumscri-

113 2066 194 2136 ptam
206 2059 282 2120 ierro
300 2061 387 2121 eliodi
403 2063 518 2120 sinistra
532 2079 613 2119 manu
631 2067 661 2118 et
676 2062 705 2118 in
721 2057 842 2117 sublime
858 2057 939 2136 tolli,
955 2060 1057 2118 siccari
1071 2059 1101 2117 in

112 2141 214 2201 umbra
231 2147 383 2220 separatim
398 2144 478 2221 lolia,
492 2143 611 2220 caulem,
629 2142 761 2202 radicem.
784 2143 873 2216 aiunt,
891 2143 914 2200 si
930 2159 1004 2220 aqua
1019 2159 1101 2219 spar-

111 2234 198 2302 gatur
218 2227 370 2286 triclinium
385 2245 440 2306 qua
454 2227 610 2304 maduerit,
632 2227 771 2286 laetiores
786 2227 935 2284 convictus
951 2227 1023 2284 lieri.
1052 2223 1101 2283 ad-

112 2326 218 2368 versus
232 2313 378 2387 serpentis
396 2313 557 2370 conteritur
574 2329 612 2370 ex
629 2313 705 2371 vino,

70 2408 104 2448 aa
173 2389 258 2472 (60.)
276 2392 328 2451 Est
347 2393 447 2454 similis
470 2395 613 2454 verbasco
631 2393 721 2453 herba
738 2409 811 2469 quae
828 2409 917 2467 saepe
934 2391 1009 2450 fallit
1026 2409 1081 2470 pro
1093 2402 1145 2454 1oe

114 2491 147 2533 aa
159 2483 254 2552 capta,
266 2475 345 2536 loliis
356 2479 448 2536 minus
461 2476 599 2553 candidis,
608 2475 756 2536 cauliculis
769 2475 910 2552 pluribus,
922 2471 996 2532 llore
1009 2473 1100 2530 luteo.

113 2555 184 2615 haec
203 2557 318 2618 abiecta
339 2559 443 2620 blattas
464 2562 493 2619 in
514 2578 546 2618 se
568 2559 711 2620 contrahit
731 2558 857 2636 ideoque
871 2553 980 2615 Romae
998 2555 1102 2613 blatta-

113 2639 155 2698 ria
170 2651 300 2701 vocatur.
1084 2671 1086 2678 ·

175 2725 256 2803 (61.)
282 2723 485 2786 hiolemoninm
500 2743 597 2784 sucum
612 2724 735 2784 lacteum
756 2725 841 2782 mittit
862 2728 1101 2782 concrescentem

63 2821 100 2864 so
112 2809 230 2866 cummis
244 2808 331 2868 modo
347 2808 448 2868 umidis
465 2809 547 2868 locis.
578 2807 662 2866 datar
676 2807 774 2866 denari
790 2806 902 2885 pondus
918 2807 948 2862 in
962 2806 1038 2860 vino.

175 2891 258 2968 (62.)
274 2888 508 2970 Quinquelolium
524 2890 593 2949 nulli
607 2893 736 2966 ignotum
748 2899 804 2965 est,
819 2905 883 2948 cnm
893 2889 980 2946 etiam
992 2885 1074 2960 fraga
1091 2895 1144 2948 109

110 2971 262 3050 gignendo
279 2974 503 3051 commendetur,
525 2973 629 3033 Graeci
651 2981 824 3051 pentapetes
847 2972 909 3028 sive
930 2967 1102 3048 pentaphyl-

111 3056 163 3115 lon
184 3065 234 3115 aut
255 3055 459 3117 chamaezelon
478 3065 590 3117 vocant.
624 3071 687 3115 cum
711 3055 856 3123 effoditur,
878 3051 991 3110 rubram
1013 3049 1102 3109 habet

108 3139 248 3200 radicem.
280 3139 353 3198 haec
371 3141 537 3200 inarescens
559 3141 700 3218 nigrescit
719 3147 750 3198 et
769 3135 908 3214 angulosa
926 3135 966 3192 lit.
995 3149 1101 3191 nomen

62 3239 95 3281 ss
107 3241 127 3282 a
144 3239 264 3283 numero
275 3221 425 3283 loliorum.
446 3225 553 3300 etipsa
568 3223 659 3282 herba
674 3223 774 3300 incipit
788 3229 819 3280 et
832 3218 937 3277 desiuit
953 3233 1016 3274 cum
1031 3216 1099 3275 vite.

107 3304 268 3366 adhibetur
283 3315 313 3366 et
328 3306 482 3384 purgandis
498 3305 638 3365 domibus.

179 3389 259 3468 (63.)
279 3386 429 3449 Adversus
445 3389 589 3466 serpentis
605 3386 714 3447 bibitur
726 3395 757 3445 et
769 3385 831 3444 eius
843 3381 924 3443 radix
935 3399 1009 3460 quae
1021 3397 1102 3456 spar-

103 3473 224 3552 ganion
238 3480 360 3533 vocatur
375 3489 413 3532 ex
430 3473 497 3531 rino
514 3470 589 3529 albo.
