2484 3817
181 195 241 256 144
529 204 669 254 camur
685 202 832 253 arcuum

180 362 266 421 lita
257 380 286 419 ιιι
314 360 437 421 clibanis
463 358 631 433 calfaciunt,
667 356 771 417 deiude
793 363 930 432 exempto
953 371 1052 415 sucum
1073 354 1169 433 expri-

179 453 257 503 munt
271 443 400 503 eiusdem
420 444 552 503 nominis.
583 458 651 499 usus
672 449 701 499 et
722 440 784 499 suci
807 447 836 497 et
856 438 1007 515 foliorum,
1031 440 1054 498 si
1073 446 1157 497 teran

180 536 242 602 tur,
266 520 412 587 adversus
428 526 585 605 epiphoras
607 540 682 602 quae
696 526 848 582 universae
863 538 918 580 uuo
934 523 1042 599 impetu
1057 520 1170 580 cadunt.
1235 503 1236 557 l

181 610 248 669 hinc
268 618 442 689 temperatur
458 609 609 683 collyrium
630 605 709 685 quod
730 605 833 664 medici
853 604 1034 681 diaglaucion
1054 612 1170 663 vocant.

181 693 263 752 lactis
279 709 394 771 qnoque
407 692 524 752 ubertas
537 691 700 750 intermissa
713 689 879 749 restituitur.
901 689 1019 748 sumitur
1033 688 1116 746 huius
1129 689 1196 747 reis

182 792 270 836 causa
286 795 324 835 ex
339 794 422 854 aqua.

143 870 180 925 84
253 860 336 939 (60.)
359 857 532 932 Glpcpside,
556 873 638 933 quam
654 856 741 933 aliqui
756 855 908 915 Paeoniam
925 862 972 913 aut
988 852 1174 931 pentorobon

180 951 302 1018 vocant,
325 942 436 1001 caulem
449 939 537 1000 habet
550 938 633 998 duum
650 939 825 1012 cubitorum,
848 935 1047 997 comitantibus
1063 936 1174 997 dnobus

181 1035 230 1086 ιιι
251 1025 359 1100 tribus,
385 1022 567 1098 subrutilum,
592 1031 658 1082 cute
678 1022 766 1098 lauri,
788 1022 859 1081 lolia
880 1020 976 1099 qualia
996 1020 1092 1094 isatis,
1112 1020 1173 1098 pin·

181 1112 285 1185 quiora
308 1106 531 1183 rotundioraque
553 1115 583 1166 et
603 1107 730 1180 minora,
760 1122 858 1164 semen
886 1106 914 1163 in
939 1104 1067 1180 siliquis,
1098 1103 1207 1163 aliudue

140 1201 174 1256 85
185 1208 276 1267 gruum
290 1189 422 1266 rubente,
438 1188 513 1248 aliud
529 1189 623 1265 nigro.
655 1188 711 1248 dno
733 1197 827 1247 antem
842 1204 951 1263 genera
968 1195 1045 1246 sunt:
1071 1187 1174 1247 femina
1237 1232 1238 1239 ,

184 1276 361 1333 existimatur
377 1274 458 1331 cuins
474 1271 620 1331 radicibus
637 1286 690 1330 ceu
706 1270 800 1331 balani
812 1271 961 1347 longiores
976 1272 1093 1329 circiter
1107 1280 1174 1329 octo

182 1364 232 1416 aut
246 1374 300 1415 sex
320 1354 487 1414 adbaerent.
516 1372 577 1414 mas
599 1355 689 1433 pluris
707 1354 882 1428 nonhabet,
904 1354 1037 1430 quoniam
1059 1370 1115 1412 nna
1131 1372 1174 1413 ra·

182 1439 342 1498 dicenixus
354 1438 496 1516 estpalmi
516 1437 680 1512 altitudine,
701 1436 836 1511 candida,
860 1454 933 1515 quae
952 1446 1036 1513 gustu
1055 1437 1175 1496 adstrin-

182 1523 233 1597 git.
265 1522 388 1580 feminae
402 1521 472 1581 iolia
487 1537 608 1580 murram
618 1520 753 1579 redolent
767 1528 796 1579 et
808 1520 943 1580 densiora
959 1528 1031 1579 sunt.
1052 1538 1174 1580 nascun·
1185 1536 1207 1575 ιι

183 1614 228 1664 ιιι
243 1606 271 1663 iu
286 1605 376 1663 silvis.
405 1605 517 1665 tradunt
531 1612 619 1662 nocte
635 1594 824 1679 effodiendas,
839 1605 972 1681 qnoniam
986 1602 1109 1663 interdiu
1125 1622 1176 1683 pe-

182 1688 338 1747 riculosum
354 1687 391 1746 sit
404 1690 472 1767 pico
488 1688 590 1748 blartio
606 1688 742 1766 impetum
756 1687 784 1745 in
799 1687 901 1746 oculos
924 1687 1064 1767 iaciente,
1095 1688 1177 1747 radix

181 1788 254 1831 vero
266 1789 329 1831 cnm
345 1771 506 1846 eliodiatnr,
521 1771 681 1849 periculum
696 1787 762 1829 esse
773 1788 809 1829 ne
820 1768 907 1829 sedes
918 1769 1059 1849 procidat,
1074 1788 1177 1847 magna

141 1865 175 1919 86
185 1856 311 1915 ιιιίιιιι
329 1854 365 1913 ad
382 1857 603 1914 ostentationem
616 1855 661 1914 rei
675 1854 770 1913 lictum
786 1853 917 1913 arbitror.
945 1872 1013 1913 usus
1029 1854 1058 1912 in
1074 1853 1121 1914 his
1138 1854 1176 1914 di-

183 1956 295 1997 versus.
326 1936 412 1999 rubra
432 1932 523 2014 grana
545 1937 675 1998 rubentis
695 1954 810 1996 meuses
832 1939 934 1996 sistunt
947 1937 1002 1997 XV
1022 1936 1086 1996 iere
1108 1946 1209 2017 potare
1239 1956 1240 1973 ¹

183 2024 211 2081 in
224 2024 292 2080 vino
302 2021 395 2097 nigro.
421 2023 503 2097 nigra
518 2038 608 2097 grana
623 2020 719 2080 volvis
733 2020 882 2079 medentur
894 2038 932 2079 ex
946 2037 1033 2098 passo
1050 2030 1098 2080 aut
1109 2023 1175 2080 rino

183 2104 303 2166 totidem
318 2110 397 2181 pota.
426 2104 509 2163 radix
523 2104 616 2163 omnis
633 2105 742 2163 ventris
764 2103 882 2163 dolores
898 2104 980 2163 sedat
1000 2104 1029 2162 in
1048 2105 1116 2163 vino
1135 2102 1175 2162 al·

183 2203 308 2263 remque
319 2194 439 2263 purgat,
460 2194 542 2245 sanat
556 2187 786 2263 opisthotonum,
804 2184 932 2246 morbum
949 2187 1071 2263 regium,
1087 2188 1175 2261 renis,

183 2270 328 2343 vesicam,
349 2270 481 2328 arteriam
503 2278 596 2328 autem
610 2278 640 2328 et
659 2270 833 2329 stomachum
851 2270 973 2329 decocta
996 2271 1024 2328 in
1039 2272 1118 2344 vino,
1135 2268 1174 2328 al·

183 2369 307 2430 remque
319 2352 403 2410 sistit.
427 2360 506 2411 estur
522 2354 606 2411 etiam
620 2354 650 2412 in
661 2352 813 2429 alimentis,
831 2353 883 2413 sed
897 2355 926 2411 in
937 2352 1078 2413 medendo
1095 2359 1173 2431 quat
1183 2372 1211 2412 ec

109 2449 113 2461 “
142 2445 175 2500 87
186 2445 251 2495 ιιοι
266 2434 419 2494 drachmae
434 2437 503 2495 satis
519 2444 593 2494 sunt.
614 2452 704 2511 grana
718 2436 799 2511 nigra
809 2435 978 2495 auxiliantur
994 2444 1023 2495 et
1037 2454 1174 2514 suppres-

185 2517 315 2577 sionibus
342 2520 490 2577 nocturnis
516 2518 546 2576 in
574 2517 641 2577 vino
670 2527 739 2597 pota
770 2536 827 2598 quo
851 2518 954 2578 dictum
982 2527 1027 2578 est
1047 2534 1175 2594 numero,

151 2595 368 2660 stomachicis
383 2618 454 2660 vero
471 2610 500 2660 et
517 2600 681 2660 rosionibus
696 2612 725 2661 et
737 2619 803 2662 esse
818 2619 853 2661 ea
868 2611 896 2661 et
909 2602 1029 2661 inlinere
1045 2603 1174 2680 prodest.

184 2684 409 2762 suppurationes
430 2701 547 2762 quoque
568 2683 771 2759 discutiuntur,
796 2695 931 2745 recentes
953 2687 1037 2761 nigro
1054 2687 1175 2785 semine,

184 2766 415 2826 veteres‘rubro.
445 2776 594 2845 utrumqne
614 2769 766 2829 auxiliatur
784 2786 800 2826 a
818 2778 955 2846 serpente
976 2770 1124 2846 percussis
1147 2776 1215 2827 etao

186 2849 285 2928 pueris
299 2859 399 2910 contra
411 2851 542 2910 calculos
558 2851 714 2930 incipiente
730 2854 900 2927 stranguria.

143 2941 179 2995 88
250 2932 334 3011 (ot.)
358 2932 544 3011 Gnaphalium
559 2934 645 3012 aliqui
659 2934 859 2995 chamaezelon
871 2944 987 3014 vocant,
1002 2935 1082 2994 cuius
1098 2934 1177 2994 ioliis

187 3014 260 3075 albis
281 3016 474 3115 mollibusque
491 3032 545 3095 pro
560 3026 687 3079 tomento
701 3026 831 3091 utuntur,
847 3034 917 3078 saue
938 3028 967 3078 et
985 3017 1087 3078 similia
1103 3026 1177 3077 sunt.

187 3098 291 3158 datur
282 3117 311 3158 ur
324 3100 390 3159 vino
406 3108 523 3161 austero
538 3100 574 3159 ad
591 3101 785 3189 dysinteriam,
802 3102 911 3160 ventris
924 3102 1085 3161 solutiones
1100 3118 1177 3161 men-

186 3199 293 3259 sesque
307 3184 454 3244 mulierum
470 3184 552 3244 sistit.
572 3176 728 3245 iniuaditur
741 3190 834 3243 autem
846 3192 985 3245 tenesmo
1006 3182 1134 3244 inlinitur
1149 3193 1180 3243 et
1187 3204 1215 3245 us

185 3268 417 3343 putrescentibus
431 3267 567 3328 ulcerum.

143 3359 179 3414 89
250 3348 339 3428 (62.)
355 3350 545 3428 Gallidragam
553 3358 640 3409 vocat
647 3348 827 3410 Xenocrates
838 3348 1027 3411 leucacantho
1044 3349 1192 3427 similem,

187 3432 342 3510 palustrem
368 3443 398 3494 et
418 3438 577 3515 spinosam,
605 3432 689 3493 caule
708 3431 857 3495 ferulaceo
882 3432 959 3511 alto,
988 3434 1034 3493 cui
1065 3451 1177 3495 summo
