2484 3817
291 183 370 232 nar.
391 182 481 230 ausu.
503 182 624 230 xxm.
647 181 765 234 lar-15.
786 167 934 252 (19-24.)
1054 167 1112 232 123

337 314 339 319 ·
575 304 578 311 ’
773 305 779 330 l

118 357 202 401 xuma
225 336 319 397 moles
343 337 396 396 luit
416 344 471 398 ne'c
495 335 620 397 seditio
641 335 748 413 cubili,
772 336 857 395 anxio
879 335 990 396 artifice
1009 337 1111 396 mortis

118 423 312 483 destinatione
327 438 471 497 suprema.
505 419 619 479 tradunt
634 420 664 478 in
686 437 721 480 ea
738 420 918 496 cogitatione
934 419 1043 480 lessum
1057 439 1108 480 no·
1119 429 1152 486 97

117 516 218 568 oturno
236 514 369 584 tempore
392 506 422 563 in
443 505 543 582 quiete
557 501 668 562 vidisse
683 511 869 581 praesentem
884 501 966 562 deam
979 507 1024 564 oui
1040 514 1111 566 tem·

116 591 194 670 plum
215 591 299 651 lieret
321 588 485 648 hortantem
504 595 536 647 ut
550 588 681 663 viveret,
704 605 737 646 se
759 587 953 670 conpopuisse
973 587 1107 667 lapidem,

92 669 202 754 satque
218 677 257 734 ita
275 682 394 752 postera
407 671 473 732 luce
487 671 630 750 adparuit,
643 669 774 748 pondere
786 673 851 749 ipso
867 678 1017 731 correctus
1031 673 1110 734 vide-

116 760 207 821 batur.
232 765 333 817 cetera
349 757 411 816 eius
430 757 529 834 operis
545 761 711 814 ornamenta
726 753 848 831 plurium
863 753 1003 815 librorum
1019 756 1110 817 instar

115 843 247 922 optinent
262 840 332 900 nihil
348 840 383 900 ad
402 840 530 917 speciem
545 845 665 898 naturae
680 839 864 915 pertinentia.

178 928 226 986 15.
254 923 336 1002 (22.)
367 923 458 983 Durat
480 931 511 983 et
534 920 633 998 Cyzici
660 920 827 998 delubrum,
857 924 886 981 iu
915 938 973 1000 quo
1000 915 1154 989 millumas

66 1041 71 1052 ι
114 1027 232 1070 aureum
253 1008 441 1067 commissuris
466 1005 597 1066 omnibus
619 1004 703 1084 politi
725 1005 827 1084 lapidis
848 1007 973 1067 subiecit
992 1006 1109 1081 artilex,

77 1093 255 1157 aoeboreum
276 1089 377 1149 lovem
403 1090 546 1150 dicaturus
573 1090 650 1148 intus
670 1097 830 1150 coronante
856 1108 921 1150 eum
947 1106 1109 1150 marmoreo

115 1173 262 1253 Apolline.
288 1173 466 1233 translucent
479 1190 551 1251 ergo
568 1175 717 1234 iuncturae
732 1175 909 1234 tenuissimis
925 1174 1109 1253 capillamen-

115 1262 152 1318 tis
167 1259 285 1337 lenique
302 1254 407 1317 adflatu
425 1257 576 1318 simulacra
590 1258 744 1335 refovent,
766 1267 797 1318 et
816 1265 937 1336 praeter
962 1260 1110 1336 ingenium

114 1343 232 1402 artificis
247 1344 311 1420 ipsa
326 1343 445 1402 materia
456 1343 579 1419 ingeriei
591 1343 719 1421 quamvis
732 1341 845 1403 occulta
853 1342 884 1400 in
898 1343 993 1419 pretio
1007 1344 1107 1422 operis

114 1422 220 1487 intelle
238 1428 304 1486 itur.
544 1484 546 1491 ,
1074 1465 1079 1480 .

78 1529 104 1569 ac
177 1445 258 1590 (hg.)
285 1509 397 1570 Eodem
417 1512 446 1569 in
468 1510 576 1588 oppido
602 1518 648 1568 est
672 1508 746 1586 lapis
767 1508 908 1585 fugitivos
930 1509 1151 1588 appellatus,99

113 1595 301 1672 Argonautae
316 1611 353 1654 eo
371 1611 425 1671 pro
446 1610 551 1652 ancora
566 1594 610 1651 usi
628 1592 808 1670 reliquerant
829 1592 880 1653 ibi.
918 1592 992 1652 hunc
1007 1613 1024 1653 e
1041 1611 1109 1672 pry-

113 1688 199 1738 taneo
230 1713 266 1721 —
295 1679 335 1735 ita
360 1684 481 1734 uocatur
508 1676 590 1734 locus
617 1707 660 1720 -
686 1692 777 1754 saepe
806 1677 962 1755 prologum
985 1678 1108 1738 vinxere

113 1762 239 1840 plumbo.
274 1758 383 1827 Eadem
397 1760 427 1816 in
443 1758 516 1817 urbe
535 1760 614 1817 iuxta
631 1767 752 1836 portam,
762 1777 836 1841 quae
851 1759 972 1821 'lhraoia
987 1769 1109 1822 vocatur

113 1853 209 1905 turres
226 1851 339 1921 septem
353 1850 488 1920 acceptas
506 1858 596 1901 voces
612 1859 767 1903 numeroso
782 1861 957 1923 repercussu
973 1844 1107 1922 multipli-

78 1938 188 1989 aocaut.
244 1944 348 1986 nomen
374 1925 439 1985 huic
467 1925 606 1985 miraculo
635 1924 716 1986 Echo
745 1935 791 1986 est
817 1947 834 1990 a
862 1927 980 1988 Graecis
1001 1927 1105 1989 datum.

113 2021 144 2072 et
158 2011 214 2071 hoc
229 2010 343 2089 quidem
358 2009 489 2069 locorum
505 2017 604 2069 natura
626 2011 725 2084 evenit
738 2029 772 2070 ac
788 2011 957 2090 plerumque
972 2011 1150 2076 courel-100

112 2096 197 2173 lium,
211 2095 252 2154 ibi
271 2092 470 2169 casuaocidit,
489 2092 639 2172 Olympiae
659 2103 755 2155 autem
768 2105 849 2173 arte,
870 2095 994 2156 mirabili
1009 2095 1107 2172 modo,

111 2181 142 2239 in
160 2179 275 2258 porticu
296 2195 378 2257 quam
399 2176 437 2236 ob
455 2177 484 2237 id
497 2177 710 2255 'heptaphonon
725 2179 890 2258 appellant,
912 2182 1045 2258 quoniam
1061 2199 1107 2239 se·

112 2265 207 2342 ptiens
230 2261 331 2324 eadem
355 2279 414 2321 vox
435 2261 572 2322 redditur.
613 2259 711 2337 Cyzici
732 2271 762 2322 et
784 2263 977 2324 buleuterium
1000 2272 1106 2323 vocant

77 2347 272 2407 maedibcium
288 2345 410 2424 amplum
429 2347 492 2404 sine
508 2346 608 2415 ferreo
633 2345 732 2422 clavo,
749 2347 789 2406 ita
802 2347 943 2426 disposita
959 2350 1106 2424 contigna-
1218 2349 1229 2374 ·

112 2432 193 2490 tione
208 2438 239 2490 ut
253 2432 414 2490 eximantur
430 2429 529 2489 trabes
545 2430 609 2489 sine
627 2428 741 2490 luituris
762 2447 796 2490 ac
812 2438 1006 2509 reponantur,
1027 2431 1105 2510 quod

111 2515 182 2572 item
198 2511 309 2573 Romae
330 2515 360 2573 in
377 2522 467 2592 ponte
491 2512 614 2572 sublicio
636 2511 805 2590 religiosum
832 2523 894 2591 est,
917 2522 1104 2593 posteaquam

114 2594 227 2656 coclite
241 2595 362 2656 lloratio
376 2597 552 2659 defendente
569 2614 660 2673 aegre
678 2598 811 2659 revolsus
830 2607 884 2658 est.

175 2678 256 2757 (24.)
277 2679 385 2738 Verum
399 2689 429 2740 et
444 2680 480 2740 ad
493 2680 573 2740 urbis
589 2688 707 2740 nostrae
722 2683 858 2742 miracula
873 2683 997 2741 transire
1014 2693 1143 2746 con-101

77 2765 208 2823 mueniat
228 2758 387 2839 DCCune
408 2781 546 2824 annorum
564 2763 667 2823 docilis
691 2767 812 2826 scrutari
830 2766 900 2825 viris
925 2774 954 2824 et
975 2767 1018 2825 sic
1033 2782 1104 2842 quo·

113 2865 172 2925 que
181 2855 321 2907 terrarum
337 2845 437 2905 orbem
448 2850 556 2907 victum
568 2847 736 2926 ostendere,
750 2848 826 2926 quod
836 2847 977 2908 accidisse
993 2852 1102 2909 totiens

113 2927 206 3009 paeu'e
218 2929 295 3008 quod
311 2930 476 2990 referentur
487 2931 633 3006 nimenta,
648 2931 809 3009 adparebit‚
824 2933 1013 2992 universitate
1028 2951 1101 2993 vero

112 3023 246 3074 acervata
269 3022 299 3072 et
327 3014 357 3072 iu
386 3014 527 3090 quendam
553 3031 637 3073 uuum
665 3014 804 3074 cumulum
829 3017 942 3076 coiecta
967 3017 1101 3076 nonalia
1132 3090 1134 3094 .
1240 3019 1241 3056 i

112 3097 277 3175 magnitudo
298 3105 438 3173 exsurget
459 3099 587 3174 quamsi
608 3096 729 3157 mundus
754 3097 825 3159 alius
848 3099 960 3178 quidam
988 3101 1018 3158 in
1043 3118 1100 3159 uno
1239 3093 1240 3102 ’

78 3180 179 3240 atloco
194 3189 334 3241 narretur.
379 3180 423 3258 {ll
444 3178 505 3249 Ne,
529 3189 558 3239 ut
572 3181 680 3241 circum
693 3199 850 3242 maxumum
865 3201 882 3242 a
897 3181 1024 3244 Caesare
1040 3182 1080 3242 di·
1093 3195 1143 3249 102
1236 3175 1239 3236 l

112 3272 225 3324 ctatore
242 3271 417 3329 exstructum
437 3263 617 3340 longitudine
639 3263 795 3326 stadiorum
823 3268 923 3344 trium,
950 3266 1100 3328 latitudine
1237 3267 1238 3276 ’

112 3349 213 3423 unius,
228 3347 281 3407 sed
297 3366 359 3408 oum
374 3347 512 3407 aediliciis
523 3348 655 3423 iugerum
667 3357 850 3428 quaternum,
865 3350 1014 3410 adsedem
1029 3352 1100 3419 δεῖ

112 3433 189 3492 inter
204 3448 305 3510 magna
325 3449 416 3512 opera
438 3432 582 3507 dicamus,
606 3447 664 3491 non
688 3435 765 3492 inter
785 3434 933 3514 magnilica
951 3435 1099 3496 basilicam

1233 3509 1235 3551 l
