2484 3817
141 218 182 277 22
478 228 508 275 c.
524 226 783 275 rnmrsucnrvor

142 382 365 462 praegnatibus,
389 383 453 459 ipsa
476 398 549 439 vero
571 387 671 440 contra
692 378 884 437 infirmitatem
904 376 1060 452 stomachi,
1086 376 1136 437 sed

142 467 270 526 nonnisi
289 484 327 525 ex
343 474 427 525 aceto
442 463 527 523 iacile
543 462 717 521 manduntur.

100 560 152 615 106
213 549 294 627 (57.)
331 548 430 609 Punici
456 546 521 605 mali
548 562 652 604 novem
679 562 790 621 genera
813 562 888 603 nunc
912 546 1012 605 iterari
1038 562 1136 622 super·

100 651 169 695 nnn
185 650 312 693 vacuum.
344 630 389 691 Ex
409 632 453 690 his
474 629 580 704 dulcia,
602 645 677 704 quae
691 645 818 705 apyrena
833 627 891 688 alio
910 630 1024 687 nomine
1041 628 1137 705 appel-

143 716 274 792 lavimus,
290 715 437 775 stomacho
456 711 564 772 inutilia
578 709 733 786 habentur,
752 710 915 771 inflationes
930 714 1054 789 pariunt,
1070 711 1159 770 deu-5

143 801 180 859 tis
195 801 387 879 gingivasque
416 796 545 869 laedunt,
565 812 640 871 quae
658 812 730 853 vero
746 794 781 853 ab
805 795 850 854 his
871 812 978 872 sapore
1000 810 1138 872 proxuma

101 900 129 939 n.
140 900 173 937 aa
185 885 289 943 vinosa
312 882 447 953 diximus,
467 894 585 954 parvom
607 878 740 938 nucleum
756 878 901 953 habentia,
918 878 1036 937 utiliora
1052 877 1136 955 paulo

143 966 359 1044 intelleguntur.
396 962 489 1021 alvom
507 962 612 1019 sistunt
628 970 658 1019 et
674 961 861 1036 stomachum,
891 960 1036 1021 dumtaxat
1050 978 1139 1038 pauca

144 1052 274 1128 citraque
304 1050 472 1107 satietatem.
519 1052 549 1134 ep
580 1043 653 1103 baec
682 1046 806 1103 minume
834 1044 942 1120 danda,
974 1061 1140 1122 quamquam

145 1136 259 1193 omnino
280 1130 372 1203 nulla,
396 1130 425 1186 in
446 1126 540 1203 febri,
570 1145 625 1186 nec
645 1145 731 1186 carne
752 1130 898 1187 acinorum
912 1128 974 1187 utili
987 1146 1044 1187 nec
1059 1144 1136 1187 suco.
1148 1145 1172 1185 ro

102 1226 153 1281 107
165 1223 302 1275 caventur
313 1229 404 1288 aeque
420 1210 627 1270 vomitionibus
646 1230 680 1269 ac
694 1210 785 1269 bilem
798 1211 997 1270 reicientibus.
1013 1228 1096 1269 uvam
1110 1212 1140 1268 in

146 1298 190 1357 bis
205 1313 294 1353 -ac
311 1312 347 1352 ue
369 1302 492 1352 mustum
507 1295 640 1371 quidem,
656 1293 709 1354 sed
721 1295 854 1372 protinus
866 1295 1015 1353 viuum—
1027 1295 1141 1371 aperuit

143 1389 260 1455 natura,
285 1385 436 1453 utrumque
460 1379 613 1455 asperiore
638 1379 757 1437 cortice.
792 1377 839 1436 bic
858 1377 972 1438 acerbis
990 1378 1022 1437 in
1036 1394 1139 1453 magno

142 1482 204 1523 usu.
240 1460 344 1537 volgus
367 1460 447 1520 coria
466 1478 596 1519 maxume
619 1460 735 1538 perlicit
757 1461 818 1520 illo.
855 1462 893 1519 ob
914 1460 943 1520 id
964 1460 1140 1520 malicorium

142 1545 288 1623 appellant
312 1542 423 1602 medici.
461 1546 569 1603 urinam
584 1546 656 1621 cieri
674 1544 777 1603 eodem
794 1552 971 1620 monstrant,
993 1545 1138 1621 mixtaque
1149 1565 1174 1605 15

141 1629 217 1705 galla
238 1629 268 1686 in
287 1634 372 1685 aceto
393 1626 545 1686 decoctum
562 1626 678 1687 mobilis
701 1626 796 1687 deutis
819 1627 960 1687 stabilire.
992 1628 1140 1706 expetitur

141 1712 320 1788 gravidarum
334 1709 488 1785 melaniae,
512 1712 646 1788 quoniam
659 1718 777 1787 gustatu
794 1720 909 1771 moveat
923 1712 1068 1771 infantem.
1100 1710 1140 1768 di-

140 1795 246 1855 viditur
265 1792 368 1851 malum
385 1793 565 1872 caelestique
584 1812 657 1872 aqua
672 1794 811 1854 madescit
830 1797 920 1855 ternis
942 1796 1007 1855 fere
1026 1793 1138 1854 dicbus.

140 1878 212 1937 baec
226 1876 335 1935 bibitur
350 1876 454 1954 frigida
473 1879 610 1939 coeliacis
628 1888 658 1938 ct
675 1880 842 1955 sauguinem
857 1878 1087 1938 exscreantibus.

98 1972 150 2025 108
213 1960 293 2037 (58.)
322 1958 368 2019 Ex
386 1961 493 2020 acerbo
515 1962 547 2020 fit
567 1963 804 2023 medicamentum
825 1962 902 2039 quod
924 1961 1075 2021 stomatice
1084 1972 1140 2019 vo·
1149 1984 1175 2024 ro

141 2051 235 2118 catur,
257 2042 438 2116 utilissimum
454 2046 514 2103 oris
529 2046 627 2121 vitiis,
646 2048 773 2122 narium,
788 2046 916 2121 aurium,
932 2044 1082 2104 oculorum
1096 2061 1141 2102 oa-

140 2128 237 2203 ligiui,
265 2128 424 2203 pterygiis,
454 2127 629 2203 genitalibus
654 2138 684 2187 et
707 2128 752 2187 his
774 2146 844 2205 quas
865 2145 964 2186 nomas
985 2134 1091 2187 vocant
1110 2135 1142 2185 et

141 2227 214 2286 quae
237 2210 267 2267 in
283 2208 430 2270 ulceribus
448 2218 631 2269 excrescunt.
667 2219 768 2269 contra
785 2210 918 2286 leporem
932 2210 1070 2267 marinum
1084 2209 1143 2269 boc

140 2291 243 2353 modo:
261 2293 350 2353 acinis
368 2293 498 2352 detracto
515 2294 627 2351 cortice
643 2295 734 2351 tunsis
751 2309 880 2368 sucoque
896 2291 1019 2351 decocto
1035 2292 1070 2351 ad
1083 2301 1141 2351 ter-

141 2377 215 2451 tias,
234 2374 300 2434 dein
316 2392 378 2434 cum
393 2378 472 2435 croci
488 2382 518 2434 et
534 2375 664 2436 aluminis
676 2376 779 2451 scissi,
794 2391 925 2450 murrae,
941 2374 1036 2433 mellis
1048 2375 1179 2435 Atticino

99 2470 149 2523 109
161 2459 287 2518 selibris.
320 2458 374 2517 alii
398 2467 429 2518 et
445 2458 501 2517 boc
515 2456 600 2517 modo
616 2459 739 2519 iaciunt:
762 2458 866 2534 punica
881 2456 960 2516 acida
976 2457 1063 2516 multa
1078 2467 1143 2517 tun-

140 2540 260 2619 duntur,
277 2559 361 2601 sucus
376 2544 406 2600 in
421 2541 528 2601 cacabo
545 2558 621 2600 novo
638 2541 772 2618 coquitur
788 2540 882 2600 mellis
899 2540 1090 2599 crassitudine
1107 2542 1143 2601 ad

139 2625 286 2683 virilitatis
307 2633 338 2683 et
359 2624 438 2683 sedis
460 2625 530 2683 vitia
551 2633 581 2683 et
599 2620 693 2685 omnia
708 2640 781 2701 quae
797 2623 875 2698 lycio
890 2632 1040 2699 curantur,
1062 2625 1142 2683 auris

141 2707 327 2785 purulentas,
345 2707 501 2785 epiphoras
524 2709 707 2786 incipientis,
732 2707 835 2767 rubras
855 2706 980 2767 maculas
1001 2708 1031 2765 in
1052 2709 1142 2768 maui-

141 2791 204 2851 bus.
236 2792 305 2849 rami
319 2793 488 2869 punicorum
501 2793 647 2869 serpentis
659 2792 768 2868 fugant.
791 2792 903 2851 cortice
914 2792 1010 2869 punici
1023 2810 1061 2849 ex
1072 2792 1142 2849 vino
1153 2802 1182 2842 ³0

142 2874 218 2933 cocti
241 2882 271 2932 et
290 2875 409 2951 inpositi
432 2874 590 2952 perniones
614 2884 758 2935 sanantur.
789 2883 959 2934 coutnnsum
980 2874 1083 2932 malum
1103 2892 1143 2931 ex

141 2957 233 3015 tribus
254 2958 375 3016 heminis
393 2959 452 3017 viui
468 2958 618 3017 decoctum
634 2958 669 3017 ad
688 2959 829 3018 heminam
844 2960 966 3017 tormina
981 2966 1011 3017 et
1030 2958 1142 3016 taenias

120 3046 123 3050 '
141 3039 233 3119 pellit.
264 3042 396 3117 punicum
411 3044 441 3100 in
458 3039 515 3101 olla
541 3059 632 3119 nova,
653 3042 810 3119 coperculo
825 3041 926 3117 inlito,
947 3042 977 3100 iu
991 3041 1074 3100 iuruo
1090 3058 1142 3099 ex-

141 3132 236 3183 ustum
259 3132 289 3181 et
309 3126 462 3184 contritum
484 3132 641 3203 potumque
659 3127 688 3183 iu
703 3126 771 3185 vino
792 3125 870 3185 sistit
887 3124 997 3200 alvom,
1024 3123 1143 3182 discutit

142 3207 272 3265 tormina.
500 3230 501 3235 ¹
1047 3262 1051 3269 ,
1154 3223 1182 3262 aa

101 3300 151 3352 110
214 3290 294 3368 (59.)
326 3290 437 3352 Primus
458 3293 535 3369 pomi
550 3290 633 3349 huius
650 3298 747 3367 partus
764 3289 872 3349 llorere
888 3290 1053 3367 incipientis
1068 3291 1143 3366 cyti-

142 3391 194 3431 nus
211 3368 333 3434 vocatur
345 3393 360 3434 a
376 3372 511 3450 Graecis,
525 3375 614 3432 mirae
632 3372 846 3432 observationis
860 3373 1013 3431 multorum
1023 3375 1144 3450 experi-

142 3464 249 3517 mento.
278 3460 303 3519 si
324 3460 387 3536 quie
411 3475 496 3515 unum
514 3474 551 3516 cx
569 3456 613 3515 his
634 3457 745 3517 solutus
760 3456 875 3515 viuculo
892 3456 967 3514 omni
983 3456 1095 3514 cinctus
1111 3465 1145 3515 et
