2484 3817
176 160 236 222 160
485 170 515 218 c.
538 170 634 217 enum
655 168 803 218 suouum

174 330 255 405 gissa
271 325 398 398 tradunt,
416 330 445 381 et
463 323 551 400 aliqui
570 324 683 382 nomine
707 340 822 401 quoque
841 324 1022 383 consalutare
1043 324 1161 401 religio·

133 421 167 474 at
179 407 238 469 sius
255 407 374 487 putant?
400 408 474 481 Quin
489 416 518 464 et
530 406 657 466 absentis
673 409 772 466 tinnitu
787 408 892 465 aurium
906 410 1084 484 praesentire
1101 428 1163 468 ser-

175 512 275 553 mones
291 486 327 551 de
346 510 378 550 se
393 498 542 568 receptum
557 499 610 549 est.
639 490 751 549 Attalus
767 489 905 565 adfirmat,
925 492 1082 567 scorpione
1097 494 1162 550 viso

175 578 200 636 si
218 579 281 653 quis
298 576 375 634 dicat
389 574 474 649 duo,
499 573 630 633 cohiberi
651 590 706 633 nec
729 573 844 632 vibrare
867 574 949 633 ictus.
981 582 1010 633 et
1029 577 1164 652 quoniam

175 662 292 737 scorpio
309 658 466 730 admonuit,
488 658 516 714 in
530 657 631 715 Africa
647 674 729 715 nemo
745 656 867 717 destinat
888 657 994 735 aliquid
1009 660 1063 716 nisi
1081 676 1190 735 prae-s

174 742 249 801 latus
266 742 412 816 Africam,
434 742 462 797 in
478 742 584 797 ceteris
598 757 668 798 vero
683 738 816 815 gentibus
832 741 904 799 deos
920 750 985 799 ante
1003 749 1164 818 optestatus

173 834 204 883 ut
218 825 317 885 velint.
337 841 401 882 nam
415 824 439 881 si
450 839 548 881 mensa
563 822 646 896 adsit,
665 823 777 882 anulum
788 840 897 900 ponere
913 824 1073 882 tralaticium
1085 824 1164 882 vide·

173 926 246 985 mus,
259 909 392 986 quoniam
403 908 486 964 etiam
494 914 584 964 muas
596 905 875 984 religionespollere
884 907 1062 965 manifestum
1075 910 1164 964 esttt.
1240 908 1241 985 l

133 1001 166 1054 25
178 992 249 1050 alius
267 991 357 1051 saliva
372 995 439 1066 post
449 1004 545 1046 aurem
558 987 648 1063 digito
665 988 755 1048 relata
768 989 985 1048 sollicitudinem
1002 992 1083 1049 animi
1098 1008 1165 1066 pro·
1240 998 1241 1011 ¹

176 1076 267 1153 pitiat.
311 1072 451 1151 pollices,
478 1089 541 1129 cum
563 1070 726 1146 faveamus,
751 1090 883 1149 premere
898 1074 982 1131 etiam
1007 1072 1202 1150 proverbium

176 1156 315 1217 iubemur.
348 1156 376 1215 in
393 1154 539 1215 adorando
552 1154 684 1214 dextram
699 1155 734 1214 ad
750 1156 879 1213 osculum
893 1156 1046 1214 referimus
1062 1164 1164 1215 totum-

177 1258 233 1317 que
250 1256 357 1317 corpos
373 1240 599 1313 circumagimus,
615 1238 692 1315 quod
706 1240 733 1296 in
750 1238 863 1297 laevom
875 1238 983 1297 fecisse
996 1238 1104 1297 Galliae
1120 1258 1165 1297 re·

176 1323 308 1399 ligiosius
332 1320 462 1380 credunt.
501 1322 642 1397 fulgetras
666 1323 834 1399 poppysmis
859 1321 980 1380 adorare
1006 1338 1166 1380 consensus

135 1415 169 1469 26
180 1407 307 1483 gentium
324 1414 377 1463 est.
409 1404 540 1463 incendia
555 1407 629 1463 inter
645 1405 746 1482 epulas
765 1407 907 1463 nominata
921 1406 1003 1482 aquis
1019 1404 1071 1463 sub
1087 1423 1165 1463 men·

176 1506 237 1548 sam
255 1487 381 1566 profusis
395 1487 599 1547 abominamur.
631 1488 787 1547 recedente
804 1488 898 1565 aliquo
921 1487 956 1545 ab
973 1488 1066 1565 epulis
1081 1488 1165 1547 simul
1177 1506 1202 1545 15

176 1573 253 1630 verri
277 1571 371 1630 solum
392 1580 439 1630 aut
458 1569 575 1629 bibente
597 1572 717 1629 conviva
738 1587 864 1629 mensam
890 1570 938 1629 vel
963 1573 1164 1647 repositorium

177 1654 241 1713 tolli
255 1654 542 1733 inauspicatissimum
556 1653 703 1713 iudicatur.
734 1656 816 1712 Servi
833 1653 942 1731 Sulpici
958 1655 1097 1733 principis
1112 1656 1165 1713 viri
1240 1716 1241 1725 χ

178 1739 378 1799 commentatio
391 1736 628 1815 estquamobrem
639 1754 736 1797 mensa
749 1736 900 1815 linquenda
912 1754 968 1795 non
980 1738 1026 1812 sit,
1039 1737 1161 1797 nondum
1238 1726 1241 1815 l

178 1822 251 1881 enim
266 1821 366 1899 plures
385 1838 467 1897 quam
483 1823 624 1880 convivae
638 1820 866 1879 numerabantur.
895 1838 958 1879 nam
969 1829 1163 1879 sternumento
1240 1820 1241 1865 l

176 1906 311 1963 revocari
326 1904 465 1962 ferculum
477 1920 657 1978 mensumn,
676 1906 700 1963 si
716 1922 771 1963 non
785 1912 886 1981 postea
901 1912 1030 1979 gustetur
1048 1903 1165 1981 aliquid,
1174 1922 1200 1961 ac
1240 1894 1241 1989 l

136 1996 169 2050 27
181 1989 255 2045 inter
276 1985 353 2045 diras
372 1985 510 2062 babetur,
536 1995 584 2045 aut
599 1988 713 2046 omnino
735 2005 792 2046 non
808 2004 884 2045 esse.
916 1986 995 2045 llaec
1015 1988 1165 2046 instituere
1240 1996 1241 2055 l

178 2069 219 2128 illi
242 2069 290 2145 qui
312 2068 442 2127 omnibus
457 2071 583 2145 negotiis
603 2070 739 2147 horisque
754 2072 894 2128 iuteresse
910 2068 1066 2129 credebant
1081 2070 1163 2145 deos,
1240 2066 1241 2115 l

179 2160 209 2210 ct
222 2150 289 2209 ideo
306 2152 436 2227 placatos
454 2154 536 2211 etiam
553 2154 628 2211 vitiis
650 2156 756 2211 uostris
771 2152 956 2229 reliquerunt.
987 2154 1053 2231 quin
1073 2162 1100 2211 ct
1117 2172 1163 2212 re·

178 2242 265 2311 pente
284 2234 474 2294 conticiscere
490 2236 650 2294 convivium
666 2236 828 2295 adnotatum
848 2243 892 2294 est
913 2237 1038 2293 nonnisi
1055 2236 1161 2313 inpari

179 2316 372 2393 praesentium
389 2334 517 2391 numero,
534 2320 616 2395 isque
633 2319 725 2377 lamae
740 2317 823 2377 labor
841 2327 886 2378 est
903 2317 937 2377 ad
955 2336 1162 2397 quemcumque
1174 2337 1199 2376 25
1240 2342 1241 2381 l

180 2415 279 2464 eorum
295 2401 449 2476 pertinens.
479 2400 560 2458 cibus
575 2405 692 2461 etiams
714 2419 795 2460 manu
816 2400 969 2479 prolapsus
990 2400 1163 2461 reddebatur

178 2484 277 2559 utique
298 2499 351 2559 per
364 2500 494 2557 mensas,
515 2484 706 2561 vetabantque
725 2484 920 2543 munditiarum
937 2500 1023 2543 causa
1044 2484 1163 2559 dedere,

179 2574 209 2623 et
223 2573 288 2623 sunt
303 2565 418 2625 condita
428 2568 556 2643 auguria,
571 2569 639 2645 quid
653 2568 781 2645 loquenti
790 2568 963 2643 cogitantive
978 2566 1005 2626 id
1017 2567 1164 2643 acciderit,

177 2650 252 2707 inter
267 2650 514 2725 exsecratissimae,
536 2651 560 2708 si
574 2652 700 2728 pontilici
714 2651 823 2711 accidat
840 2650 910 2708 dicis
925 2666 1010 2709 causa
1026 2650 1163 2728 epulanti.

149 2740 153 2751 ·
180 2732 208 2789 in
225 2735 324 2790 mensa
343 2733 440 2809 utique
466 2734 494 2793 id
515 2736 617 2811 reponi
638 2734 806 2812 adolerique
827 2734 863 2793 ad
884 2733 972 2792 larem
996 2734 1083 2810 piatio
1107 2742 1199 2791 estat

138 2824 172 2877 28
182 2814 386 2874 Medicamenta
403 2817 564 2893 priusquam
579 2817 765 2877 adhibeantur
779 2819 807 2875 in
822 2833 920 2875 mensa
938 2816 1015 2875 iorte
1031 2814 1163 2893 deposita

179 2906 287 2973 negant
303 2898 454 2974 prodesse.
484 2902 587 2975 unguis
608 2902 736 2961 resecari
757 2900 886 2959 nundinis
901 2898 1036 2958 Romanis
1057 2900 1163 2959 tacenti

180 2989 266 3058 atque
281 2998 297 3039 a
313 2980 401 3057 digito
416 2980 510 3040 indice
524 2984 672 3043 multorum
694 2984 832 3060 pecuniae
851 2982 1017 3058 religiosum
1032 2991 1092 3053 est,
1115 2998 1162 3039 ca·

181 3064 278 3141 pillum
301 3081 372 3123 vero
395 3073 492 3124 contra
512 3067 575 3124 eius
600 3067 721 3125 defluvia
747 3083 781 3124 ac
806 3065 924 3124 dolores
952 3065 1054 3141 capitis
1071 3063 1161 3124 XVll.

181 3145 247 3204 luna
261 3154 346 3223 atque
360 3146 506 3207 XXVHll.
536 3148 651 3225 Pagana
668 3149 735 3225 lege
750 3150 778 3207 in
794 3148 940 3226 plerisque
959 3146 1058 3205 ltaliae
1080 3164 1161 3225 prae·
1172 3161 1196 3201 as

181 3227 235 3286 diis
256 3240 373 3289 cavetur
391 3249 428 3289 ne
449 3231 585 3291 mulieres
605 3250 658 3310 per
681 3233 782 3291 itinera
806 3230 982 3291 ambulantes
1008 3238 1164 3307 torqueant

180 3310 261 3370 lusos
274 3322 325 3371 aut
351 3316 464 3374 omniuo
490 3314 622 3375 detectos
646 3315 756 3391 ferant,
785 3316 916 3393 quoniam
937 3312 1106 3371 adversetur
1133 3310 1161 3369 id

139 3395 306 3457 momorum
332 3400 411 3476 spei,
445 3400 602 3479 praecipue
627 3398 748 3475 irugum.
794 3398 833 3459 ll.
853 3395 992 3458 Servilius
1012 3394 1160 3455 Nonianus
