2484 3817
299 194 380 241 uun.
394 193 483 241 mar.
498 194 594 241 xxvr.
610 194 654 245 ιι.
670 191 712 244 1a.
733 185 877 254 (us-tn)
1015 147 1072 243 iil

90 364 218 427 panaces
234 346 309 407 adeo
325 346 531 407 excalfactoria
543 356 643 407 namra
657 355 688 407 ut
703 365 756 425 per
767 348 861 407 nivern
877 347 958 407 ituris
972 345 1074 407 bibere

90 432 117 491 id
133 431 333 509 perunguique
356 446 392 489 eo
412 432 599 508 praecipiant.
631 440 660 489 et
676 430 861 491 aristolochia
883 431 1074 508 perfrictioni-

89 516 142 575 bus
156 514 275 573 resistit.

149 596 236 676 (72.)
257 595 446 656 Phreneticos
461 613 578 656 somnus
592 604 689 672 sanat,
711 597 759 674 qui
780 597 926 673 continget
949 609 1119 675 peuce-118

71 681 163 744 adano
188 697 227 739 ex
250 687 336 739 aceto
357 680 443 757 capiti
463 680 574 754 inluso,
601 678 792 755 anagallidum
813 696 893 739 suco.
922 680 1076 740 ediverso

90 762 268 839 lethargicos
292 764 422 823 excitare
450 762 605 837 laborest,
627 760 684 821 hoc
708 771 855 839 praestant
870 759 1077 839 Euphorbeum

91 865 135 919 er,
147 854 233 905 aceto
254 844 370 904 naribus
391 846 492 920 tactis,
516 844 676 922 peucedani
698 863 793 905 sucus.
824 842 931 903 Contra
952 845 1077 905 insanias

90 929 241 989 Vettonica
261 927 382 1005 bibitur,
401 928 592 989 carbunculos
612 929 716 1006 rumpit
736 946 880 1007 panaces,
909 936 989 987 sanat
1007 927 1076 989 Vet-

91 1013 205 1072 tonicae
229 1011 321 1071 lerina
351 1029 389 1072 cx
409 1029 482 1090 aqua
509 1020 557 1071 aut
581 1010 711 1071 brassica
738 1029 800 1070 cum
826 1020 904 1087 ture,
934 1010 1077 1088 frequenti

63 1105 159 1173 mpetu
181 1093 309 1169 calidae,
328 1093 378 1153 vel
399 1093 559 1155 ecarbone
581 1097 610 1153 in
634 1103 794 1173 conspectu
812 1096 950 1155 restincto
978 1093 1077 1153 iarilla

91 1180 178 1257 digito
197 1176 311 1237 sublata
326 1186 355 1236 et
370 1177 460 1252 inlita,
476 1176 524 1237 vel
540 1177 677 1256 plantago
694 1186 787 1236 tunsa.

150 1260 236 1339 (73.)
260 1259 435 1335 Tithyrualus
451 1260 612 1321 characites
627 1259 804 1338 hydropicos
816 1268 907 1336 sanat,
922 1278 1059 1339 panaces,
1068 1272 1119 1327 119

91 1345 227 1422 plantago
234 1344 263 1401 in
276 1342 354 1417 cibo,
370 1345 519 1420 cumprius
531 1361 634 1422 panem
646 1345 754 1403 siccum
766 1343 944 1403 comederint
957 1345 1077 1421 sinepo·

91 1436 129 1502 tu,
141 1427 297 1487 Vettonica
310 1426 452 1486 drachmis
459 1425 569 1487 duabus
576 1428 604 1485 iu
613 1426 724 1485 duobus
738 1426 912 1502 cyathisvini
921 1436 968 1487 aut
981 1428 1075 1501 mulsi,

62 1510 136 1573 asael
155 1510 302 1586 agaricum
323 1509 371 1568 vel
392 1528 490 1569 semen
503 1509 669 1569 lonchitidis
688 1509 797 1570 duabus
811 1509 928 1585 lingulis
948 1527 985 1569 er
1005 1526 1078 1587 aqua

90 1603 199 1671 potam,
217 1592 344 1671 psyllion
362 1610 398 1650 ex
416 1594 492 1669 vino,
506 1593 699 1669 anagallidum
714 1610 800 1653 sucus
808 1592 1013 1668 ,cotyledonis
1031 1611 1076 1653 ra·

90 1677 138 1737 dir
152 1695 169 1736 c
184 1676 289 1751 mulso,
304 1675 381 1735 ebuli
392 1678 517 1735 recentis
530 1675 613 1735 radix
627 1693 751 1739 excussa
763 1684 869 1734 tantum
883 1692 939 1733 uec
951 1674 1077 1755 conluta,

92 1760 167 1837 quod
182 1760 239 1820 duo
251 1757 331 1834 digiti
346 1757 596 1836 conprehendant,
615 1776 654 1817 ex
670 1759 728 1815 vini
741 1759 851 1815 veteris
867 1748 941 1816 caldi
956 1756 1077 1835 hemina,

90 1842 179 1902 triloli
193 1842 277 1903 radix
293 1840 435 1901 drachmis
450 1841 559 1901 duabus
574 1858 611 1899 ex
625 1841 709 1915 vino,
727 1839 901 1913 tithymalum
917 1836 1078 1916 platyphyl-

60 1925 146 1985 aolon
174 1926 361 2000 cognomina,
399 1942 497 1983 semen
523 1923 656 2000 hyperici
684 1922 759 1999 quod
785 1939 870 1981 caros
905 1921 1077 2000 appellatur.

6 2006 14 2021 ’
95 2015 174 2083 acte,
189 2026 270 2085 quara
288 2026 357 2067 esse
373 2006 488 2066 ebulum
501 2014 601 2084 putant
620 2006 747 2083 quidam,
770 2005 868 2067 radice
890 2007 1038 2065 contrita
1030 2025 1058 2065 ru
1070 2017 1121 2071 120

93 2091 152 2149 riui
166 2091 274 2166 cyathis
289 2090 390 2165 tribus,
410 2091 435 2149 si
450 2089 541 2149 labris
561 2088 645 2163 absit,
661 2089 709 2148 vel
725 2090 832 2149 semine
848 2108 886 2149 ex
899 2091 966 2149 vino
982 2090 1077 2166 nigro,

94 2174 159 2233 item
181 2173 346 2235 verbenaca
366 2173 506 2243 fasciculo
523 2190 622 2233 manus
642 2168 746 2251 plen'ae
761 2174 790 2233 in
810 2190 884 2250 aqua
901 2171 1023 2233 decocta
1040 2173 1077 2232 ad

95 2257 230 2317 dimidias.
255 2258 411 2335 praecipue
425 2264 519 2316 tamen
531 2255 730 2317 chamaeactes
743 2273 828 2316 sucus
840 2256 1002 2333 aptissimus
1015 2273 1078 2317 cre·

64 2340 176 2401 auur.
193 2340 493 2418 Eraptianespituitae
507 2338 657 2400 emendant
673 2339 819 2416 plantago,
834 2338 983 2413 cyclamini
997 2339 1080 2398 radix

96 2424 220 2498 enelle,
235 2422 390 2482 ebuliiolia
405 2425 470 2482 trita
482 2442 499 2483 e
509 2431 608 2483 uetere
621 2424 688 2481 vino
700 2424 923 2501 inposita,etiam
934 2423 1019 2482 boam
1033 2440 1078 2481 sa·

94 2516 170 2581 aaut,
181 2506 210 2566 id
222 2505 541 2585 estrubentispapulas,
554 2507 729 2583 pruriginem
742 2505 963 2580 sucusstrychni
971 2504 1077 2563 inlitus.

156 2590 239 2668 (74.)
262 2588 325 2665 lgui
346 2606 432 2649 sacro
447 2590 595 2648 medentur
614 2590 739 2664 aizoum,
767 2588 845 2657 lolia,
856 2590 922 2649 trita
936 2588 1058 2659 cicutae,
1071 2596 1119 2651 121

94 2673 300 2749 mandragorae
314 2672 405 2748 radix,
418 2706 461 2717 -
471 2681 587 2733 secatur
599 2673 629 2731 in
643 2690 724 2731 asses
738 2681 768 2731 ut
786 2673 926 2746 cucumis,
948 2668 1079 2749 primum·

63 2773 150 2833 saque
164 2773 254 2833 super
269 2764 390 2814 mustum
405 2756 602 2833 suspenditur,
624 2772 692 2814 mor
707 2756 735 2813 iu
752 2753 846 2831 lumo,
869 2755 936 2815 dein
955 2751 1079 2812 tunditur
1148 2770 1152 2795 ι

96 2856 112 2897 e
128 2840 192 2898 rino
207 2847 256 2898 aut
270 2846 365 2899 aceto.
398 2837 517 2916 prodest
529 2847 559 2897 et
573 2840 640 2897 vino
656 2846 767 2912 myrteo
783 2838 894 2911 lovere,
905 2868 948 2882 —
967 2842 1080 2895 mentae

95 2930 223 2998 sextans,
239 2922 297 2981 viri
313 2920 438 2999 sulpuris
459 2925 557 2996 uncia,
579 2940 616 2980 ex
638 2930 721 2981 aceto
737 2921 819 2979 simul
835 2921 916 2994 trita,
935 2917 1027 2993 iuligo
1043 2935 1081 2976 ex

95 3014 187 3065 aceto.
215 3004 295 3081 Ignis
311 3006 387 3065 sacri
405 3004 487 3101 plura
503 3013 568 3063 sunt
581 3022 701 3079 genera,
717 3007 791 3063 inter
805 3018 878 3079 quae
893 3000 1015 3061 medium
1029 2999 1080 3060 ho·

96 3090 196 3147 minem
216 3087 347 3149 ambiens
368 3089 415 3165 qui
430 3096 528 3147 costen
544 3095 664 3146 uocatur
693 3095 815 3160 enecat,
841 3084 865 3141 si
889 3084 985 3143 cinxit.
1020 3102 1079 3143 me·

64 3170 178 3231 udatur
193 3172 332 3249 plantago
348 3189 411 3230 cum
426 3177 505 3230 atrata
519 3167 638 3229 Cimolia
657 3178 686 3229 et
703 3170 880 3246 peristereos
896 3183 949 3243 per
964 3184 1012 3242 se,
1035 3184 1078 3225 ra·

30 3248 38 3270 ⁸
97 3253 145 3313 dir
165 3254 362 3333 persollatae,
387 3254 451 3313 aliis
478 3253 552 3330 quae
571 3260 690 3329 serpunt
711 3248 890 3323 cotyledonis
910 3249 992 3309 radix
1017 3266 1079 3309 cum

96 3338 200 3411 mulso,
216 3340 339 3411 dacum,
357 3354 443 3395 sucus
458 3335 620 3394 eliuorosti
633 3351 670 3394 ex
684 3341 778 3392 aceto.

159 3421 208 3481 12.
232 3421 316 3499 (75)
339 3418 432 3481 Radix
446 3417 588 3497 polypodi
601 3416 680 3476 inlita
697 3412 801 3476 luxatis
815 3413 961 3488 medetur,
978 3410 1059 3470 dolo·
1068 3420 1119 3473 122
