2484 3817
327 130 408 176 nan.
425 105 704 178 arsr.xxxv11.9.
722 127 762 178 1o.
776 124 832 194 (53.
851 119 909 192 54.)
1056 115 1115 176 169

128 285 307 346 alabastritis
327 284 455 342 nascitur
475 283 504 340 in
520 281 677 340 Alabastro
693 279 823 358 Aegypti
844 287 875 338 et
896 282 925 340 in
944 279 1045 357 Syriae
1061 279 1135 340 Da.

127 385 219 428 musco
239 367 364 427 candore
385 366 570 442 interstincto
592 366 681 424 variis
701 364 860 424 coloribus.
902 363 974 424 haec
991 373 1117 425 cremata

128 470 185 512 cum
199 451 294 512 fossili
310 449 372 509 sale
387 450 499 508 attrita
513 449 673 525 gravitates
691 449 752 507 oris
768 455 799 506 et
814 447 941 506 dentium
957 441 1117 508 extenuare
1181 487 1186 491 -

127 534 232 595 dicitur.
255 533 421 592 Alectorias
434 540 539 591 vocant
549 533 579 589 in
590 531 759 590 ventriculis
768 529 993 607 gallinaceorum
1003 533 1162 595 insen-144

108 627 167 678 stas
187 617 354 694 crystallina
379 617 496 694 specie,
520 614 715 691 magnitudine
735 615 838 690 labae,
862 613 965 691 quibus
980 612 1118 690 Milonem

128 701 337 761 crotonensem
349 717 431 758 usum
444 700 474 757 in
488 697 693 758 certaminibus
703 698 839 756 inuictum
853 696 945 756 fuisse
960 698 1052 758 uideri
1067 717 1118 759 vo·

126 785 192 844 lunt.
222 783 419 843 Androdamas
434 783 547 858 argenti
562 783 687 841 nitorem
703 781 792 840 habet
807 788 838 839 ut
852 781 984 856 adamas,
999 781 1118 858 quadra·

127 870 161 926 tis
172 884 287 944 semper
302 866 432 926 tessellis
447 865 556 924 similis.
585 863 662 941 Magi
678 863 778 942 putant
792 881 897 923 nomen
911 865 1068 941 inpositum
1083 866 1118 924 ab
1206 863 1210 868 ’

127 969 162 1011 eo
178 950 254 1027 quod
271 951 395 1029 impetus
415 949 560 1008 hominum
578 957 609 1008 et
630 948 790 1006 iracundias
813 947 918 1026 domet
950 946 1121 1024 ‘Argyroda

93 1048 183 1093 nomas
200 1032 299 1092 eadem
315 1035 353 1092 sit
370 1051 406 1092 an
426 1031 481 1091 alia
503 1041 637 1091 auctores
660 1047 718 1090 non
736 1030 893 1108 explicant.
925 1030 1099 1109 Antipathes
1112 1043 1163 1096 145

125 1121 205 1194 nigra
221 1133 280 1175 non
295 1116 427 1177 tralucet.
462 1117 691 1192 experimentum
707 1116 769 1173 eins
788 1122 819 1172 ut
834 1123 974 1192 coquatur
988 1116 1017 1174 in
1032 1115 1119 1191 lacte,

124 1202 192 1260 lacit
205 1200 281 1260 enim
299 1199 328 1258 id
343 1212 457 1259 murrae
478 1199 580 1258 simile.
619 1200 778 1258 inmensum
794 1198 926 1275 quiddam
944 1199 973 1256 in
988 1197 1042 1258 hac
1062 1200 1121 1258 ior·

126 1285 211 1344 tassis
226 1283 330 1361 aliquis
346 1291 500 1361 exspectet
515 1283 545 1340 in
560 1291 605 1341 tot
615 1281 758 1360 exemplis
770 1282 818 1340 uni
829 1283 1022 1359 possessione
1036 1282 1120 1342 huius

124 1368 246 1427 nominis
264 1367 336 1426 data.
367 1375 467 1426 contra
483 1365 717 1425 effascinationes
741 1363 873 1425 auxiliari
894 1383 956 1424 eam
970 1362 1047 1442 llagi
1069 1383 1121 1425 vo·

91 1452 192 1510 nolunt.
219 1450 345 1509 Arabica
360 1450 443 1509 ebori
460 1449 602 1508 simillima
617 1450 681 1524 est,
697 1455 728 1506 et
743 1447 800 1506 hoc
816 1448 980 1524 videretur,
999 1451 1054 1507 nisi
1071 1449 1120 1508 ab·

123 1541 226 1594 nueret
238 1533 349 1594 duritia.
367 1533 441 1592 hanc
452 1541 553 1610 putant
565 1541 667 1606 contra
678 1529 798 1590 dolores
810 1548 965 1589 nervorum
976 1533 1120 1610 prodesse

35 1608 38 1615 ’
122 1617 304 1678 habentibus.
344 1616 515 1678 Aromatitis
532 1623 563 1674 et
585 1616 649 1691 ipsa
663 1615 692 1671 in
707 1612 817 1673 Arabia
831 1615 992 1691 invenitur,
1017 1615 1069 1674 sed
1091 1625 1121 1676 et

122 1703 152 1760 in
167 1701 305 1777 Aegypto
328 1700 404 1757 circa
417 1697 530 1772 Philas,
547 1697 656 1774 ubique
678 1695 808 1774 lapidosa
831 1705 861 1756 et
875 1715 988 1758 murrae
1010 1698 1120 1759 coloris

124 1793 155 1844 et
166 1784 277 1857 odoris,
294 1780 332 1840 ob
345 1781 401 1839 hoc
411 1781 522 1856 reginis
533 1780 724 1857 frequentata.
743 1780 899 1844 ,Asbestos
914 1782 944 1839 in
956 1781 1099 1842 Arcadiae
1113 1793 1164 1848 146

88 1881 116 1921 ao
124 1865 269 1925 montibus
291 1865 417 1923 nascitur
439 1862 548 1922 coloris
571 1864 672 1923 ferrei.
711 1863 870 1942 hspisatim
887 1863 1070 1924 Democritus
1091 1867 1120 1926 in

125 1949 234 2008 Arabia
245 1949 323 2006 nasci
340 1948 425 2007 tradit
436 1947 515 2024 ignei
527 1947 648 2022 coloris,
664 1955 694 2006 et
707 1957 847 2026 oportere
862 1965 924 2007 cum
939 1949 1040 2008 cameli
1055 1950 1120 2009 fimo

125 2032 265 2111 splenicis
282 2030 448 2108 adalligari,
470 2032 592 2090 inveniri
613 2032 714 2108 utique
735 2033 764 2090 in
778 2032 845 2091 nido
861 2030 1050 2100 Arabicarum
1072 2033 1122 2092 ali·

125 2125 192 2174 tum.
215 2123 246 2174 et
261 2114 344 2172 aliam
356 2114 460 2174 codem
472 2115 586 2174 nomine
600 2113 640 2173 ibi
656 2115 685 2172 in
696 2113 879 2193 Leucopetra
893 2117 972 2175 nasci
987 2119 1120 2193 argentei
1205 2115 1206 2122 ’

124 2199 252 2274 coloris,
271 2197 447 2274 radiantem,
462 2205 562 2256 contra
577 2197 753 2275 lymphatum
767 2197 939 2258 habentium.
973 2199 1101 2260 Atizoen
1114 2210 1162 2266 147

87 2285 155 2344 asin
173 2282 253 2342 ludia
280 2289 311 2340 et
329 2281 458 2340 Persidis
480 2279 611 2340 Acidane
633 2288 735 2340 monte
756 2284 834 2340 nasci
857 2291 999 2360 argenteo
1025 2285 1121 2344 nitore

98 2396 102 2408 =
123 2365 301 2442 iulgentem‚
320 2364 515 2442 magnitudine
533 2366 617 2423 trium
634 2364 806 2450 digitorpm‚
829 2365 865 2426 ad
877 2366 1121 2444 lenteculaehgu·

124 2466 202 2520 ram,
221 2450 320 2509 odoris
334 2448 447 2508 iucundi
456 2489 466 2523 ,
488 2449 682 2507 necessariam
696 2446 789 2525 Magis
804 2467 907 2526 regem
922 2451 1122 2510 constituenti·

125 2531 190 2590 bus.
236 2532 352 2607 hugitis
376 2549 434 2591 non
458 2529 513 2590 alia
538 2531 655 2590 videtur
675 2531 771 2590 multis
798 2549 866 2591 esse
888 2549 970 2610 quam
991 2533 1119 2594 callaina.
1131 2551 1165 2586 no

125 2613 323 2691 Amphidanes
341 2615 399 2674 alio
419 2615 535 2674 nomine
549 2614 733 2689 chrysocolla
749 2614 928 2693 appellatur,
953 2633 1074 2676 nascens
1092 2619 1122 2676 in

88 2713 116 2755 ao
126 2695 227 2756 Indiae
246 2704 329 2774 parte
342 2698 393 2756 ubi
407 2698 546 2757 formicae
562 2705 665 2757 eruunt
683 2715 796 2772 aurum,
812 2699 914 2775 inquo
931 2707 961 2758 et
977 2701 1122 2759 iuvenitur

126 2798 200 2840 auro
212 2773 313 2839 similis
328 2779 463 2857 quadrata
478 2781 589 2857 ligura,
605 2780 768 2840 adfirmatur
781 2789 880 2841 natura
896 2783 959 2840 eius
976 2800 1049 2860 quae
1066 2800 1122 2842 ma·

125 2864 226 2942 gnatis
235 2881 315 2939 esse,
326 2864 381 2922 nisi
394 2864 469 2940 quod
481 2881 590 2939 augere
601 2880 718 2941 quoque
729 2880 827 2922 aurum
838 2863 967 2924 traditur,
987 2864 1165 2944 Aphro-148

126 2947 236 3006 disiaca
253 2965 291 3006 ex
309 2945 429 3005 candido
443 2948 507 3006 ruia
521 2955 576 3006 est.
615 2946 763 3024 Apspctos
780 2949 910 3026 septenis
926 2947 1029 3008 diebus
1044 2950 1121 3009 calo·

126 3048 191 3090 rem
209 3038 290 3090 tenet
306 3029 482 3089 excalefacta
497 3030 571 3106 igni,
592 3031 674 3107 nigra
690 3047 724 3088 ac
739 3030 918 3108 ponderosa,
944 3030 1122 3109 distinguen-

87 3129 116 3170 as
126 3113 207 3191 tibus
224 3131 288 3173 eam
302 3115 384 3172 uenis
400 3113 578 3174 rubentibus.
605 3121 706 3192 putant
726 3112 869 3192 prodesse
885 3123 985 3175 contra
1000 3117 1120 3194 lrigora.

126 3196 327 3276 Aegyptillam
346 3195 465 3256 iacchus
485 3197 632 3274 intellegit
656 3214 710 3275 per
732 3197 826 3256 album
854 3198 957 3260 sardae
981 3201 1121 3279 nigraque

126 3283 213 3340 venis
234 3281 467 3357 transeuntibus,
488 3280 593 3358 volgus
609 3287 703 3339 autem
721 3282 750 3340 in
767 3283 848 3359 nigra
866 3283 964 3342 radice
987 3283 1122 3344 caerulea

125 3363 221 3441 iacie,
238 3382 342 3426 nomen
358 3364 464 3426 aloco.
