2484 3817
325 200 685 254 nnn.nnsn.xxx11.s.
702 200 729 253 4.
749 191 808 268 (13.
826 192 884 269 14.)
1039 188 1100 253 291

105 360 218 422 wlleus
237 358 267 417 iu
286 376 340 418 usu
359 358 482 435 pretinm
497 366 675 434 naturaeque
693 358 909 435 proprietatem.
942 366 1006 418 sunt
1026 374 1100 436 ergo

104 441 279 505 testudinum
294 459 418 519 genera:
440 449 611 517 terrestres,
630 442 773 515 marinae,
792 441 914 501 lutetiae
935 450 963 501 et
980 459 1054 521 quae
1071 446 1102 502 in

104 528 181 589 dulci
199 544 273 604 aqua
290 526 398 584 vivont.
432 524 485 585 bas
500 523 614 603 qnidam
633 542 649 583 e
666 523 786 584 Graecis
809 523 926 598 emydas
941 526 1098 605 appellant.

103 612 296 672 Terrestrinm
311 625 415 668 carnes
428 606 622 667 suffitionibus
636 609 773 686 propriae
794 610 973 687 magicisque
990 610 1097 670 artibus
1109 620 1143 676 33

79 693 263 758 sreiutandis
282 702 314 752 et
333 700 434 752 contra
453 708 565 751 venena
587 691 731 751 salutares
753 693 918 770 prodantur.
951 693 1100 771 plurumae

103 780 133 838 in
149 778 260 837 Africa.
287 777 342 836 lnae
362 775 403 835 ibi
422 784 569 853 amputato
589 776 685 852 capite
702 774 884 855 pedibusque
899 793 953 854 pro
970 778 1100 837 antidoto

104 863 166 923 dari
188 860 320 921 dicuntur
339 868 369 919 et
388 877 405 917 e
426 860 489 917 iure
512 859 541 917 in
563 857 630 917 cibo
653 868 784 937 sumpius
807 869 927 919 strumas
946 859 1099 937 discutere,

104 947 197 1005 lienes
214 943 331 1019 tollere,
347 944 415 1001 item
432 942 585 1001 comitialis
601 941 730 1002 morbos.
761 946 880 1020 sanguis
897 960 994 1003 earum
1017 944 1099 1003 clari·

103 1039 191 1089 tatem
207 1030 287 1087 visus
303 1026 382 1102 iacit,
397 1025 583 1085 subfusiones
598 1026 747 1086 oculorum
763 1027 849 1087 tollit.
875 1036 905 1087 et
919 1036 1020 1087 contra
1037 1046 1099 1087 ser·

71 1114 232 1191 ropentiurn
243 1112 366 1171 omnium
377 1118 406 1169 et
418 1126 586 1169 araneorum
603 1127 639 1169 ac
651 1110 783 1170 similium
798 1120 972 1171 strenarum
986 1128 1099 1171 uenena

104 1196 256 1257 auxiliatur
271 1202 388 1254 servato
400 1196 540 1270 sanguine
553 1194 582 1252 in
593 1192 684 1253 iarina
696 1194 794 1272 pilulis
808 1195 893 1255 iactis
905 1204 935 1255 et
950 1214 1013 1255 curn
1025 1212 1100 1274 opus

104 1282 182 1340 sitin
200 1282 270 1339 vino
285 1278 368 1339 datis.
396 1277 468 1337 felle
485 1275 657 1337 testudinum
679 1296 741 1337 oum
755 1278 853 1339 Attico
875 1279 962 1339 melle
980 1280 1098 1357 glauco-

103 1373 178 1423 mata
191 1364 309 1439 inungui
323 1361 453 1439 prodest,
467 1363 652 1440 scorpionum
666 1361 771 1440 plagae
785 1362 926 1423 instillari.
948 1364 1096 1441 tegimenti
1108 1371 1142 1427 34

108 1447 178 1506 cinis
201 1448 269 1506 vino
296 1455 326 1505 et
347 1446 415 1507 oleo
434 1446 571 1505 subactus
593 1446 698 1523 pedum
718 1448 804 1507 rimas
826 1446 984 1526 ulceraque
1008 1456 1099 1508 sanat.

73 1548 241 1608 rssquamae
261 1548 279 1589 e
298 1548 405 1591 summa
427 1539 512 1608 parte
533 1529 656 1589 derasae
677 1531 752 1588 etin
771 1539 841 1607 potu
863 1529 946 1589 datae·
963 1548 1100 1591 venerem

107 1613 252 1675 cohibent·
268 1631 306 1673 eo
316 1616 409 1691 magis
421 1613 478 1673 lncc
487 1614 597 1686 mirum,
607 1614 740 1689 quoniam
752 1614 841 1671 totius
849 1612 997 1688 tegimenti
1009 1615 1100 1675 farina

104 1697 265 1758 accendere
275 1698 395 1756 traditur
406 1696 561 1756 libidinem.
584 1696 692 1753 urinam
704 1695 788 1754 aliter
800 1712 896 1776 earum
911 1712 994 1774 quam
1010 1698 1038 1755 in
1051 1716 1100 1757 ve·

104 1784 165 1841 sica
185 1781 375 1840 dissectarum
404 1780 524 1838 inveniri
551 1794 641 1854 posse
669 1792 727 1835 non
749 1777 887 1854 arbitror,
917 1788 946 1838 et
968 1780 1044 1838 inter
1067 1798 1100 1841 ea

105 1882 173 1925 esse
187 1864 245 1923 boc
259 1879 375 1940 qnoque
392 1878 467 1939 qnae
484 1869 657 1938 portentose
670 1860 747 1937 blagi
763 1862 975 1938 demonstrent,
998 1864 1100 1923 adver·
1149 1890 1153 1897 =

70 1966 155 2009 rosus
173 1945 302 2023 aspidum
322 1946 396 2004 ictus
411 1944 601 2022 singularem,
623 1944 820 2005 ellicaciorem
834 1955 944 2023 tamen,
965 1955 996 2013 ut
1013 1949 1099 2024 aiunt,

105 2028 252 2092 cimicibus
265 2027 407 2088 admixtis.
430 2044 485 2089 ova
500 2028 600 2089 durata
614 2028 769 2089 inlinuntur
780 2032 895 2091 strumis
910 2038 939 2091 et
954 2030 1100 2091 ulceribus

103 2116 214 2191 frigore
228 2122 276 2172 aut
290 2108 441 2173 adustione
454 2112 549 2173 iactis.
572 2112 725 2172 sorbentur
739 2116 769 2173 in
786 2114 924 2175 stomachi
939 2114 1098 2176 doloribus.

104 2199 274 2259 blarinarum
287 2196 542 2257 carnesadmintae
551 2213 683 2257 ranarum
698 2197 831 2257 carnibus
844 2209 943 2259 contra
957 2200 1095 2259 salaman·
1107 2209 1141 2263 35

105 2283 171 2343 dras
193 2281 345 2361 praeclare
366 2281 552 2356 auxiliantur,
574 2298 671 2359 neque
697 2282 841 2341 testudine
861 2282 938 2343 alind
962 2284 1099 2343 salaman·
1202 2338 1211 2357 ,

70 2367 175 2427 esdrae
197 2366 356 2426 adversius.
393 2365 533 2442 sanguine
557 2364 752 2443 alopeciarum
779 2366 899 2427 inanitas
926 2376 955 2427 et
979 2370 1100 2447 porrigo

107 2451 257 2527 omniaque
283 2450 386 2527 capitis
408 2449 508 2509 ulcera
531 2457 673 2509 curantur.
709 2450 876 2512 inarescere
898 2468 962 2510 eum
984 2458 1100 2529 oportet

105 2535 242 2611 lenteque
259 2532 345 2591 ablui.
371 2532 525 2593 instillatur
539 2540 568 2591 et
587 2532 683 2593 dolori
701 2534 808 2593 aurium
825 2552 888 2593 cum
908 2534 984 2594 lacte
998 2535 1098 2593 mulie·

106 2634 184 2690 rum,
208 2614 347 2675 adversus
368 2615 487 2675 morbos
509 2616 660 2675 comitialis
681 2616 822 2676 manditur
838 2614 899 2676 cum
915 2619 1025 2696 polline
1041 2618 1099 2677 iru-

105 2699 203 2774 meati,
217 2700 352 2758 miscetur
371 2708 465 2759 autem
480 2701 626 2776 sanguinis
641 2699 762 2759 beminis
776 2700 868 2760 tribus
884 2703 960 2761 aceti
977 2702 1098 2761 hemina.

72 2800 98 2841 so
107 2786 189 2844 datur
205 2790 234 2841 et
246 2782 423 2859 suspiriosis,
448 2782 571 2842 sedtum
586 2782 700 2865 hemina
713 2784 772 2843 vini
787 2782 908 2859 additur,
929 2785 973 2845 liis
989 2794 1018 2843 et
1033 2800 1095 2843 cum
1107 2794 1141 2849 33

106 2867 271 2928 hordeacea
283 2864 385 2941 farina,
401 2876 486 2927 aceto
504 2883 620 2944 quoque
636 2866 772 2942 admixto,
788 2868 869 2926 utsii
885 2868 961 2945 quod
977 2868 1099 2927 devora·

106 2960 151 3011 tur
161 2950 247 3010 labae
259 2949 461 3025 magnitudine,
479 2958 509 3009 et
522 2949 595 3009 baec
611 2948 725 3026 singula
737 2960 766 3009 et
780 2952 916 3009 matutino
932 2961 960 3011 et
973 2968 1099 3029 vespera

106 3034 219 3111 mutus,
233 3034 300 3093 dein
318 3041 385 3110 post
399 3032 510 3111 aliquot
526 3031 589 3092 dies
603 3033 669 3093 bina
685 3032 820 3110 uespera.
852 3034 1041 3095 comitialibus
1058 3036 1098 3093 in·

107 3118 229 3177 stillatur
243 3135 297 3177 ore
310 3115 436 3191 diducto,
459 3117 496 3175 iis
510 3118 556 3192 qui
568 3116 682 3177 modice
699 3119 888 3196 corripiantur
905 3136 1020 3196 spasmo
1037 3133 1100 3178 cuni

72 3210 242 3261 mensores
261 3202 388 3275 clystere
402 3199 565 3260 infunditur.
593 3199 669 3279 quod
690 3202 713 3259 si
734 3199 834 3269 dentes
856 3210 901 3260 ter
922 3218 996 3263 anno
1018 3203 1096 3262 colu·
1108 3210 1141 3267 37

108 3294 192 3345 antur
203 3285 374 3345 testudinum
389 3285 543 3361 sanguine,
563 3283 692 3343 inmunes
710 3302 726 3343 a
743 3280 846 3343 dolore
863 3286 940 3345 liant.
967 3296 994 3345 et
1014 3285 1099 3347 anbe-

108 3370 176 3429 litus
194 3368 309 3428 discutit
323 3386 452 3447 quasque
468 3367 666 3445 orthopnoeas
681 3374 795 3427 vocant.
818 3365 853 3426 ad
869 3369 922 3429 lias
939 3370 966 3427 io
981 3365 1099 3447 polenta

109 3452 200 3513 datur.
222 3451 264 3513 iel
278 3452 448 3513 testudinum
460 3450 616 3511 claritatem
628 3448 778 3511 ¹oculorum
794 3451 1038 3598 iacit,1pipatrices
1050 3468 1098 3511 ex-
