2484 3817
169 115 230 184 itt
509 127 814 180 o.ennnsucunn1
847 147 850 156 ·

166 285 304 367 quoniam
317 285 446 348 inrideat
456 283 576 347 temni.
603 303 673 346 esse
687 292 782 346 autem
796 281 910 364 qualem
921 282 951 343 iu
962 281 1070 343 sucinis
1084 283 1165 346 colo·

124 385 161 439 ss
172 389 235 432 reru
249 371 366 448 igneum
380 371 548 450 scalpique,
564 386 621 430 nec
636 368 707 430 lolia
720 377 827 430 tantum
842 376 891 427 aut
905 375 1062 428 stramenta
1077 366 1113 428 ad
1131 387 1164 430 se

165 473 273 533 rapere
292 453 345 515 sed
365 457 444 515 aeris
465 455 552 516 etiam
570 471 604 513 ac
622 453 695 514 ierri
715 451 822 513 lamnas
845 450 923 531 quod
935 449 1032 511 Diocli
1054 451 1164 512 cuidam

167 536 388 616 Theophrastus
399 555 517 617 qnoque
528 536 630 598 eredit.
649 554 707 614 ego
718 536 820 596 ialsnm
832 535 862 597 id
871 543 963 596 totum
973 534 1102 595 arbitror
1111 554 1165 597 nec

131 640 136 659 ‘
165 623 258 682 risum
267 622 297 681 in
312 639 388 683 aero
398 629 501 682 nostro
513 637 654 698 gemmam
665 620 751 680 ullam
766 637 802 680 ea
815 619 1012 698 appellatione
1025 627 1067 696 et,
1087 619 1184 699 quods
1223 627 1224 632 ’

167 704 205 766 de
219 704 359 766 medicina
375 705 459 766 simul
473 704 623 784 proditur,
639 702 768 764 calculos
782 703 900 764 uesicae
912 710 984 781 poto
1000 720 1037 762 eo
1053 701 1121 762 elidi
1134 712 1165 763 et

166 789 270 850 morbo
281 791 367 867 regio
379 790 527 864 succurri,
542 790 567 848 si
580 807 619 848 ex
633 789 702 847 vino
714 786 831 848 bibatur
843 793 891 846 aut
903 793 1055 865 spectetur
1068 787 1163 847 etiam.

124 884 161 940 54
232 874 313 952 (14.)
327 871 411 932 Nunc
431 887 606 950 gemmarum
619 873 756 931 confessa
774 886 885 947 genera
901 870 1029 930 dicemus
1047 869 1084 929 ab
1105 869 1164 930 lan·
1224 921 1225 924 ,

167 957 323 1017 datissimis
341 956 413 1025 orsi,
428 971 483 1012 nec
498 969 571 1011 vero
586 953 615 1010 id
633 953 725 1012 solum
739 971 870 1024 agemus,
885 951 1038 1012 sedetiam
1053 954 1162 1013 maiore

168 1040 293 1100 utilitate
307 1042 386 1099 vitae
408 1037 507 1098 obiter
523 1054 715 1114 coarguemus
732 1036 883 1114 Magorum
899 1035 1042 1096 infandam
1056 1039 1194 1096 sanim-n
1225 1047 1226 1120 l

166 1131 237 1200 tem,
253 1121 367 1199 quando
382 1121 430 1182 rel
445 1120 575 1198 pluruma
587 1121 631 1180 illi
645 1121 803 1199 prodidere
815 1120 853 1180 de
865 1121 987 1198 gemmis
999 1120 1034 1180 ab
1048 1120 1164 1180 medici·
1225 1123 1226 1140 ¹

167 1217 222 1267 nat
238 1203 422 1266 blandissima
437 1205 539 1281 specie
556 1204 591 1264 ad
605 1205 738 1283 prodigia
754 1205 941 1282 transgressi.

124 1303 159 1356 55
231 1291 260 1350 4.
276 1288 359 1366 (15.)
381 1286 543 1346 maxumum
563 1288 702 1347 in'rebus
722 1289 869 1366 humanis,
897 1304 956 1348 non
976 1287 1069 1348 solum
1087 1289 1164 1347 inter

165 1389 311 1450 gemmas,
331 1372 457 1450 pretium
476 1369 565 1430 babet
584 1369 698 1430 adamas
720 1371 768 1430 din
791 1389 850 1432 non
867 1373 924 1432 nisi
939 1372 1109 1448 regibuset
1127 1373 1163 1431 iis

166 1455 317 1516 admodum
329 1457 430 1533 paucis
446 1455 592 1531 cognitus.
612 1455 654 1514 ita
668 1453 870 1533 appellabatur
884 1456 944 1516 anri
959 1454 1051 1514 nodus
1063 1456 1092 1514 in
1106 1473 1164 1515 me·
1173 1471 1193 1510 n

166 1539 244 1600 tallis
262 1547 399 1617 repertus
416 1556 555 1618 perquam
575 1555 660 1614 raro,
681 1555 779 1598 comes
801 1556 889 1615 auro,
911 1556 964 1598 nec
977 1539 1032 1597 nisi
1047 1539 1077 1597 in
1093 1555 1164 1598 auro

166 1625 246 1684 nasci
262 1623 423 1683 videbatur.
454 1621 583 1683 Veteres
602 1640 667 1681 eum
681 1623 712 1682 iu
726 1622 904 1700 Aethiopum
917 1621 1039 1682 metallis
1055 1630 1165 1681 tantum

165 1709 291 1767 inveniri
310 1707 515 1767 existimavere
530 1708 608 1766 inter
621 1705 772 1766 delubrum
782 1705 908 1766 llercuri
924 1714 954 1766 et
969 1705 1089 1765 insulam
1104 1705 1165 1765 lle·

166 1808 259 1868 roen,
273 1790 467 1867 dixeruntque
479 1806 538 1850 non
553 1789 722 1867 ampliorem
733 1791 858 1850 cucumis
874 1790 984 1850 semine
999 1796 1047 1849 aut
1061 1789 1165 1849 colore

124 1884 160 1940 56
166 1875 337 1952 dissimilem
348 1874 481 1934 inveniri.
507 1891 583 1933 nunc
594 1875 714 1950 primurn
726 1891 837 1951 genera
848 1874 911 1942 eius
925 1890 979 1933 sex
990 1881 1198 1933 noscuntur:m
1227 1871 1228 1876 ’

167 1956 257 2018 ludici
272 1975 331 2016 nou
345 1959 376 2016 in
390 1973 462 2015 auro
477 1966 631 2016 nascentes
650 1965 680 2016 et
697 1956 816 2034 quadarn
832 1957 962 2034 crystalli
978 1958 1166 2035 cognatione,

167 2039 311 2118 siquidem
324 2048 356 2099 et
370 2039 473 2100 colore
489 2039 631 2100 tralucido
644 2056 703 2099 nou
716 2039 869 2115 differunt,
885 2050 916 2100 et
926 2040 1048 2101 laterum
1063 2057 1167 2100 sexan-

167 2124 237 2201 gulo
254 2123 356 2183 levore
372 2122 509 2183 turbinati
522 2125 552 2182 in
566 2140 734 2183 mucronem
748 2143 766 2184 e
781 2123 891 2184 duabus
906 2125 1060 2184 contrariis
1075 2124 1166 2202 parti-

166 2207 239 2283 bus,
260 2223 317 2284 quo
332 2205 424 2282 magis
439 2207 590 2283 miremur,
611 2216 643 2266 ut
659 2210 683 2266 si
702 2207 759 2266 duo
779 2207 911 2270 turbines
934 2208 1081 2268 latissimis
1104 2208 1167 2267 suis

166 2290 297 2369 partibus
312 2290 480 2367 iungantur,
499 2291 693 2367 magnitudine
707 2308 780 2351 vero
798 2292 885 2352 etiam
900 2291 1024 2352 abellani
1038 2290 1198 2374 nuculeum

166 2373 268 2433 similis
285 2380 331 2432 est
345 2370 570 2454 huicArabius,
584 2375 679 2434 minor
693 2383 816 2452 tantum,
835 2375 968 2436 similiter
984 2382 1014 2436 et
1027 2392 1167 2453 nascens,

166 2458 275 2517 ceteris
297 2455 392 2535 pallor
415 2458 529 2534 argenti
553 2466 584 2517 et
611 2459 641 2516 in
662 2475 732 2517 auro
754 2476 813 2519 non
838 2460 893 2518 nisi
915 2458 1166 2519 excellentissimo

124 2550 157 2605 bl
168 2541 282 2601 natalis.
324 2539 475 2600 incudibus
511 2539 540 2599 bi
575 2540 792 2619 deprenduntur
820 2544 860 2602 ita
887 2550 1065 2620 respuentes
1089 2543 1167 2603 ictus

166 2632 198 2684 ut
209 2625 319 2684 ferrum
341 2629 485 2699 utrimque
505 2627 657 2699 dissultat,
675 2626 793 2683 incudes
817 2627 900 2702 ipsae
913 2628 999 2686 etiam
1010 2624 1166 2686 dissiliant.

166 2709 276 2787 quippe
291 2706 395 2768 duritia
411 2706 614 2768 inenarrabilis
630 2715 693 2784 est,
712 2706 854 2786 simulque
870 2710 979 2785 ignium
994 2709 1102 2768 victrix
1116 2727 1167 2770 na·
1177 2728 1199 2771 m

165 2801 230 2852 tura
243 2799 273 2851 et
284 2809 434 2869 numquam
444 2789 636 2850 incalescens.
661 2790 736 2850 unde
752 2799 783 2851 et
800 2810 904 2853 nomen
919 2794 1167 2871 interpretatione

166 2873 278 2934 Graeca
293 2875 430 2934 indomita
446 2875 492 2934 ris
506 2875 630 2950 accepit.
668 2892 753 2932 unum
772 2893 810 2934 ex
830 2878 868 2936 iis
883 2885 989 2936 vocant
1004 2875 1166 2952 cencbron,

165 2957 225 3016 mili
246 2957 450 3034 magnitudine.
492 2956 614 3017 alterum
637 2955 837 3022 Macedonium
856 2961 887 3020 in
907 2958 1070 3038 Philippico
1090 2977 1167 3021 auro

123 3050 335 3120 senepertum,
358 3039 406 3099 bic
432 3046 479 3100 est
499 3042 625 3100 cucumis
647 3043 749 3102 semini
770 3059 832 3121 par.
868 3039 938 3121 post
959 3042 1014 3103 bns
1037 3039 1167 3120 Cyprius

84 3193 87 3198 ¹
165 3131 286 3183 vocatur
305 3123 336 3182 in
358 3120 457 3202 Cypro
477 3133 633 3202 repertus,
662 3143 790 3203 vergens
818 3126 853 3186 ad
877 3143 994 3187 aereum
1020 3125 1199 3204 coloremus

135 3205 222 3266 cased
236 3208 266 3265 in
275 3206 387 3266 medica
401 3208 448 3284 vi,
462 3207 501 3267 de
516 3225 571 3285 qua
585 3206 729 3286 dicemus,
747 3210 971 3271 efficacissimus.
1000 3217 1070 3287 post
1088 3207 1169 3269 huuc

166 3288 304 3349 siderites
316 3289 409 3351 terrei
421 3289 605 3368 splendoris,
620 3292 752 3370 pondere
766 3302 833 3354 ante
845 3301 981 3369 ceteros,
996 3291 1049 3358 sed
1061 3300 1169 3353 natura

165 3369 321 3432 dissimilis.
359 3390 427 3433 nam
446 3381 478 3434 et
495 3374 602 3434 ictibus
617 3376 714 3455 irangi
732 3377 836 3438 etalio
850 3376 999 3438 adamante
1015 3375 1168 3454 per-iurari
