2484 3817
154 200 216 265 228
495 212 526 260 c.
542 212 638 260 cumr
656 185 805 260 suenum

126 400 129 406 ,
153 367 252 429 Attico
268 367 356 427 melle
371 369 444 428 einis
460 375 490 426 et
503 366 587 444 adips
602 366 707 425 soricis
728 382 790 425 oum
804 364 871 424 stibi
886 364 968 423 tritus
982 361 1145 426 lacrimosis

111 470 142 513 n.
154 472 188 507 sn
214 453 308 512 oeulis
328 452 488 529 plurumum
511 450 640 524 conlert,
660 482 702 493 -
721 449 802 508 stibis
823 447 891 525 quid
915 448 951 507 sit
967 446 1095 507 dicum
1115 448 1146 507 in

152 536 286 595 metallis.
302 570 344 581 -
356 534 496 594 mustelae
509 535 580 593 einis
592 531 816 606 sublusionibus‚
833 533 901 591 item
913 531 1041 591 lacertae
1050 531 1146 591 birun-

152 618 262 679 dinisve
282 618 450 693 cerebrum,
476 627 578 677 coctae
598 618 684 675 tritae
703 616 791 676 fronti
806 613 906 674 inlitae
920 612 1077 692 epiphoras
1099 633 1146 675 se·

110 714 161 767 119
172 701 240 762 dant
259 704 322 761 sive
340 720 394 780 per
410 719 444 759 se
465 702 528 759 siue
555 717 619 758 eum
640 699 750 777 polline
771 700 833 758 sive
854 716 919 758 euru
945 706 1019 757 ture.
1055 698 1099 757 sie
1116 708 1175 763 ete

150 786 263 862 solutis,
278 786 308 845 id
324 794 368 845 est
382 785 446 844 sole
461 785 620 861 conseptis,
636 791 765 860 prosunt.
786 783 868 841 vivas
884 798 1001 859 quoque
1017 798 1148 843 cremare

153 878 183 931 et
195 870 294 929 cinere
304 886 401 929 earum
412 884 477 927 oum
488 866 575 925 melle
585 864 701 925 Cretico
711 867 868 942 inunguere
878 864 1018 941 caligines
1029 865 1145 927 utilissl·
1221 864 1224 870 ’

150 971 226 1013 mum
238 962 294 1026 est,
308 951 354 1011 vel
369 954 557 1009 iumentorum
569 948 662 1008 oculis
674 948 838 1009 membrana
848 947 957 1027 aspidis
969 956 1055 1008 exuta
1065 968 1146 1027 uere,

152 1054 217 1096 oum
233 1036 318 1113 adipe
332 1034 462 1093 eiusdem
477 1034 637 1093 claritatem
652 1034 774 1091 inunctis
790 1032 869 1092 lacit.
898 1033 1036 1110 viperam
1052 1034 1147 1093 vivum

149 1124 179 1180 ln
202 1120 284 1179 uetiti
310 1134 388 1177 novo
410 1116 583 1176 comburere
603 1114 699 1175 addito
721 1115 839 1175 lenieuli
859 1132 930 1175 suco
955 1115 990 1175 ad
1013 1116 1183 1190 epatbururs

70 1207 71 1211 ’
150 1220 235 1262 unam
256 1210 286 1261 et
301 1202 373 1260 turis
387 1218 488 1261 manna
506 1218 578 1273 uua,
593 1208 680 1276 atque
696 1200 733 1258 ita
751 1198 936 1259 subfusiones
951 1199 1101 1261 oculorum
1115 1210 1147 1261 et

151 1286 294 1361 caligines
304 1285 464 1360 inunguere
476 1283 656 1342 utilissimum
669 1290 724 1341 est.
744 1282 980 1343 medicamentum
990 1283 1019 1342 id
1032 1284 1147 1344 eobeou

106 1381 160 1434 lto
170 1377 301 1428 vocetur.
330 1366 376 1425 Fit
392 1376 423 1425 et
439 1367 591 1441 collyrium
606 1383 623 1424 e
638 1368 738 1443 vipera
755 1368 783 1424 in
801 1366 859 1427 olle
869 1366 1031 1445 putrefacta
1041 1370 1145 1427 sermi-

150 1451 283 1528 eulisque
305 1451 398 1509 enatis
415 1467 478 1509 cum
500 1466 590 1509 eroco
608 1451 694 1508 tritis.
726 1450 855 1508 exuritur
867 1452 896 1509 in
918 1442 977 1510 olla
998 1468 1062 1509 curn
1082 1452 1146 1511 sule

150 1552 235 1613 mem
250 1533 388 1610 lingendo
404 1533 562 1610 claritatem
577 1532 728 1591 oculorum
744 1542 937 1593 eomecuntur
955 1542 985 1592 st
1005 1534 1145 1595 monaehi
1155 1551 1181 1590 1⁵

147 1618 296 1695 totiusque
321 1618 455 1695 corporis
475 1616 719 1694 tempestivitatis.
756 1616 803 1676 bio
823 1616 867 1675 sal
892 1626 921 1676 et
939 1618 1041 1695 pecori
1063 1617 1146 1678 datur

147 1701 323 1762 salubritatis
347 1719 434 1761 causa
455 1708 485 1760 et
506 1702 536 1759 iu
555 1699 711 1759 antidotum
734 1709 834 1761 contra
859 1702 1003 1779 serpentis
1022 1700 1144 1761 additur.

106 1795 158 1850 121
169 1786 283 1864 quidam
305 1793 335 1843 et
352 1785 389 1844 ad
407 1768 465 1843 obli
484 1786 582 1843 vitium
598 1784 709 1863 viperis
727 1793 841 1843 utuntur
858 1785 887 1843 in
901 1785 983 1845 cibis.
1024 1785 1146 1863 primum

67 1893 71 1899 ’
147 1871 273 1929 omnium
287 1868 385 1927 occisa
399 1870 494 1927 statim
506 1868 597 1927 salens
609 1870 639 1927 in
653 1884 686 1927 os
696 1868 761 1927 addi
772 1868 870 1927 lnbent
883 1867 977 1927 donec
991 1867 1144 1947 liquescet,

145 1967 213 2010 mox
228 1959 363 2029 quattuor
375 1951 531 2027 digitorum
539 1966 673 2011 mmrsura
686 1954 825 2030 utrimque
838 1951 972 2028 praecisa
989 1953 1144 2029 exemptis·
1153 1974 1180 2014 ro

147 2052 205 2111 que
222 2036 377 2093 interaneis
394 2034 546 2093 discocunt
559 2036 588 2092 in
602 2051 676 2112 equa
692 2036 771 2109 oleo,
787 2034 860 2109 suls,
875 2043 970 2109 aneto,
989 2043 1037 2094 aut
1048 2036 1144 2095 statim

146 2125 304 2176 vescuntur
317 2126 368 2176 aut
380 2134 455 2194 pane
471 2117 623 2193 colligunt,
640 2126 670 2176 ut
684 2118 799 2195 saepius
813 2126 935 2177 utuntur.
964 2116 1011 2178 lus
1025 2127 1144 2195 praescr

146 2218 235 2277 supra
262 2198 338 2258 diota
354 2199 516 2277 pediculos
538 2208 633 2259 etoto
662 2218 787 2278 corpore
811 2200 934 2279 expellit
957 2203 1143 2279 pruritusque

149 2285 234 2342 etiam
248 2300 375 2343 summae
390 2285 472 2341 cutis.
510 2282 637 2342 ostendit
650 2284 784 2344 effectum
804 2294 833 2343 et
855 2302 909 2363 per
925 2302 958 2343 se
975 2286 1076 2363 capitis
1099 2287 1142 2342 vi·

149 2367 244 2444 periuri
259 2366 341 2425 ciuis.
371 2366 522 2425 utilissime
539 2366 642 2425 oeulos
657 2368 801 2443 inunguit,
818 2368 944 2446 itemque
958 2368 1042 2445 udips
1057 2370 1140 2445 ripe·
1151 2390 1179 2431 ts

103 2451 257 2511 mribus.
292 2447 339 2507 De
353 2449 425 2508 ielle
448 2466 507 2508 non
528 2449 676 2509 audaciter
698 2453 837 2510 suaserim
858 2469 932 2529 quas
947 2453 1141 2529 praecipiunt,

102 2550 177 2613 snm
195 2533 339 2611 quoniam,
355 2542 386 2590 ut
401 2549 454 2591 suo
469 2534 536 2592 loco
550 2532 713 2608 docuimus,
736 2548 795 2591 non
810 2534 887 2593 aliud
902 2543 949 2594 est
963 2536 1141 2613 serpentium

144 2631 296 2675 veneunt.
333 2617 465 2692 anguium
486 2616 569 2694 adips
589 2617 719 2693 aerugini
738 2618 841 2677 mixtus
869 2626 971 2695 ruptas
990 2619 1142 2679 oculorum

146 2699 239 2776 pertis
260 2706 355 2780 senat,
379 2707 409 2757 et
430 2699 673 2759 membranacius
693 2710 828 2760 senectus
848 2702 1017 2761 vernatione
1039 2720 1141 2763 cerum

145 2790 234 2841 exuta
248 2783 274 2840 si
286 2781 453 2857 adiricetur,
470 2782 630 2843 claritatem
643 2784 722 2845 iacit.
753 2783 827 2844 boae
843 2798 958 2864 quoque
972 2784 1012 2845 iel
1025 2785 1140 2863 praedi·
1150 2804 1178 2847 so

146 2874 228 2923 catur
241 2864 278 2925 ad
293 2864 458 2942 albugines,
474 2865 670 2942 subfusiones,
686 2866 836 2944 caligines,
854 2868 938 2947 adips
958 2868 1089 2928 similiter
1101 2869 1140 2928 sd

103 2956 155 3011 123
166 2947 342 3008 olurltatem..
372 2948 498 3027 Aquilae
520 2968 604 3029 quam
630 2950 749 3009 diximus
769 2951 866 3029 pullos
888 2951 924 3011 ad
947 2951 1141 3012 contuendum

110 3027 139 3071 ¹⁰·
153 3028 177 3065 ¹·
194 3031 288 3092 solem
307 3033 437 3111 experiri
455 3032 529 3092 ielle
547 3035 638 3093 mixto
650 3051 724 3093 -cum
743 3034 831 3093 melle
845 3036 945 3095 Attico
965 3038 1142 3111 inunguntur

145 3113 305 3175 nubeculae
322 3126 352 3176 et
373 3116 563 3194 caligationes
583 3116 826 3195 subfusionesque
846 3118 1003 3178 oculorum.
1034 3118 1139 3178 eadem

144 3199 189 3256 vis
204 3207 250 3257 est
266 3208 295 3258 et
309 3203 339 3259 in
354 3201 501 3259 volturino
515 3200 587 3260 lelle
604 3217 668 3259 oum
682 3202 763 3277 porri
776 3219 847 3260 suco
863 3211 893 3261 et
909 3200 993 3261 melle
1015 3204 1137 3279 exiguo,
1149 3224 1176 3266 sn

143 3281 210 3339 item
226 3284 256 3340 in
275 3283 439 3358 gallinacei·
451 3283 522 3343 ielle
538 3283 575 3343 ad
597 3300 715 3359 argema
734 3293 763 3343 et
781 3284 931 3361 albugines
943 3302 981 3343 ex
998 3300 1073 3363 aqum
1092 3284 1137 3344 di·

144 3362 213 3440 luto,
230 3366 298 3425 item
312 3367 341 3425 in
356 3368 540 3427 subfusiones
556 3366 716 3441 oculorum,
735 3386 864 3427 mentone
883 3367 995 3428 candui
1010 3368 1137 3445 galina·

143 3446 198 3505 oei.
222 3448 316 3509 limum
330 3467 445 3529 quoque
453 3450 691 3527 gallinaceorum,
704 3451 846 3511 tantumn
855 3450 979 3529 rubrum,
995 3451 1136 3513 lusciosis
