2484 3817
324 216 405 263 unu.
423 216 514 265 ursa.
531 219 632 266 xxnr.
655 216 681 265 t.
700 208 855 285 (oc-64.)
1050 215 1111 275 25,

99 372 163 433 dine
181 368 366 444 utilissimae,
379 370 450 429 item
463 372 658 431 comitialibus
672 381 704 431 et
714 372 882 452 hydropicis
899 376 1092 455 omnibusque

99 472 171 531 qnae
197 452 365 514 maturanda
390 460 438 511 aut
463 453 641 515 discutienda
665 458 724 515 sint
743 458 920 534 inponantur
943 461 1092 520 eiiicacios

99 538 177 597 calce
198 544 248 595 aot
268 538 345 595 nitro
370 542 419 594 aut
440 537 476 596 iri
495 537 629 597 admixta.
659 548 763 599 coctae
778 558 842 599 cum
856 540 973 621 bysopo
987 553 1091 622 pectus

98 626 239 698 purgant,
254 620 402 696 pituitm,
419 622 521 679 tussim
536 630 685 697 veterem,
781 625 851 683 uino
871 634 968 685 antem
991 627 1092 687 sedem

78 712 130 763 set
145 712 276 762 mmorcs
291 701 476 761 maxillarum.
507 704 542 763 ad
553 704 737 782 furunculos,
753 722 863 783 panos,
879 710 1027 785 parotidas
1041 710 1092 770 do·

98 794 200 847 coctae
222 784 389 845 inlinuntur.
419 786 489 845 utile
515 796 546 845 et
565 788 690 848 decocto
708 789 814 851 fouere
829 808 944 867 earum,
968 793 1090 853 feminas

99 886 215 947 qnoque
228 869 353 929 decocto
368 867 472 928 codem
486 888 549 929 cum
564 871 634 931 icoo
652 870 773 931 Graeco.
789 871 878 933 utiles
887 883 955 934 sant
967 884 998 934 et
1009 875 1091 953 pleu-

98 954 188 1011 riticis
203 960 234 1011 et
248 951 505 1030 peripleumonicis
522 969 586 1011 conr
601 960 666 1011 ruta
681 962 786 1014 coctae
800 963 831 1015 et
848 956 983 1015 omnibus
1002 970 1135 1035 pro-123

98 1043 181 1113 sunt,
197 1035 331 1095 tibiarum
345 1034 490 1095 ulceribus
513 1054 576 1095 curn
596 1040 675 1096 aeris
696 1037 824 1111 uosmet
835 1040 978 1117 parotidi,
994 1049 1093 1118 ptery-

68 1143 90 1182 o
97 1122 154 1196 giis
165 1136 231 1179 cnm
243 1119 349 1196 punico
364 1118 450 1195 malo,
459 1120 609 1196 ambustis,
617 1122 808 1199 pernionibus
820 1141 885 1183 cum
899 1123 1092 1200 cormbpdro-

97 1204 171 1289 picis
196 1208 299 1261 coctae
320 1202 350 1261 in
365 1204 434 1261 uino
450 1221 513 1261 cum
530 1203 678 1263 absinthio
697 1212 730 1264 et
752 1206 844 1265 iarina
863 1206 1036 1267 hordeacea.
1049 1208 1091 1267 ni·

98 1294 143 1345 tro
151 1285 251 1345 addito
265 1284 451 1345 manducatae
465 1286 560 1346 alvom
574 1286 702 1364 solvont,
710 1290 897 1366 scorpionum
907 1292 1012 1351 ictibus
1024 1308 1090 1351 curn

97 1369 157 1428 sale
170 1370 259 1427 tritae
273 1367 441 1446 inlinuntur,
448 1369 640 1429 carbunculos
652 1371 805 1432 extrabant
816 1374 847 1433 in
861 1375 930 1433 vino
942 1382 1044 1434 coctae
1060 1382 1091 1433 et

96 1453 251 1530 inpositae.
263 1453 459 1529 carcinomati,
474 1454 498 1511 si
510 1454 574 1512 siue
586 1453 687 1515 ulcere
701 1463 759 1532 est,
777 1473 860 1533 quam
874 1458 1091 1534 pinguissimam

66 1537 179 1599 socam
193 1536 294 1613 inponi
310 1552 403 1612 paene
419 1536 566 1612 singulare
580 1538 739 1598 remedium
752 1547 816 1615 est,
841 1542 910 1599 item
926 1540 1091 1618 phagedae-

96 1637 160 1679 nae.
189 1619 264 1677 cinis
278 1634 337 1679 nou
352 1636 391 1677 ex
407 1618 463 1678 alia
483 1620 590 1679 arbore
606 1623 718 1697 acrior,
741 1631 864 1699 purgat,
880 1623 1071 1699 conglutinat,
1082 1630 1145 1686 124-

95 1702 210 1779 replet,
226 1700 387 1777 adstringit.
408 1701 518 1762 bibitur
533 1712 563 1763 et
577 1704 613 1763 ad
624 1704 832 1765 discutiendum
842 1708 1012 1781 sanguinem
1022 1723 1091 1765 con-

95 1794 226 1859 cretum,
242 1786 315 1843 item
331 1787 497 1862 percussis,
512 1789 732 1865 praecipitatis,
752 1789 864 1864 ruptis,
887 1788 1037 1846 convolsis
1052 1790 1091 1847 oi·

8 1912 10 1941 ,
95 1869 179 1927 neme
193 1866 210 1899 ’²
223 1866 240 1901 '⁶
255 1866 366 1942 cyathis
392 1869 514 1945 singulis
535 1887 627 1948 aquae
649 1878 681 1929 et
701 1869 770 1929 olei.
800 1869 889 1929 datur.
901 1871 1036 1929 tetanicis
1062 1878 1093 1929 ct

63 1970 90 2009 ro
99 1952 254 2028 spasticis,
266 1953 337 2012 item
350 1960 438 2029 potus
452 1952 501 2013 vel
516 1953 628 2013 inlusus
642 1952 783 2013 coeliacis
800 1961 831 2012 et
845 1953 1040 2028 dysintericis.
1060 1962 1092 2013 ct

98 2036 125 2093 si
142 2034 208 2111 quis
225 2050 334 2095 cocum
349 2035 417 2096 oleo
433 2044 646 2121 perunguatur,
667 2036 827 2097 excalfacit.
857 2036 934 2097 idem
945 2055 1009 2097 curn
1023 2055 1092 2099 cera

96 2125 131 2177 et
143 2134 267 2177 rosaceo
284 2118 421 2179 subactus
443 2119 583 2179 ambustis
604 2121 768 2181 cicatricem
789 2122 986 2181 tenuissimam
1001 2121 1090 2181 obdu-

94 2202 144 2260 cit.
180 2198 324 2261 lusciosos
348 2219 387 2263 ex
411 2202 479 2262 oleo
493 2203 795 2280 inlinitusemcndat,
809 2204 995 2281 dentiumque
1019 2205 1090 2265 vitia

95 2284 205 2344 crebro
220 2285 332 2345 iricatu.
363 2285 488 2363 produnt
504 2288 605 2363 etiam,
628 2289 654 2346 si
669 2289 734 2365 quis
747 2287 883 2348 inclinata
900 2288 1008 2348 arbore
1023 2307 1070 2349 so·
1081 2296 1134 2349 125

64 2385 87 2425 a
97 2371 168 2445 pino
187 2384 240 2427 ore
258 2368 382 2445 aliquem
394 2368 499 2429 nodum
514 2371 577 2429 eius
590 2387 689 2431 morsu
702 2370 857 2433 abstulerit
879 2370 959 2431 nollo
973 2372 1090 2433 uidente

95 2460 185 2527 atque
201 2470 265 2511 conr
279 2451 355 2511 aluta
368 2452 517 2529 inligatum
532 2453 601 2513 licio
617 2472 635 2513 e
650 2453 729 2513 collo
742 2453 943 2532 suspenderit,
968 2462 1091 2512 strumas

97 2542 129 2593 et
144 2534 293 2612 parotidas
314 2535 427 2595 discuti
457 2544 561 2597 cortex
581 2538 666 2597 tritus
686 2556 750 2598 curn
769 2537 840 2598 olco
859 2536 971 2596 ventris
991 2535 1091 2597 ulcero

96 2626 186 2679 sanat.
217 2618 324 2679 modae
338 2620 436 2696 moesi
451 2637 604 2696 verrucas,
626 2620 740 2695 tbpmos
758 2622 853 2695 nitro,
875 2619 967 2679 farina
987 2618 1090 2679 additis

95 2700 211 2761 tollunt.
247 2701 333 2780 spodi
353 2704 447 2763 vicem
479 2702 599 2765 exhibet
618 2704 786 2764 iruticuma
805 2703 903 2763 radice
925 2702 1092 2763 exeuntium

62 2786 178 2845 acinis.
209 2784 257 2845 bis
284 2785 363 2845 lotas
389 2785 504 2847 adiecto
528 2786 676 2864 psinritbio
693 2787 836 2863 digeritur
853 2788 882 2845 in
898 2784 1033 2863 pastillos
1055 2783 1091 2843 ad
1125 2807 1129 2816 ¹

93 2867 196 2929 nlcera
211 2868 361 2929 oculorum
374 2877 405 2929 ct
419 2870 595 2931 scabritiam.

9 3022 10 3025 Ἴ
159 2952 243 3031 (64.)
277 2949 435 3030 Caprilicus
453 2955 604 3013 etiamnum
618 2952 708 3015 multo
729 2953 877 3016 eilicacicr
890 2953 955 3011 fico.
987 2949 1070 3011 lactis
1083 2960 1135 3014 126

94 3037 188 3095 minus
203 3034 306 3109 babet,
316 3036 432 3097 surculo
445 3054 561 3114 quoquc
576 3037 639 3096 eius
656 3036 732 3099 lacte
743 3033 913 3111 cocgolatar
925 3036 955 3095 iu
966 3050 1089 3095 caseum.

95 3128 254 3197 exceptam
269 3118 300 3177 id
316 3128 502 3197 coactumque
519 3122 549 3181 in
564 3119 698 3180 duritiam
709 3121 880 3180 suavitatem
890 3117 1027 3177 carnibus
1043 3116 1092 3177 ad-

10 3212 12 3221 ·
62 3202 163 3261 caleat.
182 3204 306 3263 fricatur
316 3201 405 3262 diluto
424 3222 462 3263 ex
476 3212 572 3279 aceto,
579 3204 716 3265 nascetur
730 3200 953 3263 exulceratoriis
967 3199 1090 3263 medica·

92 3288 213 3363 nrentis,
227 3285 326 3347 alvom
340 3285 446 3362 soluit,
464 3285 578 3345 volvam
593 3304 657 3347 eum
669 3285 764 3359 amylo
779 3282 885 3360 aperit,
901 3300 1019 3345 menses
1032 3284 1092 3340 ciet
1173 3300 1179 3311 ¹

94 3386 161 3427 cnm
175 3369 258 3430 luteo
274 3370 333 3429 ori.
368 3369 533 3447 podagricis
554 3387 617 3429 cauo
639 3368 730 3429 larioa
749 3364 853 3425 Graeci
872 3364 933 3425 leni
953 3365 1089 3425 inlinitur.

95 3470 196 3531 cpras,
214 3470 341 3532 psoras,
358 3451 505 3527 lichenas,
523 3451 682 3528 lentigines
697 3456 858 3526 expurgat,
875 3447 947 3507 item
963 3462 1092 3506 venena·
