2484 3817
339 222 419 269 nan.
436 219 526 269 ursa.
542 222 643 269 xxm.
658 222 683 273 ι.
701 210 854 290 (to-aa)
1078 213 1101 277 a

100 392 228 453 memus.
261 373 299 433 de
320 374 479 451 generibus
499 375 621 453 anguiis
637 375 784 437 disserere
799 378 959 438 mmersnnr
973 386 1004 438 et
1017 379 1099 439 inex·

100 458 235 538 plicahiic
251 465 298 517 est
314 458 493 518 discordibus
508 458 685 519 medicorum
699 460 859 519 sententiis.

154 541 240 621 (20.)
273 540 473 601 Surrentinum
488 548 608 602 veteres
623 560 753 601 manuum
768 544 950 621 probavere,
966 563 1095 623 sequens
1104 557 1141 613 33

99 632 174 687 aetas
192 626 340 685 Albanrutr
361 633 409 685 aut
424 625 576 687 Falernum
599 635 630 685 et
648 625 753 685 deinde
776 626 833 686 ulia
851 626 900 686 alii
915 629 1095 706 iniquissimo

80 728 208 788 sgeuere
225 709 337 769 decreti
350 708 427 787 quod
438 711 541 787 cuique
556 710 751 787 gratissimum
765 711 873 769 ceteris
886 712 1017 771 omnibns
1028 730 1096 791 pro·

98 792 261 854 nuntiando.
288 792 366 870 quod
379 800 410 851 ut
420 801 587 853 constarent
598 794 775 869 sententiae,
793 800 880 870 quota
892 796 989 870 portio
1001 804 1096 856 tamen

98 876 259 938 mortalium
276 875 321 935 his
337 876 497 953 generibus
514 884 618 954 posset
632 872 694 937 otii
724 878 781 935 iem
794 893 868 935 vero
885 893 940 935 nec
955 895 1095 955 proceres

97 978 213 1039 usquam
229 961 363 1021 sinceris.
392 977 428 1020 eo
441 974 551 1019 venere
568 976 666 1021 mores
684 968 716 1019 ut
730 960 845 1019 nomina
856 959 942 1018 modo
958 960 1096 1021 cellarum

96 1052 237 1121 veneant,
256 1042 409 1121 statimque
426 1044 456 1103 in
470 1043 580 1104 lacibus
597 1044 760 1104 vindemiae
770 1042 978 1103 adniterentur.
1009 1058 1138 1123 eugeus

12 1152 13 1205 3
70 1143 89 1182 ιι
97 1128 257 1205 ilercnies,
278 1129 379 1189 miram
399 1128 493 1204 dictu,
515 1128 699 1187 innocentius
714 1130 771 1185 iam
785 1134 832 1185 est
849 1126 1048 1203 quodcumque
1066 1138 1097 1189 et

12 1220 13 1235 ¹
96 1211 262 1287 ignobilius.
293 1210 366 1271 baec
386 1219 480 1271 temen
501 1212 600 1271 iacere
623 1211 856 1270 constantissime
877 1210 1097 1289 videnturque·
1168 1216 1173 1225 ’

95 1310 153 1353 rum
168 1296 348 1355 mentionem
357 1294 485 1355 lecimus.
513 1297 615 1371 siquis
630 1294 813 1371 hocquoque
824 1292 979 1354 discrimen
990 1296 1095 1373 exigit,

12 1392 13 1435 1
95 1377 247 1439 Falernum
270 1394 324 1438 nec
340 1380 369 1438 in
387 1379 517 1441 novitate
532 1396 586 1438 neo
603 1380 635 1437 in
650 1379 736 1437 nimia
750 1385 898 1437 vetustate
915 1380 1035 1455 corpori
1050 1397 1096 1439 sa·

12 1444 14 1487 t
95 1461 175 1522 lubre
196 1470 253 1521 est.
286 1462 379 1522 media
394 1463 456 1521 einr
476 1470 558 1522 aetas
578 1480 593 1521 a
610 1461 667 1521 XV
688 1462 769 1521 aunis
790 1462 900 1539 incipit.
933 1461 964 1519 in
985 1461 1094 1539 frigido

12 1606 14 1617 ,
66 1554 161 1623 opotn
190 1544 343 1605 stomacho
369 1545 458 1623 utile,
487 1562 545 1605 non
572 1549 642 1606 item
667 1546 697 1605 in
725 1544 825 1604 calida.
859 1544 986 1603 diutinae
1018 1547 1136 1611 tussiae

94 1629 232 1689 sorbetur
251 1644 362 1688 merum
382 1628 493 1689 utiliter
512 1648 528 1689 a
544 1630 666 1706 ieiunis,
692 1630 763 1687 item
777 1630 807 1686 in
821 1629 975 1704 quartanis.
1012 1628 1094 1689 nulio

12 1732 14 1797 ᾗ
93 1730 185 1789 aeque
206 1727 302 1772 venae
325 1709 495 1775 excitantur.
537 1713 632 1773 alvom
655 1714 750 1787 sistit,
774 1723 881 1786 corpus
902 1709 961 1768 alit.
1001 1711 1095 1771 credi·

92 1804 150 1855 tum
172 1802 219 1856 est
243 1794 450 1856 obscuritatem
463 1798 543 1856 visus
559 1797 676 1871 iacere,
699 1810 755 1852 nec
770 1791 915 1869 prodesse
933 1795 1031 1852 nervis
1045 1804 1095 1855 aut

11 1904 14 1961 p
92 1880 219 1939 vesicae.
250 1879 363 1939 Albana
383 1882 482 1939 nervis
503 1878 637 1954 utiliora,
663 1875 813 1936 stomacho
828 1875 921 1933 minna
937 1891 1012 1953 qnae
1028 1884 1095 1935 sunt

61 1974 85 2013 ιο
96 1961 206 2038 dulcia,
223 1972 338 2024 austera
353 1963 402 2023 vei
417 1963 542 2024 Falerno
558 1962 682 2022 utiliora.
713 1959 933 2019 concoctionem
943 1960 1034 2018 minus
1046 1959 1094 2018 ad-

95 2046 212 2122 iuvant,
227 2046 399 2107 stomachum
411 2048 523 2108 modice
539 2046 667 2124 inplent,
682 2052 711 2103 at
721 2043 891 2102 Surrentina
903 2041 983 2102 nulio
994 2043 1093 2119 modo,

11 2154 12 2159 ¹
94 2146 150 2189 nec
167 2137 252 2209 eaput
270 2136 427 2209 temptant,
451 2129 589 2190 stomachi
609 2140 641 2189 et
655 2128 858 2187 intestinorum
873 2125 1093 2186 rheumatismos

93 2210 238 2273 cohihent.
268 2211 401 2274 Gaecnha
417 2216 472 2273 iarn
486 2231 544 2273 non
560 2215 724 2291 gignuntur.

145 2294 237 2376 ,(21.)
273 2296 311 2356 Et
332 2314 406 2375 quae
421 2305 576 2375 supersunt
592 2298 692 2355 Setina
707 2294 792 2353 cibos
809 2294 952 2371 concoqui
971 2300 1087 2371 cogunt.
1100 2303 1136 2359 ae

64 2381 195 2439 saririum
221 2379 287 2459 pius
313 2380 502 2458 Surrentino,
530 2378 708 2446 austeritatis
731 2376 865 2452 Albano,
890 2376 1093 2437 vehementiae

91 2462 443 2524 minusiaiemohahem.
472 2465 508 2523 ah
517 2463 561 2523 his
569 2459 1094 2537 Statananoaiongointervaiioalue-

93 2546 155 2605 rint.
178 2546 247 2608 alvo
261 2550 336 2607 citae
351 2548 498 2625 Signinum
513 2561 643 2606 maxume
657 2544 822 2605 conducere
835 2542 1022 2603 indubitatum
1035 2550 1090 2600 est.
1179 2592 1185 2607 ‚

153 2630 237 2709 (22.)
265 2629 388 2709 Reliqua
402 2634 432 2691 in
449 2648 598 2690 commune
613 2631 753 2690 dicentur.
781 2624 858 2686 Vino
874 2625 1089 2700 aluntnrvires,
1100 2634 1133 2689 37

91 2716 210 2791 sanguis
225 2712 369 2792 colosque
381 2714 532 2775 hominum.
560 2714 617 2774 hoc
631 2713 719 2772 distat
735 2710 817 2770 orbis
831 2710 942 2769 medius
953 2716 985 2769 et
994 2708 1093 2766 mitior

61 2816 82 2856 co
91 2796 176 2875 plaga
191 2814 208 2857 a
224 2798 426 2859 circumiectis.
458 2807 591 2876 quantum
605 2795 665 2857 iilis
680 2794 782 2854 teritos
798 2794 869 2853 iacit
882 2791 1018 2866 roboris,
1032 2799 1092 2849 tan·

11 2908 12 2929 ι
91 2888 148 2939 tum
169 2880 259 2942 nobis
276 2881 324 2941 hie
338 2900 433 2942 srrcus.
466 2882 550 2941 iactis
566 2888 654 2959 potus
667 2894 739 2937 ‘ossa
753 2877 820 2954 alit,
839 2878 954 2951 frugum
969 2890 1091 2949 nervos,

11 3026 12 3035 χ
90 2979 181 3041 aquae
204 2966 310 3024 carnis.
340 2965 409 3025 ideo
431 2968 523 3025 minus
544 2965 662 3024 ruboris
686 2970 732 3021 est
751 2963 782 3020 in
796 2957 970 3036 corporibus
986 2956 1046 3016 iilis
1061 2965 1092 3016 et

11 3056 12 3083 ι
89 3049 179 3107 minus
208 3048 328 3108 roboris
354 3056 510 3127 contraque
539 3048 657 3107 labores
682 3046 848 3123 patientiae.
884 3042 954 3099 rino
974 3041 1134 3105 modicos&

91 3132 171 3189 nervi
187 3133 342 3209 iuvantur,
357 3135 526 3211 copiosiore
537 3131 701 3205 laeduntur,
717 3130 761 3189 sic
773 3135 804 3186 et
814 3124 898 3184 oculi.
927 3125 1091 3185 stomachus
1119 3131 1122 3136 ⁴

11 3200 12 3221 ¹
63 3222 247 3275 crecreatnr
273 3220 305 3273 et
323 3214 489 3294 adpetentia
509 3216 641 3275 ciborum
657 3214 812 3285 invitatur,
836 3207 954 3265 tristitia
973 3216 1005 3269 et
1022 3222 1092 3267 eura

95 3293 268 3375 hebetatur,
299 3299 380 3359 urina
406 3308 436 3359 et
462 3298 547 3375 algor
571 3295 746 3375 expellitur,
772 3306 888 3353 somnus
912 3291 1090 3350 conciliatur.

94 3388 251 3453 praeterea
269 3382 444 3443 vomitiones
465 3383 559 3458 sistit,
585 3379 779 3441 collectiones
798 3382 882 3435 extra
902 3373 975 3434 lanis
988 3373 1090 3433 nuidis

94 3460 229 3540 inpositis
256 3466 378 3543 mitigat.
415 3466 607 3544 Asclepiades
633 3462 787 3536 utilitath
812 3457 873 3516 vini
898 3458 1016 3533 aequari
1040 3457 1091 3514 vix
