2484 3817
101 138 103 141 ’
135 151 174 217 18
343 146 357 191 ·‘
478 161 508 210 ι.
522 162 616 211 rums
632 160 781 209 secum

132 316 203 379 tallo
218 316 295 395 qnod
313 325 418 379 vocant
435 316 653 377 Albucrarense
669 315 816 375 tricesima
829 322 915 375 sexta
931 316 1031 393 portic
1045 318 1129 379 inve·

132 403 226 477 nitur,
240 400 309 463 ideo
326 403 435 463 ceteris
452 408 590 479 praestat.
627 400 799 476 ubicumque
816 400 914 476 quinte
929 401 1043 475 argenti
1058 419 1128 479 por-

133 488 174 545 tio
198 491 243 544 est
267 486 406 550 electrum
428 492 557 545 vocatur.
597 482 704 543 scobes
725 482 780 541 bae
796 483 982 559 reperiuntur
997 483 1027 541 in
1043 502 1126 543 cana·

131 568 226 629 lieusi.
256 569 287 627 bt
302 577 332 628 et
349 586 416 627 eura
432 568 572 628 electrum
585 574 708 643 argento
725 564 830 625 addito.
867 566 985 643 quod
960 584 984 623 ιι
1000 569 1128 643 quintam

88 662 123 717 81
135 652 300 732 portionem
317 653 463 727 excessit,
486 648 636 711 incudibus
651 667 710 709 nou
724 649 845 708 resistit
876 647 1000 709 Vetusta
1017 658 1048 708 et
1065 651 1151 713 ele-s

134 744 197 795 etro
217 737 374 795 auctoritas
388 733 531 795 Homero
538 741 614 793 teste
629 751 678 810 qur
670 731 817 792 Menelai
829 732 941 807 regiam
954 749 1042 809 auro,
1065 734 1127 795 ele-

133 828 212 894 ctro,
239 827 379 896 argento,
407 819 499 878 ebore
532 816 648 891 fulgere
673 816 768 877 tradit
814 814 964 875 llliuerrse
989 816 1126 916 tempium

132 902 220 963 babet
235 901 342 961 Lindos
360 902 471 962 insulae
486 898 705 975 Rhodiorum,
696 918 726 959 ιι
741 916 798 977 quo
815 896 927 958 Helena
940 902 1065 959 sacrarit
1080 919 1127 961 ca-

126 986 216 1045 licem
238 1004 276 1045 ex
300 986 429 1061 electro,
449 982 535 1043 adicit
556 981 696 1057 historia,
724 997 860 1042 mammae
889 1000 959 1041 suae
979 1000 1125 1045 mensura.

132 1067 242 1128 Electri
255 1078 355 1129 natura
367 1076 413 1129 est
423 1066 458 1127 ad
469 1065 648 1125 lucernarum
659 1066 763 1125 lumina
777 1065 882 1125 elarius
893 1074 1016 1142 argento
1028 1067 1125 1144 splen·
1137 1088 1166 1128 m

134 1152 212 1215 dere.
249 1151 326 1229 quod
346 1160 392 1209 est
412 1151 538 1209 nativam
567 1158 598 1208 et
622 1166 734 1209 venena
764 1148 966 1227 deprehendit.
1003 1168 1126 1229 namque

133 1236 296 1295 discurrunt
314 1236 344 1292 iu
364 1232 502 1292 calicibus
523 1249 606 1291 arcus
628 1232 812 1292 caelestibus
827 1231 938 1291 similes
958 1250 1022 1292 cum
1036 1236 1128 1309 igneo

134 1318 276 1394 stridore,
293 1326 322 1377 et
335 1318 450 1392 gemina
465 1316 578 1374 ratione
593 1314 771 1392 praedicunt.

91 1413 126 1467 ει
199 1401 278 1480 (24.)
294 1400 391 1459 Αιιιι
406 1407 500 1459 statua
513 1400 603 1476 prima
618 1400 741 1456 omnium
756 1398 833 1457 nulla
850 1399 988 1459 inanitate
1002 1408 1033 1459 et
1046 1408 1127 1460 ante·

134 1503 217 1562 quarn
233 1503 270 1544 ex
284 1501 354 1543 aere
374 1483 469 1561 aliqua
486 1481 571 1542 modo
587 1482 688 1557 lieret,
712 1498 796 1559 quam
813 1489 919 1541 vocant
935 1482 1124 1561 bolospbyra-
1135 1508 1162 1547 ns

134 1578 201 1645 tou,
221 1569 252 1626 in
272 1566 380 1644 templo
396 1566 547 1626 Anaetidis
569 1567 665 1643 posita
686 1566 804 1640 dicitnr,
828 1582 886 1644 quo
912 1568 970 1625 situ
985 1575 1124 1626 terrarum

92 1669 260 1720 ιιιιοιιιι
289 1650 346 1710 ιιι
381 1651 571 1727 signavimus,
601 1650 715 1709 numine
748 1649 885 1725 gentibus
910 1648 969 1707 illis
992 1652 1126 1710 sacratis·

92 1749 127 1802 83
138 1739 220 1797 simo.
241 1735 354 1813 direpta
371 1751 406 1795 ea
424 1740 470 1792 est
487 1734 595 1793 Antoni
611 1732 752 1792 Parthicis
769 1732 873 1808 rebus,
889 1734 1048 1809 scitumque
1061 1747 1126 1793 ιιι·

134 1828 212 1880 ratur
237 1818 439 1878 veteranorum
465 1818 547 1876 unius
572 1816 721 1876 Bononiae
753 1815 889 1893 hospitali
916 1815 972 1873 divi
999 1815 1124 1914 Augusti

135 1920 223 1979 cena,
244 1920 306 1961 curn
328 1902 525 1976 interrogatus
544 1908 645 1976 esset,
666 1917 804 1959 verumne
823 1905 904 1958 esset
921 1916 984 1958 euru
1000 1901 1049 1977 qui
1066 1901 1164 1978 pri-ro

134 2005 195 2046 mus
210 1984 350 2044 violasset
361 1983 390 2043 id
397 2002 499 2043 numen
511 1982 603 2042 oculis
615 1983 809 2059 membrisque
820 1990 932 2060 captum
944 1984 1123 2060 exspirasse,

134 2067 285 2146 respoudit
310 2068 386 2127 enim
413 2075 471 2125 tum
496 2084 626 2126 maxume
649 2068 810 2142 Augustum
839 2084 856 2125 e
884 2083 969 2124 crure
992 2067 1055 2125 eius
1075 2082 1124 2125 ce·

137 2169 206 2211 nare
233 2167 324 2227 seque
348 2150 427 2209 illum
443 2168 511 2209 esse
534 2157 682 2226 totumque
708 2149 764 2208 sibi
779 2166 897 2208 censum
912 2167 950 2207 ex
965 2166 1000 2207 ea
1015 2151 1121 2225 rapina.

134 2234 283 2293 Hominum
304 2234 412 2311 primus
435 2241 466 2294 et
487 2250 602 2293 auream
626 2240 747 2291 statuam
764 2231 924 2291 eteolidam
938 2229 1026 2291 LXX.
1041 2234 1124 2291 circi-

136 2326 181 2377 ter
199 2316 360 2393 olympiade
384 2316 507 2393 Gorgias
530 2315 689 2375 Leontinus
710 2316 858 2393 Delphis'
849 2334 879 2375 un
898 2314 1005 2393 templo
1025 2317 1162 2394 possitus

137 2401 201 2461 sibi.
233 2407 327 2459 tantus
343 2408 406 2460 erat
421 2398 569 2460 docendae
585 2401 655 2458 artis
672 2402 817 2459 oratoriae
834 2406 978 2476 quaestus

94 2495 129 2549 ει
203 2482 282 2564 (25.)
304 2481 413 2542 Aurum
436 2482 570 2561 pluribus
583 2483 675 2542 modis
694 2483 813 2560 pollet'
804 2501 833 2541 m
851 2479 1006 2570 remediis,
1025 2465 1126 2542 velue·

136 2570 264 2645 ratisque
286 2575 316 2626 ιι
336 2566 491 2625 infantibus
511 2566 671 2643 adplicatur
691 2575 721 2624 ut
741 2568 832 2623 minus
856 2574 980 2625 noceant
996 2584 1069 2644 quae
1079 2567 1126 2624 in·

18 2709 22 2722 ,
136 2653 263 2712 ιιιιιιιι·
277 2651 427 2711 venalicia.
465 2656 512 2708 est
530 2652 587 2708 et
580 2652 636 2727 ipsi
653 2648 800 2726 superlato
817 2649 860 2707 vis
875 2647 1020 2725 malefica,
1042 2649 1124 2725 galli·

137 2752 234 2794 uarum
254 2748 368 2811 quoque
396 2739 426 2793 et
452 2735 653 2810 pecuariorum
675 2733 786 2791 laturis.
826 2732 982 2791 remedium
1004 2732 1160 2792 abluerem

137 2818 252 2877 inlatum
267 2826 297 2876 et
312 2834 452 2894 spargere
465 2833 517 2875 eos
533 2818 636 2892 quibus
647 2814 755 2873 mederi
767 2814 852 2875 velis.
877 2822 1006 2873 torretur
1019 2824 1125 2875 etcum

138 2900 206 2961 salis
223 2902 339 2978 gemino
354 2898 502 2978 pondere,
525 2900 630 2975 triplici
645 2898 743 2973 misyis
764 2916 797 2957 ae
821 2917 919 2957 rursus
935 2914 997 2956 cum
1014 2897 1124 2957 duabus

138 2984 205 3044 salis
220 2984 403 3062 portionibus
426 2991 456 3044 et
479 3000 533 3041 uua
556 2982 660 3059 lapidis
684 2999 768 3057 quem
785 2982 914 3040 schiston
933 2989 1046 3039 vocant.
1083 2982 1124 3039 ita

137 3069 215 3127 virus
231 3066 316 3125 tradit
330 3067 417 3127 rebus
433 3086 486 3127 uua
501 3067 634 3125 crematis
649 3064 679 3122 iu
694 3064 773 3123 fictili
788 3082 858 3123 vase
870 3065 963 3141 ipsum
979 3070 1124 3141 purum·et

95 3164 129 3217 85
140 3153 344 3225 incorruptum.
379 3149 486 3209 relicus
503 3151 574 3207 cinis
593 3156 723 3207 servatus
739 3150 768 3205 in
787 3147 867 3207 fictili
885 3165 923 3207 ex
937 3164 1010 3224 aqna
1024 3146 1161 3205 inlitusss

117 3231 265 3292 'lichenas
283 3233 312 3291 in
325 3233 398 3292 iacic
419 3267 460 3277 -
480 3232 608 3291 lomento
630 3248 667 3289 eo
685 3232 820 3290 convenit
834 3229 910 3289 ablui
930 3265 991 3304 -‚
1012 3228 1123 3288 listulas

139 3316 224 3374 etiam
240 3323 319 3375 sanat
341 3325 371 3376 et
393 3332 466 3391 quae
481 3324 620 3375 vocantur
639 3312 886 3374 baemorrboides.
920 3312 1022 3392 quodsi
1040 3313 1126 3371 tritus

138 3415 243 3477 pumex
261 3400 396 3476 adicitur,
419 3401 512 3475 putria
532 3397 629 3459 ulcera
643 3406 673 3457 et
690 3398 774 3458 taetri
790 3395 889 3456 odoris
911 3395 1060 3473 emendat,
1084 3412 1126 3454 ex
