2484 3817
123 174 166 237 24
489 186 518 235 c.
536 186 635 234 entur
652 182 801 234 suenum

123 350 172 401 tur
194 349 225 401 ct
249 340 320 403 iulia
335 358 399 401 cum
414 356 502 417 pomo
520 339 555 399 ad
575 338 694 399 eosdem
710 355 787 397 usus.
819 338 948 415 pirorum
962 335 1034 414 ligni
1051 338 1126 397 cinis

122 432 225 484 contra
240 426 346 502 fungos
362 426 515 483 etiamnum
531 422 677 483 efficacius
694 421 817 499 prolicit.
847 420 922 480 hiala
940 422 1062 500 piraque
1083 423 1126 481 in·

121 510 227 569 mentis
241 516 357 587 portatu
368 510 441 567 mire
453 508 552 584 gravia
562 513 628 565 sunt
638 504 687 564 vel
699 522 797 583 pauca.
813 504 945 565 remedio
955 506 1034 563 aiunt
1045 522 1125 580 essa,

123 595 147 651 si
169 596 250 671 prins
269 592 380 653 edenda
396 593 500 652 dentur
513 589 606 666 aliqua
621 596 669 647 aut
684 591 784 666 utiquc
800 588 997 648 ostendantur.

82 684 131 739 117
193 676 276 756 (53.)
314 677 375 737 Fici
402 692 487 736 sucus
515 672 625 731 lacteus
647 673 723 732 aceti
746 680 873 733 naturam
896 671 1001 748 habet,
1026 672 1152 749 itaquae

123 760 239 836 coaguli
255 761 343 821 modo
359 760 404 821 lac
418 754 568 819 contrahit.
597 757 740 834 excipitur
759 764 826 815 ante
840 757 1033 814 maturitatem
1046 755 1124 833 pomi

123 851 154 903 ct
175 846 204 903 in
230 845 331 906 umbra
349 848 472 904 siccatur
493 838 528 897 ad
544 839 701 917 aperienda
716 838 832 915 ulcera,
859 839 962 899 cienda
978 846 1126 898 menstrua

124 926 261 1006 adpositu
278 946 340 989 cunr
355 928 434 986 luteo
450 924 498 982 ovi
514 931 562 981 aut
575 932 648 1001 potu
662 942 725 982 cnm
742 921 846 998 amylo.
877 922 1016 1000 podagris
1032 920 1126 981 inlini·

125 1018 172 1069 tur
197 1030 260 1071 enm
281 1014 370 1071 farina
386 1007 488 1067 Gracci
509 1006 569 1065 leni
590 1015 620 1066 et
641 1016 734 1067 aceto.
770 1006 849 1085 pilos
866 1024 983 1085 quoquc
1000 1004 1127 1065 detrahit

125 1095 385 1173 palpebrarumque
409 1090 537 1149 scabiem
555 1091 703 1166 emendat,
727 1092 798 1149 item
815 1090 944 1149 lichenas
963 1098 993 1149 et
1010 1106 1126 1167 psoras,
1137 1104 1162 1145 rc

82 1178 241 1250 llssalvom
267 1176 363 1236 solvit.
405 1173 489 1232 lactis
514 1173 610 1233 dcnlui
636 1182 736 1233 natura
759 1174 933 1233 adversatur
954 1172 1126 1232 crabronum

124 1276 334 1338 vesparumque
347 1266 376 1317 et
389 1256 522 1317 similium
532 1259 667 1334 venenis,
682 1258 815 1335 privatim
829 1258 1021 1334 scorpionum.
1050 1255 1127 1314 idern

125 1356 188 1401 curn
209 1343 332 1418 axungia
352 1358 491 1401 verrucas
513 1341 598 1401 tollit.
638 1341 709 1401 lolia
732 1349 763 1401 et
785 1358 860 1419 quae
880 1358 939 1399 non
960 1348 1127 1398 maturuere

124 1425 170 1484 lici
194 1426 309 1485 strumis
333 1424 490 1483 inlinuntur
508 1425 698 1502 omnibusque
711 1443 789 1502 quae
806 1424 980 1484 emollienda
995 1425 1053 1483 sint
1070 1422 1127 1481 dis·

123 1510 304 1569 cutiendave.
335 1516 485 1586 praestant
509 1509 566 1568 hoc
594 1517 624 1567 at
648 1526 704 1587 per
729 1527 762 1568 se
790 1508 868 1569 iolia.
901 1516 932 1568 et
954 1508 1028 1567 alins
1054 1523 1124 1567 usus
1137 1524 1163 1565 rs

124 1602 224 1651 eorum
245 1593 275 1650 in
302 1592 432 1651 fricando
456 1592 573 1653 lichene
593 1600 624 1652 et
644 1592 785 1670 alopeciis
805 1600 835 1653 et
859 1608 1056 1670 quaecumque
1077 1606 1128 1648 ex-

82 1686 132 1739 119
145 1674 269 1735 ulcerari
286 1692 358 1753 opus
374 1678 419 1735 sit.
448 1684 478 1736 et
495 1677 635 1736 adversus
650 1678 729 1735 canis
744 1694 857 1736 morsus
875 1692 1018 1736 ramorum
1032 1675 1128 1732 teneri

123 1758 255 1818 cauliculi
279 1762 337 1819 cuti
359 1761 541 1837 inponuntur.
575 1760 663 1820 iidem
687 1778 750 1820 cnm
773 1760 861 1819 melle
883 1758 1033 1818 ulceribus
1053 1773 1128 1834 quae

124 1845 203 1901 ceria
218 1851 358 1901 vocantur
376 1844 540 1904 inlinantur.
571 1844 726 1904 extrahunt
740 1845 861 1904 infracta
880 1860 947 1902 ossa
962 1859 1026 1900 cum
1040 1857 1128 1918 papa-

123 1928 203 1985 veris
224 1924 369 1986 silvestris
393 1928 491 2005 loliis,
515 1944 615 1988 canum
637 1929 822 1988 rabiosorum
835 1944 949 1987 morsus
964 1924 1038 1984 folio
1057 1926 1164 1983 tritoao

125 2026 163 2067 ex
178 2016 262 2067 aceto
280 2012 453 2088 restingunt.
488 2032 506 2073 e
523 2014 606 2089 nigra
623 2012 679 2071 hcu
695 2010 805 2071 candidi
821 2009 953 2070 cauliculi
969 2008 1127 2067 inlinuntur

124 2090 299 2169 inrnncnlis,
325 2097 413 2153 muris
437 2098 535 2155 aranei
555 2095 702 2154 morsibus
724 2112 787 2153 cum
809 2111 885 2152 cera.
934 2093 1006 2150 cinis
1030 2108 1128 2149 aarum

82 2184 133 2237 120
153 2192 170 2233 e
193 2174 273 2235 foliis
297 2182 472 2255 gangraenis
494 2176 755 2254 consumendisque
770 2194 845 2256 quac
865 2181 1046 2235 excrescunt.
1080 2174 1128 2232 lici

123 2265 251 2319 maturae
270 2263 378 2320 urinam
399 2265 494 2336 cient,
515 2260 610 2321 alvom
632 2259 767 2335 solvont,
792 2259 928 2319 sudorem
943 2262 1063 2317 movent
1077 2274 1128 2335 pa-

123 2340 274 2419 pulasque.
306 2345 343 2404 ob
359 2346 389 2405 id
406 2354 539 2404 autumno
556 2341 737 2418 insalubres,
752 2344 886 2419 quoniam
900 2340 1029 2401 sudantia
1043 2340 1127 2401 huius
1137 2361 1166 2401 aa

124 2424 180 2483 cibi
197 2441 289 2503 opera
304 2446 429 2506 corpora
444 2427 670 2505 perfrigescunt.
709 2442 764 2484 nec
779 2424 928 2484 stomacho
945 2424 1050 2500 utiles,
1074 2426 1130 2485 sed

124 2507 158 2566 ad
175 2508 269 2569 breve
283 2519 414 2589 tempus,
440 2512 550 2569 atroci
568 2510 731 2568 contrariae
748 2507 965 2585 intelleguntur.
1003 2510 1130 2567 novissi-

122 2600 186 2650 mae
207 2591 387 2653 salubriores
405 2610 488 2670 quam
500 2595 628 2671 primae,
642 2592 803 2651 medicatae
816 2609 890 2651 vero
907 2608 1065 2669 numquam.
1085 2593 1130 2651 in-

125 2692 230 2733 venum
250 2678 322 2735 viris
348 2684 472 2753 augent,
502 2677 620 2737 senibus
642 2674 795 2736 meliorem
815 2674 1001 2735 valitudinem
1020 2674 1129 2735 iaciunt

37 2809 42 2827 ,
122 2760 275 2835 minusque
298 2777 439 2836 rugarum.
480 2762 556 2820 sitim
576 2758 694 2836 sedant,
722 2757 850 2819 calorem
865 2760 1059 2837 refrigerant,
1087 2760 1167 2819 obao

14 3652 53 3757 h

124 2842 153 2901 id
174 2858 233 2901 non
249 2843 398 2920 negandae
417 2844 446 2903 in
461 2844 593 2905 febribus
609 2846 777 2922 constrictis
792 2860 863 2922 quas
878 2852 997 2921 stegnas
1012 2849 1127 2902 vocant.

83 2935 132 2987 121
150 2928 247 2985 siccae
263 2928 309 2985 iici
325 2927 502 2987 stomachum
517 2928 645 3004 laedunt,
661 2931 771 3005 gutturi
788 2937 818 2987 et
831 2927 962 2987 faucibus
976 2926 1128 3003 magnilica

125 3008 222 3068 utiles.
254 3018 355 3070 natura
372 3011 418 3070 his
438 3011 656 3075 excalfaciendi.
683 3014 759 3071 sitim
776 3012 926 3087 adferunt,
948 3009 1043 3069 alvom
1056 3007 1128 3068 mol-

125 3090 214 3169 liunt,
244 3093 455 3155 rheumatismis
484 3098 546 3155 eius
574 3104 604 3155 et
627 3095 776 3155 stomacho
798 3096 970 3155 contrariae.
1008 3094 1127 3151 vesicae

126 3192 243 3254 semper
257 3178 345 3239 utiles
362 3187 392 3239 et
405 3178 623 3239 anhelatoribus
637 3196 671 3236 ac
686 3178 865 3254 suspiriosis,
877 3180 947 3236 item
957 3178 1127 3252 iocinerum,
1135 3193 1166 3235 ss

125 3261 253 3337 renium,
279 3261 385 3321 lienum
400 3263 487 3321 vitiis.
519 3278 626 3340 corpus
648 3267 679 3319 et
699 3262 770 3319 viris
788 3258 936 3336 adiuvant,
963 3258 1002 3319 oh
1018 3259 1047 3318 id
1059 3268 1127 3318 ante

125 3341 254 3403 athletae
277 3345 333 3407 hoc
354 3338 430 3406 cibo
443 3344 653 3423 pascebantur,
674 3341 855 3420 Pythagoras
872 3343 1050 3402 exercitator
1069 3346 1127 3421 pri-

83 3435 135 3487 121
146 3442 208 3485 mus
223 3426 258 3487 ad
272 3432 368 3491 carnis
384 3447 438 3491 eos
458 3428 610 3490 transtulit.
643 3427 829 3501 recolligenti
846 3445 879 3486 se
893 3445 910 3485 a
923 3426 1012 3503 longa
1026 3426 1128 3485 valitu-
