2484 3817
180 72 219 133 04
510 69 540 117 c.
557 68 653 115 rursu
670 64 822 115 secunus

178 231 213 291 ad
222 226 379 287 medicinae
391 222 577 300 usur‘patiuis
596 220 733 280 fictilibus
745 220 894 281 substrato
913 219 1032 298 sulpure
1047 220 1182 295 minuto,

178 312 277 373 lamnis
295 309 429 387 inpositis
448 304 583 365 tenuibus
599 306 773 383 opertisque
788 303 907 381 sulpure
921 312 953 363 et
968 305 1049 363 ierro
1063 304 1182 363 mixtis.

177 412 239 455 cum
258 399 414 469 coquatur,
435 388 588 447 munienda
601 390 631 447 in
647 406 685 448 eo
701 406 794 466 opere
811 388 951 447 foramina
964 388 1086 465 spiritus
1104 404 1183 447 con-

176 478 271 550 venit,
299 472 538 551 alioquiplumbi
561 473 720 532 fornacium
742 471 847 531 halitus
868 470 972 531 noxius
985 472 1126 530 sentitur
1150 479 1183 530 et

175 558 331 637 pestilens,
359 564 390 616 et
408 556 527 617 canibus
555 558 708 631 ocissime,
735 558 860 615 omnium
887 572 961 615 vero
989 553 1202 614 metalloruma

173 643 277 701 muscis
298 649 329 699 et
351 640 510 718 culicibus,
534 641 722 719 quamobrem
741 657 800 700 non
816 647 882 699 sunt
898 657 934 699 ea
952 638 1047 698 taedia
1067 640 1098 697 in
1115 657 1183 698 mc·

131 725 283 792 rostellis.
314 724 427 802 quidam
448 724 477 784 iu
493 724 647 802 coquendo
662 724 783 784 scobem
803 722 912 803 plumbi
932 722 997 782 lima
1012 724 1183 801 quaesitam

173 809 283 887 sulpuri
308 811 448 885 miscent,
472 808 521 868 alii
542 826 692 868 cerussam
711 810 810 887 potius
834 824 916 883 quam
939 806 1048 884 sulpur.
1088 807 1123 865 ut
1150 815 1183 867 et

173 894 268 953 lotura
282 892 391 970 plumbi
407 912 476 952 usus
498 894 527 951 in
542 892 702 968 medicina,
720 910 784 951 cum
800 910 833 951 se
848 894 913 970 ipso
929 892 1034 950 teritur
1050 892 1081 949 iu
1097 909 1180 969 mor·

173 976 252 1037 tariis
266 976 409 1053 plumbeis
427 976 522 1035 addita
534 994 609 1054 aqua
624 976 747 1036 caelesti
760 975 854 1035 donec
871 983 1042 1035 crassescat.
1068 981 1211 1053 pos'tearo

172 1068 362 1137 supernatans
385 1076 458 1135 aqua
480 1059 592 1118 tollitur
615 1062 774 1137 spongeis,
798 1059 875 1138 quod
890 1060 1110 1140 crassissimum·
1125 1061 1181 1119 luit

173 1146 311 1203 siccatum
325 1142 462 1201 dividitur
477 1143 505 1200 in
524 1142 668 1221 pastillos,
697 1143 810 1221 quidam
824 1144 951 1204 limatum
966 1143 1115 1221 plumbum
1135 1146 1180 1203 sic

172 1235 280 1301 terunt,
296 1225 409 1303 quidam
427 1235 457 1285 et
472 1224 687 1303 plumbaginem
702 1228 872 1303 admiscent,
891 1226 939 1286 alii
957 1243 1029 1287 vero
1048 1236 1178 1303 acetum,

129 1322 180 1376 169
192 1310 239 1369 alii
258 1311 364 1387 vinum,
380 1309 428 1371 alii
446 1310 571 1388 adipem,
588 1311 638 1369 alii
653 1327 758 1369 rosam.
791 1310 904 1387 quidam
921 1313 950 1369 in
964 1310 1081 1387 lapideo
1098 1330 1178 1370 mor·

172 1394 246 1453 tario
261 1402 290 1453 et
305 1412 435 1455 maxume
448 1394 597 1453 Thebaico
609 1394 774 1473 plumbeum
789 1394 933 1471 pistillum
941 1391 1041 1454 tere're
1051 1396 1176 1472 malunt,
1186 1414 1205 1453 c
1235 1451 1236 1456 ,

171 1477 377 1556 candidiusque
393 1480 431 1537 ita
443 1478 477 1538 lit
490 1478 737 1554 medicamentum.
767 1478 796 1537 id
811 1488 907 1539 autem
923 1478 1000 1557 quod
1015 1487 1111 1537 ustum
1128 1490 1176 1539 est

117 1560 160 1643 dl:
172 1560 207 1635 lg}
218 1560 363 1639 plumbum
378 1562 491 1622 lavatur
505 1571 537 1621 ut
553 1563 638 1623 stibis
659 1572 690 1622 et
703 1563 829 1623 cadmea.
858 1572 958 1641 potest
973 1562 1175 1641 adstringere,

172 1648 298 1721 sistere,
322 1646 496 1707 contrahere
517 1649 680 1707 cicatrices.
725 1665 794 1706 usus
817 1666 856 1707 ex
879 1647 982 1707 eodem
1002 1654 1033 1705 ct
1054 1648 1085 1705 iu
1105 1666 1176 1707 ocu-

172 1729 265 1788 lorum
280 1729 514 1807 medicamentis,
530 1748 662 1791 maxume
678 1741 779 1791 contra
795 1731 1002 1810 procidentiam
1019 1748 1125 1790 eorum
1145 1741 1176 1792 et

173 1814 327 1873 inanitates
349 1812 477 1873 ulcerum
498 1818 740 1877 excrescentiave
765 1817 911 1894 rimasque
932 1815 1010 1874 sedis
1032 1825 1083 1873 aut
1105 1816 1175 1876 bae·
1166 1837 1204 1876 -so

131 1906 183 1961 170
196 1887 378 1956 morrbordas
411 1906 442 1957 et
464 1898 685 1997 condylomata.
741 1898 789 1957 Ad
816 1898 890 1959 haec
916 1916 1048 1957 maxume
1077 1899 1175 1959 lotura

172 1980 279 2060 plumbi
305 1981 392 2056 lacit,
414 1983 487 2041 cinis
511 1991 605 2041 autem
622 1976 681 2040 usti
702 1981 737 2040 ad
753 1984 902 2059 serpentia
924 1982 1022 2041 ulcera
1044 1992 1095 2041 aut
1110 2002 1175 2043 sor·

172 2063 257 2139 dida,
279 2063 438 2142 eademque
458 2078 531 2145 quae
555 2066 664 2125 chartis
684 2067 761 2125 ratio
775 2068 934 2144 proiectus.
963 2068 1058 2125 uritur
1075 2076 1174 2127 autem

166 2150 202 2213 ‚in
217 2106 324 2226 pdtinis
338 2166 393 2227 per
407 2148 513 2210 lamnas
529 2152 652 2209 minutas
667 2167 730 2209 cum
746 2150 876 2228 sulpure,
893 2158 1038 2210 versatum
1049 2151 1174 2211 rudibus

171 2232 278 2291 ferreis
306 2240 355 2291 aut
380 2227 562 2320 ferulaceis,
583 2232 679 2293 donec
705 2233 802 2311 liquor
826 2243 952 2293 mutetur
978 2236 1007 2291 iu
1030 2235 1203 2295 sineremus

172 2316 239 2375 dein
257 2316 467 2403 refrigeratum
490 2304 595 2379 terit'ur
615 2318 645 2376 iu
664 2319 792 2377 lerinam.
822 2317 869 2377 alii
890 2318 1033 2378 elimatam
1049 2320 1174 2379 scobem

171 2402 202 2459 in
226 2386 307 2460 fictili
332 2402 420 2463 crudo
441 2410 546 2463 cocunt
567 2402 596 2459 in
620 2403 738 2461 caminis
763 2401 857 2471 donec
873 2409 1070 2480 percoquatur
1097 2404 1175 2481 ligli·

171 2500 247 2543 uum.
277 2483 363 2563 ailqui
383 2503 530 2546 cerussam
553 2484 712 2545 admiscent
733 2488 795 2564 pari
809 2503 944 2546 mensura
964 2493 1013 2544 aut
1027 2485 1174 2547 hordeum
1235 2505 1236 2536 t

129 2587 166 2622 sss
178 2576 333 2646 teruntque
352 2572 409 2629 ut
400 2589 429 2629 m
447 2567 537 2643 crudo
550 2567 728 2657 dictumest
741 2578 773 2629 et
787 2570 991 2647 praeierunt
968 2587 1010 2628 src
1021 2570 1174 2647 plumbum
1235 2569 1237 2644 l

171 2651 275 2729 spodio
295 2650 414 2731 Cyprio.
730 2683 734 2693 ι
1181 2668 1203 2709 eu

110 2744 179 2800 ’171
245 2734 310 2812 (51.
313 2737 327 2814 )
345 2736 447 2795 Scorie
470 2751 586 2813 quoque
609 2736 751 2815 plumbi
742 2754 772 2795 rn
785 2755 838 2796 usu
862 2747 914 2797 est.
957 2744 1074 2815 optuma
1094 2757 1173 2817 quae

170 2836 300 2879 maxume
322 2820 357 2879 ad
378 2820 487 2879 luteum
507 2818 637 2880 colorem
661 2819 793 2897 accedit,
817 2822 881 2881 sine
904 2820 1011 2899 plumbi
1032 2821 1173 2901 reliqniis

171 2909 219 2961 aut
231 2903 357 2981 sulpuris
370 2906 470 2980 specie
486 2911 517 2963 et
531 2911 610 2963 terre
629 2922 740 2963 careus.
766 2904 878 2965 lavatur
892 2905 964 2963 baec
978 2906 1007 2963 iu
1019 2909 1172 2966 mortariis

168 2988 299 3046 minutim
318 2986 409 3045 fracta
427 2988 521 3052 donec
534 3005 607 3066 aqua
627 2987 736 3047 luteum
752 2988 882 3049 colorem
898 2987 1006 3064 trabat,
1028 2997 1057 3048 et
1074 2997 1173 3051 trans·

171 3068 316 3129 funditur'
308 3086 394 3127 iuvas
403 3087 514 3147 purum,
527 3071 613 3150 idque
625 3074 754 3150 saepius,
763 3092 855 3151 usque
870 3073 935 3132 dum
944 3072 1075 3131 subsidat
1088 3075 1171 3152 quod
1180 3090 1205 3131 aa

170 3150 350 3211 utilissimum
369 3162 425 3213 est.
460 3153 582 3214 effectus
597 3154 686 3215 habet
702 3156 821 3217 eosdem
836 3173 909 3233 quos
925 3156 1090 3234 plumbum,
1114 3159 1172 3218 sed

170 3236 308 3294 acriores
320 3238 474 3314 mirarique
486 3240 627 3298 succurrit
639 3242 851 3317 experientiam
857 3242 946 3316 arms,
956 3258 993 3299 ne
1003 3240 1092 3300 faece
1106 3246 1172 3320 qui-

169 3315 234 3375 dem
243 3334 339 3377 rerum
348 3330 658 3402 excrementorumque
668 3325 807 3385 foeditate
820 3324 989 3402 intemptata
1000 3332 1046 3382 tot
1057 3327 1170 3389 modis.
