2484 3817
343 167 424 214 aar.
439 165 533 214 msr.
547 165 684 213 mvn.
698 161 727 214 t.
741 152 815 233 (ιι.)
936 177 938 189 ·
1024 151 1085 214 tto

87 327 170 384 actos
196 322 332 400 pinguem
360 318 497 380 sudorem
520 319 551 378 in
576 335 611 378 ea
637 317 806 397 relinquere
833 320 952 396 oceani,
979 319 1085 380 deinde

87 405 219 467 aestibus
233 408 263 465 in
279 403 484 465 Germanorum
499 402 586 462 litora
602 403 668 462 eici.
702 404 732 463 in
749 401 889 479 Aegypto
905 407 983 464 nasci
1001 403 1084 462 simili

88 489 220 550 modoet
239 489 339 549 vocari
360 487 458 563 sacal,
479 488 550 545 item
565 488 594 544 in
608 486 694 546 India
707 487 878 563 gratiusque
894 495 925 546 et
945 504 1000 565 pro
1020 496 1085 550 ture

90 592 157 634 esse
172 572 260 634 lndis.
294 575 325 632 in
342 570 426 647 Syria
441 586 558 647 quoque
574 555 697 628 leminas
712 568 877 628 verticillos
891 569 959 630 inde
980 571 1079 630 lacero
1092 579 1125 635 37

66 665 120 717 set
136 660 234 717 vocari
250 655 396 733 harpaga,
416 655 482 731 quia
497 652 569 712 lolia
588 651 748 730 paleasque
767 660 798 712 et
820 654 943 711 vestium
958 653 1084 714 hmhrias

86 743 206 820 rapiat·
229 737 448 799 'lheochrestus
477 752 589 797 oceano
614 734 644 794 id
669 743 860 795 exaestuante
885 734 920 794 ad
941 735 1085 812 Pyrenaei

85 825 285 903 promontoria
306 823 381 898 eici,
403 819 480 900 quod
503 829 534 880 et
556 818 740 879 Xenocrates
762 818 892 879 credidit.
923 815 1023 893 quide
1040 818 1085 878 his

85 907 253 985 nuperrime
277 906 396 984 scripsit
424 904 554 980 vivitque
581 902 674 962 adhuc
699 901 848 961 Asaruhas
888 901 975 965 tradit
1006 903 1086 961 iuxta

85 991 262 1050 Atlanticum
274 1007 353 1049 mare
364 1005 433 1049 esse
446 986 538 1046 lacurn
545 984 700 1064 Cephisida
710 1001 794 1064 quem
801 983 892 1046 llaori
904 993 1011 1046 vocent
1019 983 1086 1044 Ele·

51 1083 188 1134 acetrum.
222 1072 297 1131 huno
310 1072 376 1132 sole
393 1069 582 1132 excalfactum
603 1089 620 1130 e
639 1070 708 1129 limo
724 1068 849 1130 reddere
866 1069 1007 1129 electrum
1024 1068 1086 1128 ilui-

86 1165 159 1219 tans.
192 1154 327 1215 linaseas
342 1155 461 1214 Airicae
482 1153 577 1213 locum
592 1153 747 1230 Sicyonem
766 1152 894 1231 appellat
917 1161 947 1212 et
963 1145 1127 1217 Gnathin38

86 1258 197 1300 amnem
212 1242 242 1298 in
258 1256 398 1298 oceanum
412 1237 580 1298 eilluentem
595 1256 612 1297 e
627 1236 709 1314 lacu,
726 1238 828 1314 inquo
846 1238 926 1313 avis,
941 1253 1012 1314 quas
1027 1253 1085 1295 me-

85 1323 232 1400 leagridas
245 1331 275 1383 et
289 1321 451 1402 penelopas
462 1329 558 1398 vocat,
572 1323 686 1381 vivere.
711 1321 752 1380 ihi
767 1322 846 1380 nasci
859 1322 973 1380 ratione
986 1319 1084 1380 eadem

50 1403 1116 1570 ruthutilitas,littlthitit:stultitiis³⁷

86 1575 132 1634 los
145 1592 262 1653 quarum
277 1593 294 1633 a
310 1573 504 1634 cacuminibus
519 1574 548 1631 in
562 1581 695 1648 stagnum
710 1569 810 1647 cadat,
825 1569 925 1647 colligi
940 1579 1036 1630 antem
1048 1569 1083 1629 ah

84 1659 246 1735 virginibus
259 1656 460 1734 Hesperidum.
482 1652 597 1714 Ctesias
610 1657 639 1712 in
652 1653 730 1713 Indis
744 1652 849 1714 flumen
865 1672 933 1714 esse
943 1653 1079 1732 Hypoha·
1092 1662 1127 1718 39
1216 1729 1221 1738 .

85 1741 163 1818 rum,
198 1757 256 1819 quo
288 1739 432 1798 vocahnlo
459 1738 640 1814 significetur
669 1739 763 1798 omnia
791 1737 867 1798 bona
896 1756 960 1797 eum
991 1738 1083 1814 ferre,

86 1824 178 1884 lloere
203 1823 437 1900 aseptentrione
460 1822 491 1879 in
511 1822 675 1880 exortivum
698 1839 836 1880 oceanum
856 1823 936 1881 iuxta
958 1829 1085 1880 montem

47 1929 77 1970 ao
87 1908 253 1967 silvestrem
268 1905 423 1965 arhorihns
438 1903 579 1964 electrum
593 1904 765 1965 ierentihns.
795 1906 918 1966 arbores
932 1922 980 1965 eas
996 1905 1084 1983 sipta-

87 1991 191 2051 choras
208 1990 325 2064 vocari,
348 2006 404 2066 qua
428 1987 627 2066 appellatione
645 1988 825 2065 significetur
839 1988 1003 2066 praedulcis
1021 2006 1084 2048 sua·

86 2077 171 2133 vitas.
198 2071 379 2132 Mithridates
391 2073 421 2130 in
433 2070 756 2132 Germaniaelitorihus
772 2073 892 2133 insulam
904 2091 984 2149 esse,
1000 2089 1083 2150 quarn

86 2159 186 2218 vocari
201 2157 343 2231 Seritam,
358 2155 437 2215 cedri
454 2174 567 2233 genere
583 2156 736 2231 silvosam,
760 2156 826 2217 inde
841 2155 971 2217 dellnere
987 2157 1017 2216 in
1033 2174 1083 2233 pe·

86 2251 157 2302 tras.
192 2240 375 2301 Xenocrates
390 2256 448 2298 non
462 2241 713 2314 sucinum‘tantum
728 2242 757 2298 in
770 2239 854 2300 ltalia
872 2258 973 2301 verum
996 2242 1080 2300 etiam
1092 2247 1126 2302 lo

48 2349 77 2391 25
87 2327 204 2401 thyeum
219 2325 336 2400 vocari,
352 2321 495 2400 aScpthis
506 2340 579 2383 vero
596 2341 724 2400 sacrum,
739 2325 872 2401 quoniam
888 2324 970 2384 stibi
986 2341 1083 2383 nasca-

87 2417 149 2485 tur,
165 2408 239 2467 alios
255 2416 358 2485 putare
376 2408 406 2466 in
419 2405 550 2466 Numidia
564 2409 655 2485 gigni.
685 2425 775 2485 super
795 2409 886 2467 omnis
911 2416 956 2466 est
970 2405 1083 2484 Sopho-

87 2491 150 2550 cles
159 2499 248 2567 poeta
257 2493 394 2568 tragicus,
408 2489 485 2568 qnod
498 2491 631 2567 equidem
641 2491 741 2568 miror,
754 2509 816 2550 cum
827 2499 904 2552 tanta
914 2491 1042 2568 gravitas
1054 2489 1083 2548 ei

88 2574 220 2633 cothurni
235 2574 284 2649 sit,
294 2582 450 2652 praeterea
462 2575 540 2634 vitae
553 2576 638 2651 iama,
653 2573 723 2633 alias
739 2575 861 2653 principi
884 2574 951 2635 loco
978 2574 1082 2646 genito

88 2656 229 2730 Athenis,
246 2665 276 2715 et
289 2652 378 2716 rebus
394 2659 489 2735 gestis
506 2666 536 2717 ct
551 2660 684 2718 exercitu
698 2657 795 2718 ducto.
825 2657 873 2717 hic
886 2656 962 2717 ultra
975 2655 1083 2716 Indiam
1100 2719 1103 2728 ,

49 2765 78 2810 30
87 2741 151 2800 lieri
164 2739 261 2799 diuite
271 2739 395 2799 lacrimis
404 2740 610 2819 meleagridum
619 2741 711 2800 avium
719 2740 897 2818 Meleagrum
905 2739 1079 2801 dedentium.

87 2824 165 2903 quod
179 2821 340 2882 credidisse
355 2841 420 2882 enm
433 2834 482 2884 aut
497 2843 634 2903 sperasse
646 2824 710 2884 aliis
725 2823 894 2904 persuaderi
907 2840 998 2902 posse
1013 2824 1078 2901 quis
1089 2833 1122 2885 41

86 2925 145 2967 uon
156 2908 291 2983 miretur,
310 2922 430 2983 quamve
445 2909 597 2984 pueritiam
610 2917 667 2967 tam
682 2909 835 2986 inperitam
850 2923 941 2986 posse
955 2907 1080 2984 reperiri

87 3008 161 3069 quae
184 2991 278 3049 avium
296 2989 427 3068 ploratus
448 3008 558 3050 annuos
575 2991 676 3052 credat
697 2991 867 3051 lacrimasve
882 2999 938 3050 tam
953 2989 1080 3067 grandis,

89 3078 190 3136 uvisve
204 3092 279 3151 qnae
293 3093 310 3134 a
332 3069 462 3149 Graecia,
474 3073 681 3151 ubilleleager
692 3076 791 3151 periit,
804 3074 947 3151 ploratum
956 3071 1081 3132 adierint

48 3153 201 3227 mlndosl
213 3155 280 3235 quid
290 3152 384 3232 ergo?
399 3173 457 3215 non
466 3156 554 3216 multa
568 3176 661 3236 aequo
671 3156 804 3217 fabulosa
814 3157 939 3234 produnt
952 3150 1079 3234 poetae?

89 3238 141 3300 sed
160 3239 218 3300 hoc
237 3240 266 3298 in
289 3257 324 3299 ea
346 3257 379 3299 re
400 3255 474 3317 quae
495 3241 603 3301 cotidie
625 3239 777 3300 invehatur
795 3248 882 3318 atque
898 3237 1025 3300 abundet
1046 3255 1080 3296 ac

87 3321 264 3382 mendacium
283 3331 422 3401 coarguat
445 3323 527 3383 serio
548 3341 717 3403 quemqnam
737 3323 847 3384 dixisse
868 3339 974 3382 summa
991 3321 1081 3380 homi·

87 3423 152 3464 num
166 3408 343 3486 contemptio
358 3415 405 3468 est
419 3414 450 3469 et
463 3405 644 3468 intoleranda
658 3407 869 3485 mendaciorum
883 3406 1037 3487 inpunitas.
