2484 3817
171 196 213 259 54
511 207 542 257 c.
564 206 660 255 runo
679 205 829 255 securior

73 384 76 389 ·
171 362 271 424 cetera
292 361 369 423 enim
390 360 480 423 dente
499 360 756 441 deprehenduntur
775 360 927 421 stridentia
944 359 975 419 in
993 358 1173 421 frendendo.

119 492 123 501 ,
171 448 402 525 experimentum
434 447 464 505 in
483 444 584 505 vatillo
604 446 723 522 terreo,
751 460 830 525 narn⁸
844 460 921 522 quae
944 445 1059 504 sincera
1088 462 1174 504 suum

171 530 303 590 colorem
322 531 449 606 retinet,
465 546 540 607 quae
560 530 649 589 mixta
664 537 824 589 atramento
838 528 979 589 rubescit.
1005 526 1173 604 deprehen·

170 612 248 676 ditur
273 621 303 675 ct
326 630 439 692 pappro
459 612 537 691 galla
559 614 641 691 prius
663 621 828 689 macerato,
853 612 995 688 nigrescit
1015 612 1093 671 enim
1112 621 1173 672 sta·

170 698 221 757 tim
244 699 386 775 aerugine
404 697 495 757 inlita.
524 696 752 774 deprehenditur
775 703 806 756 et
824 696 890 754 visu
911 694 1036 773 maligne
1058 696 1194 756 sirenes

127 793 181 848 113
191 780 251 855 Sed
271 783 334 841 sire
348 782 492 841 sinceram
506 782 570 841 sive
586 779 745 839 adulteram
765 780 943 859 aptissimum
964 787 1010 839 est
1032 776 1092 838 elui
1113 781 1172 840 sic·

169 873 322 943 catamque
341 866 371 923 in
394 865 491 942 patina
516 880 591 923 nova
614 864 658 923 uri
680 881 716 924 ac
734 865 846 923 versari
872 862 966 922 donec
985 862 1083 922 favilla
1107 862 1172 941 fiat,

170 956 279 1029 postea
294 949 399 1007 teritur
413 966 449 1008 ac
463 946 643 1007 reconditur.
658 947 755 1024 ,aliqui
771 948 802 1006 in
816 946 911 1006 crudis
929 945 1066 1006 fictilibus
1082 956 1173 1005 urunt

170 1032 267 1093 donoc
282 1031 410 1107 figlinum
434 1040 641 1110 percoquatur.
675 1030 805 1091 nonnulli
826 1039 856 1091 et
878 1038 923 1088 tus
940 1028 1098 1090 masculum
1122 1031 1173 1090 ad-

129 1136 164 1172 se·
175 1117 307 1175 miscent.
352 1112 476 1173 Lavatur
501 1122 598 1175 autem
623 1132 734 1192 aerugo
763 1117 838 1173 sicut
867 1113 991 1173 cadmea.
1033 1114 1079 1173 vis
1105 1116 1207 1176 eiusrc

169 1197 301 1272 collyriis
317 1195 466 1257 oculorum
485 1199 633 1275 aptissima
656 1207 686 1258 et
705 1191 987 1258 delacrimationibus
1008 1197 1172 1258 mordendo

169 1281 343 1359 proficiens,
359 1280 412 1339 sed
427 1279 505 1340 ablui
520 1283 718 1341 necessarium
732 1281 877 1360 penicillis
894 1280 994 1342 calidis
1011 1281 1106 1343 donec
1122 1301 1173 1343 ro·

169 1363 242 1424 dere
257 1363 381 1424 desinat.
979 1374 984 1381 “

126 1458 178 1513 114
273 1446 356 1526 (27.)
381 1447 544 1509 Hieracium
565 1455 688 1507 vocatur
707 1447 859 1524 collyrium
880 1448 957 1527 quod
977 1450 1017 1507 ita
1037 1466 1173 1511 muurne

169 1539 302 1609 constat,
329 1540 507 1610 temperatur
528 1531 674 1593 autemid
695 1531 882 1592 hammoniaci
904 1533 997 1592 unciis
1018 1540 1170 1610 quattuor,
1180 1558 1204 1597 rs

169 1618 316 1693 aeruginis
337 1614 464 1693 Cypriae
487 1616 614 1694 duabus,
640 1616 792 1677 atramenti
813 1618 917 1678 sutorii
939 1615 1016 1693 quod
1036 1614 1173 1677 chalcan-

168 1698 247 1759 thum
267 1709 373 1761 vocant
392 1699 528 1778 totidem,
554 1702 665 1779 misyos
685 1719 757 1778 una,
783 1703 862 1761 croci
880 1719 942 1760 sex.
985 1699 1173 1762 haecomnia

168 1786 236 1843 trita
259 1792 344 1845 aceto
360 1781 468 1843 Thasio
491 1783 670 1862 colliguntur
689 1786 720 1844 in
738 1784 841 1863 pilulas
862 1782 1035 1843 excellentis
1056 1785 1172 1845 remedi

168 1877 270 1929 contra
291 1868 373 1927 initia
388 1866 598 1944 glaucomatum
621 1877 652 1929 et
670 1869 881 1945 subfusionum,
903 1876 1003 1926 contra
1024 1865 1172 1945 caligines

49 1996 51 2003 -
126 1961 176 2015 115
188 1960 236 2012 aut
257 1951 410 2011 scabritias
432 1960 463 2010 et
477 1951 630 2028 albugines
652 1970 687 2011 ac
701 1969 840 2029 genarum
854 1953 931 2011 vitia.
964 1950 1050 2009 cruda
1071 1961 1206 2019 autem20

167 2052 278 2111 aerugo
292 2033 467 2094 volnerariis
491 2034 654 2112 emplastris
669 2038 817 2095 miscetur.
853 2036 912 2094 oris
934 2036 1020 2093 etiarn
1034 2036 1171 2112 gingiva-

167 2136 288 2196 rumque
309 2117 547 2179 exulcerationes
564 2118 685 2179 mirifice
708 2119 841 2179 emendat
860 2126 890 2178 et
905 2118 1051 2177 labrorum
1067 2118 1172 2179 ulcera

167 2220 230 2262 cunr
251 2201 330 2262 oleo.
370 2219 428 2280 quo
445 2205 471 2263 si
488 2211 519 2263 et
538 2218 606 2261 cera
624 2201 759 2280 addatur,
786 2210 891 2281 purgat
906 2210 935 2261 et
950 2201 1173 2262 ad'cicatricem

165 2285 308 2364 perducit.
346 2302 456 2363 aerugo
484 2295 515 2347 et
537 2284 641 2345 callum
667 2286 824 2346 fistularum
851 2284 947 2345 erodit
971 2286 1172 2365 vitiorumque
1226 2355 1227 2358 Ἴ

167 2371 244 2429 circa
271 2368 372 2429 sedem
394 2371 458 2449 siue
478 2389 532 2448 per
553 2388 586 2429 se
610 2370 674 2429 sive
700 2389 765 2431 cunr
784 2368 982 2430 hammoniaco
1007 2368 1090 2429 inlita
1118 2372 1226 2450 velasp

167 2452 271 2528 collyri
290 2452 377 2514 modo
400 2454 430 2511 in
446 2454 557 2513 fistulas
573 2452 683 2513 adacta.
715 2453 816 2514 eadem
830 2470 893 2513 cum
907 2454 1023 2512 resinae
1038 2454 1174 2515 terebin·
1224 2497 1225 2542 p

167 2536 265 2597 thineo
283 2539 370 2597 tortia
387 2545 472 2614 parte
488 2538 607 2597 subacta
622 2537 720 2616 lepras
735 2537 819 2597 tollit.
1223 2579 1224 2636 p

79 2666 82 2677 .
125 2631 177 2686 116
251 2619 298 2680 12.
322 2619 403 2700 (28.)
426 2619 480 2679 list
496 2629 527 2681 et
544 2621 666 2680 alterum
679 2640 772 2699 genus
795 2623 942 2698 aeruginis
958 2638 1044 2697 quam
1061 2631 1174 2682 vocant
1222 2661 1223 2728 l

167 2704 303 2782 scoleca,
324 2708 353 2765 in
369 2702 479 2782 Cyprio
496 2722 566 2765 aere
581 2706 652 2765 trito
670 2705 792 2764 alumine
813 2714 844 2765 et
859 2705 921 2765 sale
942 2712 991 2764 aut
1006 2705 1086 2763 nitro
1104 2708 1173 2783 pari
1220 2741 1223 2822 p

167 2788 299 2865 pondere
322 2806 384 2848 cum
413 2796 498 2848 aceto
519 2788 586 2847 albo
606 2806 691 2867 quam
709 2790 860 2849 acerrimo.
897 2806 956 2850 non
976 2788 1007 2847 tit
1029 2787 1087 2847 hoc
1112 2791 1206 2858 nisiae

167 2874 394 2933 aestuosissimis
409 2871 513 2932 diebus
528 2874 605 2932 circa
619 2872 698 2929 canis
715 2880 825 2947 ortum,
841 2873 946 2931 teritur
960 2879 1057 2929 autem
1073 2871 1175 2933 donec

166 2956 261 3017 viride
273 2956 323 3015 liat
337 2954 545 3032 contrahatque
561 2973 595 3015 sc
611 2952 833 3015 vermiculorum
848 2956 962 3032 specie,
975 2953 1051 3013 unde
1069 2963 1102 3014 et
1117 2974 1175 3015 no·

164 3056 240 3098 men.
263 3037 340 3115 quod
349 3041 450 3099 vitium
465 3048 495 3099 ut
510 3034 680 3099 emendetur
694 3038 768 3098 duae
780 3047 879 3117 partes
893 3054 977 3115 quam
990 3037 1078 3098 luere
1091 3042 1173 3099 aceti
1218 3025 1219 3100 l

165 3122 323 3180 miscentur
342 3120 380 3161 ¹⁵*
402 3124 484 3181 urina
508 3123 593 3202 pueri
613 3122 740 3199 inpubis.
777 3121 852 3181 idem
872 3128 967 3181 autem
986 3121 1015 3178 in
1039 3121 1174 3183 medica·
1217 3129 1218 3192 l

124 3222 153 3266 sa
166 3204 305 3262 umentis
329 3213 360 3265 et
383 3213 520 3266 santerna
544 3203 635 3264 eflicit
656 3223 712 3283 qua
727 3204 849 3265 diximus
871 3222 968 3282 aurpm
983 3204 1217 3286 terminarem

166 3303 235 3345 usus
259 3288 409 3365 utriusque
434 3290 483 3366 qui
506 3289 664 3366 aeruginis.
685 3288 804 3349 scolex
818 3288 850 3347 lit
871 3297 901 3349 ot
915 3306 970 3367 per
985 3305 1020 3347 se
1040 3287 1174 3350 derasus
1215 3303 1216 3378 p

165 3370 279 3428 aerario
296 3369 385 3448 lapidi
400 3368 437 3429 de
452 3387 509 3448 quo
522 3388 596 3431 nnnc
610 3370 747 3433 dicemus.

121 3461 174 3531 pli
248 3452 330 3532 (29.)
347 3450 496 3513 chalcitim
509 3463 624 3531 vocant,
639 3474 678 3515 ex
691 3472 749 3533 quo
763 3462 794 3514 et
807 3454 873 3532 ipso
887 3471 938 3513 aes
949 3444 1099 3532 cor'puitur.
1124 3458 1176 3518 di·
