2484 3817
307 226 386 274 nna.
404 225 495 274 ausu.
512 225 621 272 xxxu.
639 225 681 278 ιο.
696 226 740 277 11.
762 219 820 292 (ot.
836 213 895 292 st.)
936 278 938 281 ,
1037 216 1093 275 311

101 399 180 460 pex,
200 379 334 456 anguilla,
352 397 484 455 amnena,
500 379 586 454 hoca,
600 377 688 453 batia,
707 377 844 455 bacchus,
860 379 1024 454 batrachus,
1045 380 1098 440 he-

101 466 320 540 lenae-quos
329 460 681 536 aculeatosvccaoos‘-,
690 461 818 520 balanus.
832 463 1141 539 corvos,citharns146

100 547 285 608 rhomborum
306 547 425 622 generis
445 563 613 624 pessumus,
637 544 763 618 chalcis,
794 545 896 618 cohio,
920 547 1038 621 collyris
1056 580 1099 593 —
1155 564 1159 570 ·

101 631 259 691 asellorum
276 630 413 706 generis,
436 630 464 688 ni
477 630 569 687 minor
589 637 671 687 esset
684 661 742 702 —,
765 628 857 688 colias
871 630 934 688 sive
951 629 1098 690 l’artianus

75 715 166 774 caiae
184 715 336 777 Sexitanus
358 730 373 770 a
396 713 488 789 patria
509 711 643 786 Bretina,
669 711 844 770 lacertorum
865 714 979 771 minumi
997 713 1033 772 ab
1054 715 1098 774 his

100 797 254 872 hlaeotici,
278 795 391 870 cyhiuns
403 795 501 856 -ita
519 804 640 854 vocatur
655 798 773 854 concisa
790 793 919 871 pelamys
937 813 1011 872 qnae
1032 805 1098 874 post

101 881 154 942 xl
170 880 234 941 dies
249 879 366 940 aPonto
377 879 406 936 in
414 878 548 938 Maeotim
563 879 776 953 revertitur—,
792 877 911 952 cordyla
925 912 967 924 -
981 887 1010 937 et
1024 879 1098 940 haec
1180 884 1185 894 ’

105 964 239 1043 pelamys
255 961 368 1041 pusilla,
391 978 454 1020 cum
469 961 497 1019 in
511 961 633 1021 Pontum
647 979 664 1020 e
678 960 823 1021 haeccine
839 963 908 1036 exit,
924 961 981 1021 hoc
993 979 1097 1021 oomeo

102 1046 191 1107 hahet
204 1081 262 1122 -,
285 1045 453 1120 moillarou,
473 1043 662 1119 callionymus
678 1046 739 1102 sive
754 1060 970 1122 uranoscopus,
987 1046 1097 1105 cinaedi

66 1147 92 1189 aa
102 1131 158 1190 soli
171 1132 292 1209 piscium
304 1126 524 1202 lutei,cnide·-
538 1144 682 1205 quamoos
696 1129 815 1186 articam
826 1143 1022 1205 vocamus-,
1031 1147 1096 1188 can·

102 1230 216 1274 crorum
228 1230 346 1290 gonaro,
359 1211 478 1271 chemae
490 1213 616 1288 striatas,
628 1210 748 1270 chemae
757 1209 851 1286 leves,
865 1211 985 1272 chemae
997 1212 1137 1290 pelo-147

101 1297 191 1357 ridnm
202 1297 319 1374 generis
328 1294 611 1356 varietatediataotes
621 1303 651 1353 et
662 1292 845 1370 rotunditate,
864 1295 983 1355 chemae
995 1296 1095 1373 glycy-

102 1380 275 1440 nnarides-
285 1396 360 1457 qnae
371 1386 436 1438 som
446 1379 571 1438 maiores
583 1392 668 1456 qnam
681 1377 885 1456 pelorides-,
894 1377 1021 1438 coluthia
1033 1381 1095 1438 sive

105 1463 253 1542 coryphia,
264 1461 1032 1539 concharumgeneraa-interqnaectmargaritiierae
1040 1496 1094 1534 —,

69 1568 95 1610 aa
106 1545 226 1606 cochloe
237 1581 279 1592 -
290 1563 409 1624 qnorum
424 1546 542 1622 generis
555 1543 758 1622 peotadactyli,
770 1545 838 1601 item
850 1542 971 1618 helices,
985 1544 1020 1603 ab
1033 1545 1095 1604 aliis

104 1629 312 1708 actinophoroe
324 1629 464 1701 dicuntur,
477 1625 581 1704 quihus
595 1635 719 1700 cantant,
736 1635 819 1684 extra
830 1624 905 1684 haec
922 1635 986 1684 sunt
1000 1638 1094 1686 rotun·

102 1713 157 1774 dae
169 1715 197 1772 in
210 1713 319 1772 oleario
332 1729 384 1770 nsu
397 1710 517 1768 cocleae
525 1741 576 1782 -,
593 1709 731 1780 cucumis,
739 1723 861 1784 cynops,
869 1724 1037 1785 cammarus,
1046 1728 1094 1783 cy·

102 1795 253 1870 nosdcxia,
261 1794 348 1852 draco
357 1823 399 1837 -
410 1791 522 1867 qnidam
538 1789 614 1850 aliud
626 1790 725 1848 volunt
736 1807 804 1848 esse
816 1787 1028 1868 dracunculum,
1037 1801 1081 1850 est
1089 1805 1138 1858 148

103 1888 197 1940 autem
209 1874 373 1954 gerriculae
387 1881 499 1950 emptae
512 1871 623 1945 similis,
637 1871 757 1931 aculeos
770 1873 798 1930 in
808 1871 1049 1934 hraochiishahct
1059 1874 1096 1934 ad

66 1979 93 2020 ao
105 1961 222 2022 caudam
235 1957 403 2037 spectantis,
417 1957 458 2014 sic
470 1963 500 2015 ut
511 1955 629 2034 scorpio
645 1954 740 2032 laedit,
753 1953 817 2014 dum
828 1973 912 2015 manu
926 1957 1094 2033 tollitur-,

103 2042 262 2118 erythinus,
280 2039 425 2115 echenais,
439 2038 569 2112 achinus,
582 2038 729 2116 elephanti
738 2072 782 2086 ·-
794 2038 967 2101 locustarum
978 2044 1095 2117 generis

102 2127 187 2203 nigri,
203 2123 327 2203 pedihus
337 2124 484 2200 quaternis
495 2119 625 2197 bisulcis,
641 2130 793 2200 praeterea
803 2121 939 2184 hracchia
950 2123 1006 2184 duo
1020 2125 1095 2184 binis

103 2209 230 2270 articulis
242 2206 421 2285 singulisque
433 2205 582 2266 lorlicihus
593 2206 774 2266 denticulatis
784 2240 836 2281 —,
851 2205 928 2266 iahri
940 2210 1002 2267 sive
1016 2226 1093 2281 caes,

102 2293 278 2370 glauciscus,
286 2291 523 2369 glanis,gonger,
530 2290 636 2366 girres,
649 2289 763 2366 galeas,
771 2307 870 2367 garos,
885 2290 1001 2368 hippos,
1016 2292 1077 2370 hip·
1086 2301 1137 2357 149

69 2393 206 2455 aspuros,
214 2374 344 2452 hirundo,
352 2373 556 2452 halipleumon,
564 2372 894 2452 hippocampos,hepar,
902 2375 1092 2452 ictinus,iulis,

103 2460 275 2519 lacertorum
294 2473 419 2534 genera,
436 2455 538 2533 lolligo
553 2457 692 2533 volitans,
705 2457 849 2533 locustae,
868 2457 1002 2532 lucerna,
1023 2457 1093 2516 lele-

105 2544 181 2621 pris,
194 2541 315 2614 larinus,
336 2542 437 2618 lepus,
453 2538 554 2600 leones
566 2573 608 2586 -·-
627 2557 746 2616 quornm
768 2539 902 2600 bracchia
923 2542 1034 2600 cancris
1055 2542 1092 2598 si·

103 2624 180 2684 milia
195 2633 268 2697 sunt,
283 2623 394 2703 reliqua
409 2641 477 2700 pars
493 2624 624 2682 locustae
636 2656 686 2696 -—,
702 2624 816 2699 mullus,
832 2623 940 2682 merula
957 2624 1030 2683 iuter
1047 2640 1091 2681 sa·

105 2706 201 2768 rutilis
212 2705 334 2780 laudata,
343 2706 440 2782 mugil,
448 2706 619 2781 melanurus,
629 2723 721 2780 mena,
734 2709 865 2781 maeotis,
877 2724 1004 2780 murena,
1020 2723 1092 2781 mys,

70 2788 236 2863 mmitulus,
252 2791 394 2863 myiscas,
410 2791 515 2866 morin,
530 2788 653 2862 oculata,
671 2789 818 2866 ophidion,
834 2798 943 2864 ostrea,
960 2790 1029 2866 otia,
1044 2806 1090 2848 or-

106 2871 296 2947 cynus-hic
305 2881 350 2932 est
362 2870 541 2950 pelamydum
550 2875 667 2948 generis
675 2889 831 2948 maxumus,
839 2890 934 2951 neque
946 2871 1092 2950 ipseredit

104 2960 132 3016 in
148 2956 291 3030 llaeotim,
307 2955 406 3014 similis
423 2956 538 3031 tritomi,
553 2963 695 3014 vetustate
711 2957 814 3016 melior
824 2989 875 3031 -,
889 2954 979 3029 ochis,
995 2955 1090 3016 ortha-

104 3041 249 3116 goriscus,
269 3037 390 3116 phager,
403 3037 504 3114 phycis
522 3037 691 3111 saxatilium,
709 3038 838 3115 pelamys
852 3073 895 3084 -
909 3055 1005 3097 earum
1019 3056 1070 3115 ge·
1084 3051 1134 3104 loo

105 3123 181 3182 neris
199 3139 327 3181 maxuma
347 3120 497 3199 apolectos
510 3129 630 3180 vocatur
651 3120 748 3180 dorios
769 3123 884 3181 tritomo
898 3153 954 3199 -,
969 3137 1088 3200 porcas,

71 3225 96 3268 ae
106 3205 210 3283 phthir,
221 3223 330 3283 passer,
349 3206 504 3282 pastinaca,
520 3204 691 3282 polyporum
707 3221 824 3280 genera,
839 3206 1020 3283 pectines-
1030 3221 1088 3263 rna-

105 3289 181 3347 xumi
197 3297 226 3346 et
240 3289 384 3366 nigerrimi
400 3295 525 3362 aestate,
542 3287 725 3346 laudatissimi
741 3287 899 3361 llytileois,
915 3288 1087 3364 Tyndaride,

105 3371 228 3445 Salonis,
246 3371 349 3446 Altini,
371 3372 398 3429 io
416 3368 486 3430 cuia
508 3369 613 3444 insula,
630 3369 822 3429 Alexandriae
838 3373 865 3429 io
883 3371 1020 3451 Aegypto
1034 3405 1087 3446 -—,

105 3454 277 3534 pectunculi,
288 3470 441 3533 purpurae,
451 3453 597 3532 pegrides,
608 3455 682 3531 pina,
695 3454 853 3531 pinoteres,
861 3455 989 3514 rhioe-
1003 3471 1087 3534 quem
