<?xml version="1.0" encoding="UTF-8"?>
<!DOCTYPE html PUBLIC "-//W3C//DTD XHTML 1.0 Transitional//EN"
    "http://www.w3.org/TR/xhtml1/DTD/xhtml1-transitional.dtd">
<html xmlns="http://www.w3.org/1999/xhtml" xml:lang="en" lang="en">
 <head>
  <title>
</title>
<meta http-equiv="Content-Type" content="text/html;charset=utf-8" />
  <meta name='ocr-system' content='tesseract 3.04.00' />
  <meta name='ocr-capabilities' content='ocr_page ocr_carea ocr_par ocr_line ocrx_word'/>
</head>
<body>
  <div class='ocr_page' id='page_1' title='image "./cplinisecundina24plingoog_0568.png"; bbox 0 0 2484 3817; ppageno 0'>
   <div class='ocr_carea' id='block_1_1' title="bbox 173 144 820 207">
    <p class='ocr_par' dir='ltr' id='par_1_1' title="bbox 173 144 820 207">
     <span class='ocr_line' id='line_1_1' title="bbox 173 144 820 207; baseline -0.006 -4"><span class='ocrx_word' id='word_1_1' title='bbox 173 144 215 207; x_wconf 78' lang='lat'><strong>76</strong></span> <span class='ocrx_word' id='word_1_2' title='bbox 515 151 820 201; x_wconf 59' lang='lat' dir='ltr'><strong>cremonensem</strong></span> 
     </span>
    </p>
   </div>
   <div class='ocr_carea' id='block_1_2' title="bbox 78 302 1198 3465">
    <p class='ocr_par' dir='ltr' id='par_1_2' title="bbox 173 302 1168 637">
     <span class='ocr_line' id='line_1_2' title="bbox 173 302 1167 387; baseline -0.005 -18"><span class='ocrx_word' id='word_1_3' title='bbox 173 308 324 387; x_wconf 75' lang='lat' dir='ltr'><strong>Hispanias</strong></span> <span class='ocrx_word' id='word_1_4' title='bbox 339 306 445 367; x_wconf 90' lang='lat' dir='ltr'><strong>harena</strong></span> <span class='ocrx_word' id='word_1_5' title='bbox 460 315 506 367; x_wconf 90' lang='lat' dir='ltr'><strong>est</strong></span> <span class='ocrx_word' id='word_1_6' title='bbox 518 305 640 366; x_wconf 79' lang='lat' dir='ltr'><strong>similem</strong></span> <span class='ocrx_word' id='word_1_7' title='bbox 654 323 750 367; x_wconf 85' lang='lat' dir='ltr'><strong>curam</strong></span> <span class='ocrx_word' id='word_1_8' title='bbox 764 304 920 382; x_wconf 91' lang='lat' dir='ltr'><strong>recipiens.</strong></span> <span class='ocrx_word' id='word_1_9' title='bbox 947 304 1046 381; x_wconf 85' lang='lat' dir='ltr'><strong>itaque</strong></span> <span class='ocrx_word' id='word_1_10' title='bbox 1059 302 1098 363; x_wconf 89' lang='lat' dir='ltr'><strong>ad</strong></span> <span class='ocrx_word' id='word_1_11' title='bbox 1115 302 1167 365; x_wconf 88' lang='lat' dir='ltr'><strong>de·</strong></span> 
     </span>
     <span class='ocr_line' id='line_1_3' title="bbox 174 386 1167 452; baseline -0.004 -1"><span class='ocrx_word' id='word_1_12' title='bbox 174 394 270 451; x_wconf 86' lang='lat' dir='ltr'><strong>uarios</strong></span> <span class='ocrx_word' id='word_1_13' title='bbox 287 408 374 452; x_wconf 90' lang='lat' dir='ltr'><strong>senos</strong></span> <span class='ocrx_word' id='word_1_14' title='bbox 391 390 486 450; x_wconf 82' lang='lat' dir='ltr'><strong>uilitas</strong></span> <span class='ocrx_word' id='word_1_15' title='bbox 502 390 596 451; x_wconf 90' lang='lat' dir='ltr'><strong>rediit.</strong></span> <span class='ocrx_word' id='word_1_16' title='bbox 618 389 705 449; x_wconf 89' lang='lat' dir='ltr'><strong>distat</strong></span> <span class='ocrx_word' id='word_1_17' title='bbox 719 407 738 448; x_wconf 86' lang='lat' dir='ltr'><strong>a</strong></span> <span class='ocrx_word' id='word_1_18' title='bbox 751 388 888 449; x_wconf 87' lang='lat' dir='ltr'><strong>caeruleo</strong></span> <span class='ocrx_word' id='word_1_19' title='bbox 905 386 1029 447; x_wconf 88' lang='lat' dir='ltr'><strong>candore</strong></span> <span class='ocrx_word' id='word_1_20' title='bbox 1046 386 1167 447; x_wconf 87' lang='lat' dir='ltr'><strong>modico</strong></span> 
     </span>
     <span class='ocr_line' id='line_1_4' title="bbox 174 469 1168 553; baseline -0.003 -19"><span class='ocrx_word' id='word_1_21' title='bbox 174 476 222 553; x_wconf 93' lang='lat' dir='ltr'><strong>qui</strong></span> <span class='ocrx_word' id='word_1_22' title='bbox 243 477 420 535; x_wconf 76' lang='lat' dir='ltr'><strong>teneriorem</strong></span> <span class='ocrx_word' id='word_1_23' title='bbox 440 474 514 534; x_wconf 93' lang='lat' dir='ltr'><strong>bunc</strong></span> <span class='ocrx_word' id='word_1_24' title='bbox 534 474 625 533; x_wconf 90' lang='lat' dir='ltr'><strong>ellicit</strong></span> <span class='ocrx_word' id='word_1_25' title='bbox 645 471 783 533; x_wconf 90' lang='lat' dir='ltr'><strong>colorem.</strong></span> <span class='ocrx_word' id='word_1_26' title='bbox 833 489 901 531; x_wconf 89' lang='lat' dir='ltr'><strong>usus</strong></span> <span class='ocrx_word' id='word_1_27' title='bbox 920 473 950 530; x_wconf 91' lang='lat' dir='ltr'><strong>in</strong></span> <span class='ocrx_word' id='word_1_28' title='bbox 969 469 1113 530; x_wconf 87' lang='lat' dir='ltr'><strong>medicina</strong></span> <span class='ocrx_word' id='word_1_29' title='bbox 1129 471 1168 531; x_wconf 90' lang='lat' dir='ltr'><strong>ad</strong></span> 
     </span>
     <span class='ocr_line' id='line_1_5' title="bbox 173 550 1020 637; baseline -0.006 -19"><span class='ocrx_word' id='word_1_30' title='bbox 173 558 250 637; x_wconf 91' lang='lat' dir='ltr'><strong>pilos</strong></span> <span class='ocrx_word' id='word_1_31' title='bbox 267 550 372 617; x_wconf 69' lang='lat' dir='ltr'><strong>mutum</strong></span> <span class='ocrx_word' id='word_1_32' title='bbox 386 556 506 618; x_wconf 88' lang='lat' dir='ltr'><strong>alendos</strong></span> <span class='ocrx_word' id='word_1_33' title='bbox 521 556 609 617; x_wconf 88' lang='lat' dir='ltr'><strong>babet</strong></span> <span class='ocrx_word' id='word_1_34' title='bbox 619 573 808 634; x_wconf 78' lang='lat' dir='ltr'><strong>maxumeque</strong></span> <span class='ocrx_word' id='word_1_35' title='bbox 821 556 851 613; x_wconf 92' lang='lat' dir='ltr'><strong>in</strong></span> <span class='ocrx_word' id='word_1_36' title='bbox 865 553 1020 632; x_wconf 76' lang='lat' dir='ltr'><strong>palpebris.</strong></span> 
     </span>
    </p>

    <p class='ocr_par' dir='ltr' id='par_1_3' title="bbox 133 625 1198 1201">
     <span class='ocr_line' id='line_1_6' title="bbox 133 625 1187 721; baseline -0.003 -21"><span class='ocrx_word' id='word_1_37' title='bbox 133 652 166 705; x_wconf 80' lang='lat'><strong>48</strong></span> <span class='ocrx_word' id='word_1_38' title='bbox 228 641 307 721; x_wconf 79' lang='lat'>(29.)</span> <span class='ocrx_word' id='word_1_39' title='bbox 329 640 400 701; x_wconf 90' lang='lat' dir='ltr'><strong>Sunt</strong></span> <span class='ocrx_word' id='word_1_40' title='bbox 424 642 576 701; x_wconf 89' lang='lat' dir='ltr'><strong>etiamnum</strong></span> <span class='ocrx_word' id='word_1_41' title='bbox 600 641 705 699; x_wconf 86' lang='lat' dir='ltr'><strong>novicii</strong></span> <span class='ocrx_word' id='word_1_42' title='bbox 726 639 783 699; x_wconf 92' lang='lat' dir='ltr'><strong>duo</strong></span> <span class='ocrx_word' id='word_1_43' title='bbox 808 638 926 697; x_wconf 90' lang='lat' dir='ltr'><strong>colores</strong></span> <span class='ocrx_word' id='word_1_44' title='bbox 951 656 969 697; x_wconf 93' lang='lat' dir='ltr'><strong>e</strong></span> <span class='ocrx_word' id='word_1_45' title='bbox 996 625 1187 705; x_wconf 61' lang='lat' dir='ltr'><strong>uilissimisze</strong></span> 
     </span>
     <span class='ocr_line' id='line_1_7' title="bbox 173 721 1167 803; baseline -0.003 -19"><span class='ocrx_word' id='word_1_46' title='bbox 173 726 265 787; x_wconf 90' lang='lat' dir='ltr'><strong>viride</strong></span> <span class='ocrx_word' id='word_1_47' title='bbox 280 724 357 803; x_wconf 92' lang='lat' dir='ltr'><strong>quod</strong></span> <span class='ocrx_word' id='word_1_48' title='bbox 371 723 532 802; x_wconf 81' lang='lat' dir='ltr'><strong>Appianum</strong></span> <span class='ocrx_word' id='word_1_49' title='bbox 543 732 663 783; x_wconf 88' lang='lat' dir='ltr'><strong>vocatur</strong></span> <span class='ocrx_word' id='word_1_50' title='bbox 674 730 705 782; x_wconf 91' lang='lat' dir='ltr'><strong>et</strong></span> <span class='ocrx_word' id='word_1_51' title='bbox 714 721 926 797; x_wconf 72' lang='lat' dir='ltr'><strong>chrysocollam</strong></span> <span class='ocrx_word' id='word_1_52' title='bbox 938 722 1094 797; x_wconf 78' lang='lat' dir='ltr'><strong>mentitur,</strong></span> <span class='ocrx_word' id='word_1_53' title='bbox 1110 739 1167 781; x_wconf 90' lang='lat' dir='ltr'><strong>ceu</strong></span> 
     </span>
     <span class='ocr_line' id='line_1_8' title="bbox 174 803 1167 887; baseline -0.005 -19"><span class='ocrx_word' id='word_1_54' title='bbox 174 825 273 887; x_wconf 90' lang='lat' dir='ltr'><strong>parum</strong></span> <span class='ocrx_word' id='word_1_55' title='bbox 283 808 368 868; x_wconf 86' lang='lat' dir='ltr'><strong>mults</strong></span> <span class='ocrx_word' id='word_1_56' title='bbox 379 807 454 867; x_wconf 89' lang='lat' dir='ltr'><strong>dicta</strong></span> <span class='ocrx_word' id='word_1_57' title='bbox 469 810 526 867; x_wconf 88' lang='lat' dir='ltr'><strong>sint</strong></span> <span class='ocrx_word' id='word_1_58' title='bbox 542 806 688 867; x_wconf 91' lang='lat' dir='ltr'><strong>mendacia</strong></span> <span class='ocrx_word' id='word_1_59' title='bbox 702 808 776 866; x_wconf 88' lang='lat' dir='ltr'><strong>eius.</strong></span> <span class='ocrx_word' id='word_1_60' title='bbox 793 806 825 864; x_wconf 90' lang='lat' dir='ltr'><strong>lit</strong></span> <span class='ocrx_word' id='word_1_61' title='bbox 839 812 870 865; x_wconf 93' lang='lat' dir='ltr'><strong>et</strong></span> <span class='ocrx_word' id='word_1_62' title='bbox 884 812 964 864; x_wconf 90' lang='lat' dir='ltr'><strong>creta</strong></span> <span class='ocrx_word' id='word_1_63' title='bbox 974 803 1059 863; x_wconf 80' lang='lat' dir='ltr'><strong>viridi</strong></span> <span class='ocrx_word' id='word_1_64' title='bbox 1073 805 1167 864; x_wconf 88' lang='lat' dir='ltr'><strong>aesti-</strong></span> 
     </span>
     <span class='ocr_line' id='line_1_9' title="bbox 171 887 1168 967; baseline -0.005 -15"><span class='ocrx_word' id='word_1_65' title='bbox 171 900 276 952; x_wconf 89' lang='lat' dir='ltr'><strong>matum</strong></span> <span class='ocrx_word' id='word_1_66' title='bbox 293 893 438 952; x_wconf 86' lang='lat' dir='ltr'><strong>sestertiis</strong></span> <span class='ocrx_word' id='word_1_67' title='bbox 460 893 489 950; x_wconf 93' lang='lat' dir='ltr'><strong>in</strong></span> <span class='ocrx_word' id='word_1_68' title='bbox 508 890 606 950; x_wconf 88' lang='lat' dir='ltr'><strong>libras.</strong></span> <span class='ocrx_word' id='word_1_69' title='bbox 651 890 730 967; x_wconf 89' lang='grc'><strong>(30.)</strong></span> <span class='ocrx_word' id='word_1_70' title='bbox 749 888 866 949; x_wconf 86' lang='lat' dir='ltr'><strong>anulare</strong></span> <span class='ocrx_word' id='word_1_71' title='bbox 881 887 958 966; x_wconf 94' lang='lat' dir='ltr'><strong>quod</strong></span> <span class='ocrx_word' id='word_1_72' title='bbox 977 895 1085 946; x_wconf 87' lang='lat' dir='ltr'><strong>vocant</strong></span> <span class='ocrx_word' id='word_1_73' title='bbox 1101 905 1168 947; x_wconf 85' lang='lat' dir='ltr'><strong>can·</strong></span> 
     </span>
     <span class='ocr_line' id='line_1_10' title="bbox 173 971 1168 1051; baseline -0.006 -15"><span class='ocrx_word' id='word_1_74' title='bbox 173 976 267 1036; x_wconf 89' lang='lat' dir='ltr'><strong>didum</strong></span> <span class='ocrx_word' id='word_1_75' title='bbox 279 984 340 1051; x_wconf 89' lang='lat' dir='ltr'><strong>est,</strong></span> <span class='ocrx_word' id='word_1_76' title='bbox 355 991 413 1051; x_wconf 91' lang='lat' dir='ltr'><strong>quo</strong></span> <span class='ocrx_word' id='word_1_77' title='bbox 426 973 582 1033; x_wconf 89' lang='lat' dir='ltr'><strong>muliebres</strong></span> <span class='ocrx_word' id='word_1_78' title='bbox 597 973 728 1051; x_wconf 82' lang='lat' dir='ltr'><strong>picturae</strong></span> <span class='ocrx_word' id='word_1_79' title='bbox 740 972 948 1031; x_wconf 88' lang='lat' dir='ltr'><strong>inluminantur.</strong></span> <span class='ocrx_word' id='word_1_80' title='bbox 977 971 1009 1029; x_wconf 93' lang='lat' dir='ltr'><strong>lit</strong></span> <span class='ocrx_word' id='word_1_81' title='bbox 1023 979 1055 1029; x_wconf 89' lang='lat' dir='ltr'><strong>et</strong></span> <span class='ocrx_word' id='word_1_82' title='bbox 1070 972 1168 1051; x_wconf 83' lang='lat' dir='ltr'><strong>ipsum</strong></span> 
     </span>
     <span class='ocr_line' id='line_1_11' title="bbox 173 1054 1198 1132; baseline -0.002 -13"><span class='ocrx_word' id='word_1_83' title='bbox 173 1068 253 1119; x_wconf 90' lang='lat' dir='ltr'><strong>creta</strong></span> <span class='ocrx_word' id='word_1_84' title='bbox 267 1058 398 1116; x_wconf 87' lang='lat' dir='ltr'><strong>admixtis</strong></span> <span class='ocrx_word' id='word_1_85' title='bbox 414 1058 515 1115; x_wconf 80' lang='lat' dir='ltr'><strong>vitreis</strong></span> <span class='ocrx_word' id='word_1_86' title='bbox 529 1058 650 1132; x_wconf 86' lang='lat' dir='ltr'><strong>gemmis</strong></span> <span class='ocrx_word' id='word_1_87' title='bbox 665 1075 683 1115; x_wconf 96' lang='lat' dir='ltr'><strong>e</strong></span> <span class='ocrx_word' id='word_1_88' title='bbox 702 1055 780 1132; x_wconf 89' lang='lat' dir='ltr'><strong>volgi</strong></span> <span class='ocrx_word' id='word_1_89' title='bbox 794 1054 904 1132; x_wconf 90' lang='lat' dir='ltr'><strong>anulis,</strong></span> <span class='ocrx_word' id='word_1_90' title='bbox 920 1054 988 1115; x_wconf 91' lang='lat' dir='ltr'><strong>inde</strong></span> <span class='ocrx_word' id='word_1_91' title='bbox 1002 1062 1033 1113; x_wconf 93' lang='lat' dir='ltr'><strong>et</strong></span> <span class='ocrx_word' id='word_1_92' title='bbox 1045 1054 1167 1114; x_wconf 89' lang='lat' dir='ltr'><strong>anulare</strong></span> <span class='ocrx_word' id='word_1_93' title='bbox 1177 1079 1198 1117; x_wconf 83' lang='lat' dir='ltr'><strong>o</strong></span> 
     </span>
     <span class='ocr_line' id='line_1_12' title="bbox 172 1142 286 1201; baseline -0.009 0"><span class='ocrx_word' id='word_1_94' title='bbox 172 1142 286 1201; x_wconf 86' lang='lat' dir='ltr'><strong>dictum.</strong></span> 
     </span>
    </p>

    <p class='ocr_par' dir='ltr' id='par_1_4' title="bbox 130 1219 1193 1801">
     <span class='ocr_line' id='line_1_13' title="bbox 130 1219 1168 1300; baseline 0.002 -19"><span class='ocrx_word' id='word_1_95' title='bbox 130 1234 164 1289; x_wconf 78' lang='lat'><strong>49</strong></span> <span class='ocrx_word' id='word_1_96' title='bbox 238 1225 267 1281; x_wconf 87' lang='lat'><strong>7.</strong></span> <span class='ocrx_word' id='word_1_97' title='bbox 282 1220 364 1298; x_wconf 89' lang='grc'>(31.)</span> <span class='ocrx_word' id='word_1_98' title='bbox 386 1219 431 1279; x_wconf 84' lang='lat' dir='ltr'><strong>Ex</strong></span> <span class='ocrx_word' id='word_1_99' title='bbox 451 1220 580 1280; x_wconf 92' lang='lat' dir='ltr'><strong>omnibus</strong></span> <span class='ocrx_word' id='word_1_100' title='bbox 600 1221 748 1281; x_wconf 91' lang='lat' dir='ltr'><strong>coloribus</strong></span> <span class='ocrx_word' id='word_1_101' title='bbox 769 1220 906 1282; x_wconf 79' lang='lat' dir='ltr'><strong>cretulam</strong></span> <span class='ocrx_word' id='word_1_102' title='bbox 929 1228 1022 1281; x_wconf 92' lang='lat' dir='ltr'><strong>amant</strong></span> <span class='ocrx_word' id='word_1_103' title='bbox 1047 1219 1168 1300; x_wconf 90' lang='lat' dir='ltr'><strong>udoque</strong></span> 
     </span>
     <span class='ocr_line' id='line_1_14' title="bbox 172 1302 1166 1384; baseline -0.003 -18"><span class='ocrx_word' id='word_1_104' title='bbox 172 1305 253 1366; x_wconf 89' lang='lat' dir='ltr'><strong>inlini</strong></span> <span class='ocrx_word' id='word_1_105' title='bbox 269 1312 403 1363; x_wconf 90' lang='lat' dir='ltr'><strong>recusant</strong></span> <span class='ocrx_word' id='word_1_106' title='bbox 417 1305 633 1382; x_wconf 89' lang='lat' dir='ltr'><strong>purpurissum,</strong></span> <span class='ocrx_word' id='word_1_107' title='bbox 653 1303 794 1381; x_wconf 83' lang='lat' dir='ltr'><strong>ludicum,</strong></span> <span class='ocrx_word' id='word_1_108' title='bbox 810 1304 994 1380; x_wconf 23' lang='lat' dir='ltr'><strong>*caeruleum</strong></span> <span class='ocrx_word' id='word_1_109' title='bbox 1014 1302 1166 1384; x_wconf 80' lang='lat' dir='ltr'><strong>blelinum,</strong></span> 
     </span>
     <span class='ocr_line' id='line_1_15' title="bbox 172 1385 1165 1465; baseline 0.001 -18"><span class='ocrx_word' id='word_1_110' title='bbox 172 1389 425 1465; x_wconf 83' lang='lat' dir='ltr'><strong>auripigmentum,</strong></span> <span class='ocrx_word' id='word_1_111' title='bbox 442 1387 621 1465; x_wconf 83' lang='lat' dir='ltr'><strong>Appianum,</strong></span> <span class='ocrx_word' id='word_1_112' title='bbox 637 1406 764 1448; x_wconf 80' lang='lat' dir='ltr'><strong>cerussa.</strong></span> <span class='ocrx_word' id='word_1_113' title='bbox 800 1385 894 1447; x_wconf 83' lang='lat' dir='ltr'><strong>Cerae</strong></span> <span class='ocrx_word' id='word_1_114' title='bbox 910 1390 1056 1464; x_wconf 88' lang='lat' dir='ltr'><strong>tinguntur</strong></span> <span class='ocrx_word' id='word_1_115' title='bbox 1070 1388 1165 1448; x_wconf 90' lang='lat' dir='ltr'><strong>isdem</strong></span> 
     </span>
     <span class='ocr_line' id='line_1_16' title="bbox 173 1470 1193 1549; baseline 0.001 -19"><span class='ocrx_word' id='word_1_116' title='bbox 173 1471 217 1530; x_wconf 89' lang='lat' dir='ltr'><strong>bis</strong></span> <span class='ocrx_word' id='word_1_117' title='bbox 235 1470 383 1531; x_wconf 90' lang='lat' dir='ltr'><strong>coloribus</strong></span> <span class='ocrx_word' id='word_1_118' title='bbox 397 1471 432 1531; x_wconf 92' lang='lat' dir='ltr'><strong>ad</strong></span> <span class='ocrx_word' id='word_1_119' title='bbox 448 1488 498 1531; x_wconf 89' lang='lat' dir='ltr'><strong>eas</strong></span> <span class='ocrx_word' id='word_1_120' title='bbox 514 1472 641 1549; x_wconf 84' lang='lat' dir='ltr'><strong>picturas</strong></span> <span class='ocrx_word' id='word_1_121' title='bbox 657 1488 730 1548; x_wconf 90' lang='lat' dir='ltr'><strong>quae</strong></span> <span class='ocrx_word' id='word_1_122' title='bbox 745 1473 911 1547; x_wconf 91' lang='lat' dir='ltr'><strong>inuruntur,</strong></span> <span class='ocrx_word' id='word_1_123' title='bbox 934 1472 1029 1530; x_wconf 84' lang='lat' dir='ltr'><strong>alieno</strong></span> <span class='ocrx_word' id='word_1_124' title='bbox 1046 1472 1164 1549; x_wconf 89' lang='lat' dir='ltr'><strong>parieti·</strong></span> <span class='ocrx_word' id='word_1_125' title='bbox 1174 1497 1193 1537; x_wconf 71' lang='lat' dir='ltr'><strong>s</strong></span> 
     </span>
     <span class='ocr_line' id='line_1_17' title="bbox 173 1554 1163 1631; baseline 0.001 -18"><span class='ocrx_word' id='word_1_126' title='bbox 173 1555 225 1614; x_wconf 91' lang='lat' dir='ltr'><strong>bus</strong></span> <span class='ocrx_word' id='word_1_127' title='bbox 241 1573 372 1631; x_wconf 89' lang='lat' dir='ltr'><strong>genere,</strong></span> <span class='ocrx_word' id='word_1_128' title='bbox 393 1555 445 1615; x_wconf 88' lang='lat' dir='ltr'><strong>scd</strong></span> <span class='ocrx_word' id='word_1_129' title='bbox 466 1554 607 1615; x_wconf 91' lang='lat' dir='ltr'><strong>classibus</strong></span> <span class='ocrx_word' id='word_1_130' title='bbox 630 1554 777 1630; x_wconf 83' lang='lat' dir='ltr'><strong>familiari,</strong></span> <span class='ocrx_word' id='word_1_131' title='bbox 797 1555 852 1613; x_wconf 89' lang='lat' dir='ltr'><strong>iam</strong></span> <span class='ocrx_word' id='word_1_132' title='bbox 872 1572 945 1614; x_wconf 87' lang='lat' dir='ltr'><strong>vcro</strong></span> <span class='ocrx_word' id='word_1_133' title='bbox 966 1562 997 1613; x_wconf 91' lang='lat' dir='ltr'><strong>et</strong></span> <span class='ocrx_word' id='word_1_134' title='bbox 1019 1557 1163 1615; x_wconf 89' lang='lat' dir='ltr'><strong>onerariis</strong></span> 
     </span>
     <span class='ocr_line' id='line_1_18' title="bbox 173 1638 1165 1716; baseline -0.001 -18"><span class='ocrx_word' id='word_1_135' title='bbox 173 1639 309 1714; x_wconf 86' lang='lat' dir='ltr'><strong>navibus,</strong></span> <span class='ocrx_word' id='word_1_136' title='bbox 331 1640 464 1716; x_wconf 88' lang='lat' dir='ltr'><strong>quoniam</strong></span> <span class='ocrx_word' id='word_1_137' title='bbox 484 1646 514 1697; x_wconf 86' lang='lat' dir='ltr'><strong>ct</strong></span> <span class='ocrx_word' id='word_1_138' title='bbox 532 1638 661 1715; x_wconf 90' lang='lat' dir='ltr'><strong>pericula</strong></span> <span class='ocrx_word' id='word_1_139' title='bbox 678 1640 877 1716; x_wconf 81' lang='lat' dir='ltr'><strong>expingimus,</strong></span> <span class='ocrx_word' id='word_1_140' title='bbox 902 1638 1021 1715; x_wconf 90' lang='lat' dir='ltr'><strong>nequis</strong></span> <span class='ocrx_word' id='word_1_141' title='bbox 1041 1639 1165 1697; x_wconf 87' lang='lat' dir='ltr'><strong>miretur</strong></span> 
     </span>
     <span class='ocr_line' id='line_1_19' title="bbox 173 1721 1164 1801; baseline 0 -21"><span class='ocrx_word' id='word_1_142' title='bbox 173 1729 203 1780; x_wconf 90' lang='lat' dir='ltr'><strong>et</strong></span> <span class='ocrx_word' id='word_1_143' title='bbox 222 1738 313 1798; x_wconf 88' lang='lat' dir='ltr'><strong>rogos</strong></span> <span class='ocrx_word' id='word_1_144' title='bbox 335 1722 433 1799; x_wconf 80' lang='lat' dir='ltr'><strong>pingi,</strong></span> <span class='ocrx_word' id='word_1_145' title='bbox 456 1724 592 1799; x_wconf 87' lang='lat' dir='ltr'><strong>iuvatque</strong></span> <span class='ocrx_word' id='word_1_146' title='bbox 616 1730 794 1801; x_wconf 88' lang='lat' dir='ltr'><strong>pugnaturos</strong></span> <span class='ocrx_word' id='word_1_147' title='bbox 813 1721 850 1781; x_wconf 82' lang='lat' dir='ltr'><strong>ad</strong></span> <span class='ocrx_word' id='word_1_148' title='bbox 873 1729 995 1780; x_wconf 88' lang='lat' dir='ltr'><strong>mortem</strong></span> <span class='ocrx_word' id='word_1_149' title='bbox 1012 1729 1062 1780; x_wconf 87' lang='lat' dir='ltr'><strong>aut</strong></span> <span class='ocrx_word' id='word_1_150' title='bbox 1078 1731 1164 1781; x_wconf 86' lang='lat' dir='ltr'><strong>certe</strong></span> 
     </span>
    </p>

    <p class='ocr_par' dir='ltr' id='par_1_5' title="bbox 157 1803 1164 1883">
     <span class='ocr_line' id='line_1_20' title="bbox 157 1803 1164 1883; baseline -0.002 -17"><span class='ocrx_word' id='word_1_151' title='bbox 157 1805 289 1869; x_wconf 48' lang='lat' dir='ltr'><strong>¹ceredam</strong></span> <span class='ocrx_word' id='word_1_152' title='bbox 305 1806 440 1883; x_wconf 88' lang='lat' dir='ltr'><strong>speciose</strong></span> <span class='ocrx_word' id='word_1_153' title='bbox 454 1803 529 1863; x_wconf 86' lang='lat' dir='ltr'><strong>vebi.</strong></span> <span class='ocrx_word' id='word_1_154' title='bbox 556 1822 611 1882; x_wconf 93' lang='lat' dir='ltr'><strong>qua</strong></span> <span class='ocrx_word' id='word_1_155' title='bbox 625 1804 871 1883; x_wconf 84' lang='lat' dir='ltr'><strong>contemplatione</strong></span> <span class='ocrx_word' id='word_1_156' title='bbox 886 1812 930 1863; x_wconf 90' lang='lat' dir='ltr'><strong>tot</strong></span> <span class='ocrx_word' id='word_1_157' title='bbox 941 1804 1073 1864; x_wconf 89' lang='lat' dir='ltr'><strong>colorum</strong></span> <span class='ocrx_word' id='word_1_158' title='bbox 1084 1813 1164 1865; x_wconf 90' lang='lat' dir='ltr'><strong>tanta</strong></span> 
     </span>
    </p>

    <p class='ocr_par' dir='ltr' id='par_1_6' title="bbox 78 1887 1192 1964">
     <span class='ocr_line' id='line_1_21' title="bbox 78 1887 1192 1964; baseline 0.002 -17"><span class='ocrx_word' id='word_1_159' title='bbox 78 1936 82 1947; x_wconf 77' lang='lat'>.</span> <span class='ocrx_word' id='word_1_160' title='bbox 172 1890 312 1949; x_wconf 87' lang='lat' dir='ltr'><strong>varietate</strong></span> <span class='ocrx_word' id='word_1_161' title='bbox 328 1887 405 1946; x_wconf 88' lang='lat' dir='ltr'><strong>subit</strong></span> <span class='ocrx_word' id='word_1_162' title='bbox 419 1888 616 1964; x_wconf 87' lang='lat' dir='ltr'><strong>antiquitatem</strong></span> <span class='ocrx_word' id='word_1_163' title='bbox 628 1890 736 1951; x_wconf 87' lang='lat' dir='ltr'><strong>mirari.</strong></span> <span class='ocrx_word' id='word_1_164' title='bbox 1170 1910 1192 1949; x_wconf 82' lang='lat' dir='ltr'><strong>so</strong></span> 
     </span>
    </p>

    <p class='ocr_par' dir='ltr' id='par_1_7' title="bbox 129 1967 1194 2632">
     <span class='ocr_line' id='line_1_22' title="bbox 129 1967 1163 2049; baseline -0.003 -15"><span class='ocrx_word' id='word_1_165' title='bbox 129 1983 164 2034; x_wconf 80' lang='lat'><strong>50</strong></span> <span class='ocrx_word' id='word_1_166' title='bbox 195 2002 197 2007; x_wconf 34' lang='lat' dir='ltr'>v</span> <span class='ocrx_word' id='word_1_167' title='bbox 233 1972 312 2049; x_wconf 83' lang='grc'>(32.)</span> <span class='ocrx_word' id='word_1_168' title='bbox 328 1967 467 2041; x_wconf 86' lang='lat' dir='ltr'><strong>Quattuor</strong></span> <span class='ocrx_word' id='word_1_169' title='bbox 478 1970 627 2030; x_wconf 88' lang='lat' dir='ltr'><strong>coloribus</strong></span> <span class='ocrx_word' id='word_1_170' title='bbox 639 1971 711 2030; x_wconf 90' lang='lat' dir='ltr'><strong>solis</strong></span> <span class='ocrx_word' id='word_1_171' title='bbox 723 1971 884 2031; x_wconf 89' lang='lat' dir='ltr'><strong>inmortalia</strong></span> <span class='ocrx_word' id='word_1_172' title='bbox 895 1970 943 2030; x_wconf 89' lang='lat' dir='ltr'><strong>illa</strong></span> <span class='ocrx_word' id='word_1_173' title='bbox 955 1987 1047 2048; x_wconf 89' lang='lat' dir='ltr'><strong>opera</strong></span> <span class='ocrx_word' id='word_1_174' title='bbox 1060 1971 1163 2031; x_wconf 85' lang='lat' dir='ltr'><strong>fecere</strong></span> 
     </span>
     <span class='ocr_line' id='line_1_23' title="bbox 172 2052 1162 2131; baseline -0.001 -17"><span class='ocrx_word' id='word_1_175' title='bbox 172 2088 212 2099; x_wconf 87' lang='lat'><strong>-—</strong></span> <span class='ocrx_word' id='word_1_176' title='bbox 222 2068 263 2114; x_wconf 71' lang='lat' dir='ltr'><strong>‘ex</strong></span> <span class='ocrx_word' id='word_1_177' title='bbox 277 2054 349 2113; x_wconf 87' lang='lat' dir='ltr'><strong>albis</strong></span> <span class='ocrx_word' id='word_1_178' title='bbox 360 2052 479 2130; x_wconf 84' lang='lat' dir='ltr'><strong>Melino,</strong></span> <span class='ocrx_word' id='word_1_179' title='bbox 496 2074 513 2114; x_wconf 92' lang='lat' dir='ltr'><strong>c</strong></span> <span class='ocrx_word' id='word_1_180' title='bbox 525 2054 632 2113; x_wconf 89' lang='lat' dir='ltr'><strong>silaciis</strong></span> <span class='ocrx_word' id='word_1_181' title='bbox 644 2052 756 2131; x_wconf 82' lang='lat' dir='ltr'><strong>Attico,</strong></span> <span class='ocrx_word' id='word_1_182' title='bbox 771 2073 809 2113; x_wconf 85' lang='lat' dir='ltr'><strong>ex</strong></span> <span class='ocrx_word' id='word_1_183' title='bbox 824 2054 918 2113; x_wconf 89' lang='lat' dir='ltr'><strong>rubris</strong></span> <span class='ocrx_word' id='word_1_184' title='bbox 934 2053 1073 2131; x_wconf 87' lang='lat' dir='ltr'><strong>Sinopide</strong></span> <span class='ocrx_word' id='word_1_185' title='bbox 1085 2054 1162 2114; x_wconf 88' lang='lat' dir='ltr'><strong>Pon·</strong></span> 
     </span>
     <span class='ocr_line' id='line_1_24' title="bbox 172 2136 1163 2215; baseline 0.002 -20"><span class='ocrx_word' id='word_1_186' title='bbox 172 2139 238 2213; x_wconf 87' lang='lat' dir='ltr'><strong>tica,</strong></span> <span class='ocrx_word' id='word_1_187' title='bbox 253 2155 292 2195; x_wconf 85' lang='lat' dir='ltr'><strong>ex</strong></span> <span class='ocrx_word' id='word_1_188' title='bbox 306 2137 396 2211; x_wconf 90' lang='lat' dir='ltr'><strong>nigris</strong></span> <span class='ocrx_word' id='word_1_189' title='bbox 410 2145 567 2197; x_wconf 87' lang='lat' dir='ltr'><strong>atramento</strong></span> <span class='ocrx_word' id='word_1_190' title='bbox 581 2136 763 2215; x_wconf 83' lang='lat' dir='ltr'><strong>-Apelles,</strong></span> <span class='ocrx_word' id='word_1_191' title='bbox 778 2137 898 2212; x_wconf 77' lang='lat' dir='ltr'><strong>Aetion,</strong></span> <span class='ocrx_word' id='word_1_192' title='bbox 913 2136 1098 2215; x_wconf 78' lang='lat' dir='ltr'><strong>Melanthius,</strong></span> <span class='ocrx_word' id='word_1_193' title='bbox 1114 2138 1163 2197; x_wconf 88' lang='lat' dir='ltr'><strong>Ni·</strong></span> 
     </span>
     <span class='ocr_line' id='line_1_25' title="bbox 171 2218 1161 2299; baseline 0.003 -21"><span class='ocrx_word' id='word_1_194' title='bbox 171 2219 338 2295; x_wconf 84' lang='lat' dir='ltr'><strong>eumachus,</strong></span> <span class='ocrx_word' id='word_1_195' title='bbox 365 2218 515 2280; x_wconf 90' lang='lat' dir='ltr'><strong>clarissimi</strong></span> <span class='ocrx_word' id='word_1_196' title='bbox 531 2222 678 2299; x_wconf 88' lang='lat' dir='ltr'><strong>pictores,</strong></span> <span class='ocrx_word' id='word_1_197' title='bbox 703 2239 766 2280; x_wconf 90' lang='lat' dir='ltr'><strong>cum</strong></span> <span class='ocrx_word' id='word_1_198' title='bbox 780 2220 894 2280; x_wconf 89' lang='lat' dir='ltr'><strong>tabulae</strong></span> <span class='ocrx_word' id='word_1_199' title='bbox 908 2238 1008 2279; x_wconf 87' lang='lat' dir='ltr'><strong>corum</strong></span> <span class='ocrx_word' id='word_1_200' title='bbox 1027 2218 1161 2297; x_wconf 87' lang='lat' dir='ltr'><strong>singulae</strong></span> 
     </span>
     <span class='ocr_line' id='line_1_26' title="bbox 172 2302 1194 2382; baseline 0.002 -21"><span class='ocrx_word' id='word_1_201' title='bbox 172 2302 341 2380; x_wconf 89' lang='lat' dir='ltr'><strong>oppidorum</strong></span> <span class='ocrx_word' id='word_1_202' title='bbox 362 2304 495 2362; x_wconf 86' lang='lat' dir='ltr'><strong>venirent</strong></span> <span class='ocrx_word' id='word_1_203' title='bbox 517 2304 632 2381; x_wconf 87' lang='lat' dir='ltr'><strong>opibus.</strong></span> <span class='ocrx_word' id='word_1_204' title='bbox 672 2313 798 2364; x_wconf 91' lang='lat' dir='ltr'><strong>nuncet</strong></span> <span class='ocrx_word' id='word_1_205' title='bbox 821 2305 955 2382; x_wconf 92' lang='lat' dir='ltr'><strong>purpuris</strong></span> <span class='ocrx_word' id='word_1_206' title='bbox 980 2305 1009 2363; x_wconf 92' lang='lat' dir='ltr'><strong>in</strong></span> <span class='ocrx_word' id='word_1_207' title='bbox 1029 2305 1194 2382; x_wconf 76' lang='lat' dir='ltr'><strong>parietcsss</strong></span> 
     </span>
     <span class='ocr_line' id='line_1_27' title="bbox 170 2385 1164 2461; baseline 0.004 -18"><span class='ocrx_word' id='word_1_208' title='bbox 170 2385 357 2461; x_wconf 80' lang='lat' dir='ltr'><strong>migrantibus</strong></span> <span class='ocrx_word' id='word_1_209' title='bbox 381 2393 411 2445; x_wconf 90' lang='lat' dir='ltr'><strong>et</strong></span> <span class='ocrx_word' id='word_1_210' title='bbox 431 2385 510 2447; x_wconf 89' lang='lat' dir='ltr'><strong>ludia</strong></span> <span class='ocrx_word' id='word_1_211' title='bbox 527 2388 699 2447; x_wconf 84' lang='lat' dir='ltr'><strong>conferente</strong></span> <span class='ocrx_word' id='word_1_212' title='bbox 721 2388 862 2447; x_wconf 88' lang='lat' dir='ltr'><strong>lluminuru</strong></span> <span class='ocrx_word' id='word_1_213' title='bbox 883 2403 1000 2446; x_wconf 89' lang='lat' dir='ltr'><strong>suorum</strong></span> <span class='ocrx_word' id='word_1_214' title='bbox 1015 2387 1115 2447; x_wconf 87' lang='lat' dir='ltr'><strong>limum</strong></span> <span class='ocrx_word' id='word_1_215' title='bbox 1132 2397 1164 2449; x_wconf 91' lang='lat' dir='ltr'><strong>et</strong></span> 
     </span>
     <span class='ocr_line' id='line_1_28' title="bbox 172 2467 1162 2547; baseline 0.002 -20"><span class='ocrx_word' id='word_1_216' title='bbox 172 2467 324 2528; x_wconf 88' lang='lat' dir='ltr'><strong>draconum</strong></span> <span class='ocrx_word' id='word_1_217' title='bbox 339 2467 614 2547; x_wconf 89' lang='lat' dir='ltr'><strong>elephantorumque</strong></span> <span class='ocrx_word' id='word_1_218' title='bbox 631 2472 740 2532; x_wconf 89' lang='lat' dir='ltr'><strong>saniem</strong></span> <span class='ocrx_word' id='word_1_219' title='bbox 760 2470 836 2530; x_wconf 91' lang='lat' dir='ltr'><strong>nulla</strong></span> <span class='ocrx_word' id='word_1_220' title='bbox 850 2470 957 2529; x_wconf 89' lang='lat' dir='ltr'><strong>nobilis</strong></span> <span class='ocrx_word' id='word_1_221' title='bbox 971 2470 1085 2547; x_wconf 87' lang='lat' dir='ltr'><strong>pictura</strong></span> <span class='ocrx_word' id='word_1_222' title='bbox 1104 2481 1162 2532; x_wconf 87' lang='lat' dir='ltr'><strong>est.</strong></span> 
     </span>
     <span class='ocr_line' id='line_1_29' title="bbox 160 2551 1165 2632; baseline 0.01 -27"><span class='ocrx_word' id='word_1_223' title='bbox 160 2553 265 2611; x_wconf 78' lang='lat' dir='ltr'><strong>‚omnia</strong></span> <span class='ocrx_word' id='word_1_224' title='bbox 276 2569 348 2627; x_wconf 86' lang='lat' dir='ltr'><strong>ergo</strong></span> <span class='ocrx_word' id='word_1_225' title='bbox 359 2551 479 2611; x_wconf 89' lang='lat' dir='ltr'><strong>meliora</strong></span> <span class='ocrx_word' id='word_1_226' title='bbox 491 2554 728 2629; x_wconf 89' lang='lat' dir='ltr'><strong>tuncluere,cum</strong></span> <span class='ocrx_word' id='word_1_227' title='bbox 738 2555 830 2611; x_wconf 93' lang='lat' dir='ltr'><strong>minor</strong></span> <span class='ocrx_word' id='word_1_228' title='bbox 841 2555 933 2630; x_wconf 88' lang='lat' dir='ltr'><strong>copia.</strong></span> <span class='ocrx_word' id='word_1_229' title='bbox 947 2555 986 2612; x_wconf 88' lang='lat' dir='ltr'><strong>ita</strong></span> <span class='ocrx_word' id='word_1_230' title='bbox 999 2562 1058 2631; x_wconf 87' lang='lat' dir='ltr'><strong>est,</strong></span> <span class='ocrx_word' id='word_1_231' title='bbox 1070 2573 1165 2632; x_wconf 91' lang='lat' dir='ltr'><strong>quon·</strong></span> 
     </span>
    </p>

    <p class='ocr_par' dir='ltr' id='par_1_8' title="bbox 129 2634 1195 3046">
     <span class='ocr_line' id='line_1_30' title="bbox 142 2634 1164 2714; baseline 0.007 -21"><span class='ocrx_word' id='word_1_232' title='bbox 142 2652 154 2687; x_wconf 74' lang='lat'>4</span> <span class='ocrx_word' id='word_1_233' title='bbox 171 2636 242 2711; x_wconf 90' lang='lat' dir='ltr'><strong>iam,</strong></span> <span class='ocrx_word' id='word_1_234' title='bbox 264 2643 394 2713; x_wconf 87' lang='lat' dir='ltr'><strong>utsupra</strong></span> <span class='ocrx_word' id='word_1_235' title='bbox 409 2634 547 2712; x_wconf 82' lang='lat' dir='ltr'><strong>diximus,</strong></span> <span class='ocrx_word' id='word_1_236' title='bbox 567 2655 680 2713; x_wconf 88' lang='lat' dir='ltr'><strong>rerum,</strong></span> <span class='ocrx_word' id='word_1_237' title='bbox 697 2655 755 2696; x_wconf 93' lang='lat' dir='ltr'><strong>non</strong></span> <span class='ocrx_word' id='word_1_238' title='bbox 772 2637 855 2694; x_wconf 90' lang='lat' dir='ltr'><strong>animi</strong></span> <span class='ocrx_word' id='word_1_239' title='bbox 870 2639 972 2714; x_wconf 90' lang='lat' dir='ltr'><strong>pretiis</strong></span> <span class='ocrx_word' id='word_1_240' title='bbox 987 2637 1164 2700; x_wconf 83' lang='lat' dir='ltr'><strong>excubator.</strong></span> 
     </span>
     <span class='ocr_line' id='line_1_31' title="bbox 129 2716 1195 2797; baseline 0.007 -20"><span class='ocrx_word' id='word_1_241' title='bbox 129 2729 161 2782; x_wconf 81' lang='lat'><strong>51</strong></span> <span class='ocrx_word' id='word_1_242' title='bbox 231 2716 313 2796; x_wconf 84' lang='grc'>(33.)</span> <span class='ocrx_word' id='word_1_243' title='bbox 336 2717 374 2777; x_wconf 88' lang='lat' dir='ltr'><strong>Et</strong></span> <span class='ocrx_word' id='word_1_244' title='bbox 393 2725 512 2779; x_wconf 87' lang='lat' dir='ltr'><strong>nostrae</strong></span> <span class='ocrx_word' id='word_1_245' title='bbox 535 2722 638 2779; x_wconf 87' lang='lat' dir='ltr'><strong>aetatis</strong></span> <span class='ocrx_word' id='word_1_246' title='bbox 654 2720 791 2780; x_wconf 89' lang='lat' dir='ltr'><strong>insaniam</strong></span> <span class='ocrx_word' id='word_1_247' title='bbox 812 2720 842 2777; x_wconf 95' lang='lat' dir='ltr'><strong>in</strong></span> <span class='ocrx_word' id='word_1_248' title='bbox 861 2722 971 2797; x_wconf 87' lang='lat' dir='ltr'><strong>pictura</strong></span> <span class='ocrx_word' id='word_1_249' title='bbox 993 2737 1052 2779; x_wconf 94' lang='lat' dir='ltr'><strong>non</strong></span> <span class='ocrx_word' id='word_1_250' title='bbox 1078 2724 1195 2785; x_wconf 82' lang='lat' dir='ltr'><strong>omit-so</strong></span> 
     </span>
     <span class='ocr_line' id='line_1_32' title="bbox 172 2800 1165 2881; baseline 0.006 -22"><span class='ocrx_word' id='word_1_251' title='bbox 172 2810 235 2859; x_wconf 88' lang='lat' dir='ltr'><strong>tam.</strong></span> <span class='ocrx_word' id='word_1_252' title='bbox 248 2800 250 2814; x_wconf 93' lang='lat'>&#39;</span> <span class='ocrx_word' id='word_1_253' title='bbox 270 2800 349 2860; x_wconf 90' lang='lat' dir='ltr'><strong>Nero</strong></span> <span class='ocrx_word' id='word_1_254' title='bbox 365 2803 500 2880; x_wconf 89' lang='lat' dir='ltr'><strong>princeps</strong></span> <span class='ocrx_word' id='word_1_255' title='bbox 512 2803 637 2863; x_wconf 91' lang='lat' dir='ltr'><strong>iusserat</strong></span> <span class='ocrx_word' id='word_1_256' title='bbox 648 2802 813 2861; x_wconf 90' lang='lat' dir='ltr'><strong>colosseum</strong></span> <span class='ocrx_word' id='word_1_257' title='bbox 822 2821 855 2862; x_wconf 89' lang='lat' dir='ltr'><strong>se</strong></span> <span class='ocrx_word' id='word_1_258' title='bbox 870 2804 951 2881; x_wconf 89' lang='lat' dir='ltr'><strong>pingi</strong></span> <span class='ocrx_word' id='word_1_259' title='bbox 964 2801 1042 2863; x_wconf 82' lang='lat' dir='ltr'><strong>CXX</strong></span> <span class='ocrx_word' id='word_1_260' title='bbox 1055 2806 1165 2880; x_wconf 88' lang='lat' dir='ltr'><strong>pedum</strong></span> 
     </span>
     <span class='ocr_line' id='line_1_33' title="bbox 170 2883 1164 2964; baseline 0.006 -22"><span class='ocrx_word' id='word_1_261' title='bbox 170 2884 200 2943; x_wconf 90' lang='lat' dir='ltr'><strong>in</strong></span> <span class='ocrx_word' id='word_1_262' title='bbox 215 2883 510 2962; x_wconf 60' lang='lat' dir='ltr'><strong>linteo‚¹incognitum</strong></span> <span class='ocrx_word' id='word_1_263' title='bbox 524 2884 629 2945; x_wconf 86' lang='lat' dir='ltr'><strong>adhoc</strong></span> <span class='ocrx_word' id='word_1_264' title='bbox 644 2893 763 2961; x_wconf 87' lang='lat' dir='ltr'><strong>tempus.</strong></span> <span class='ocrx_word' id='word_1_265' title='bbox 791 2903 827 2953; x_wconf 85' lang='lat' dir='ltr'><strong>ea</strong></span> <span class='ocrx_word' id='word_1_266' title='bbox 841 2888 951 2963; x_wconf 88' lang='lat' dir='ltr'><strong>pictura</strong></span> <span class='ocrx_word' id='word_1_267' title='bbox 962 2905 1025 2946; x_wconf 94' lang='lat' dir='ltr'><strong>cum</strong></span> <span class='ocrx_word' id='word_1_268' title='bbox 1039 2898 1164 2964; x_wconf 88' lang='lat' dir='ltr'><strong>peracta</strong></span> 
     </span>
     <span class='ocr_line' id='line_1_34' title="bbox 171 2966 1164 3046; baseline 0.005 -19"><span class='ocrx_word' id='word_1_269' title='bbox 171 2975 252 3027; x_wconf 89' lang='lat' dir='ltr'><strong>esset</strong></span> <span class='ocrx_word' id='word_1_270' title='bbox 274 2969 303 3026; x_wconf 94' lang='lat' dir='ltr'><strong>in</strong></span> <span class='ocrx_word' id='word_1_271' title='bbox 316 2966 435 3028; x_wconf 86' lang='lat' dir='ltr'><strong>blaianis</strong></span> <span class='ocrx_word' id='word_1_272' title='bbox 453 2968 562 3043; x_wconf 89' lang='lat' dir='ltr'><strong>bortis,</strong></span> <span class='ocrx_word' id='word_1_273' title='bbox 578 2985 700 3028; x_wconf 90' lang='lat' dir='ltr'><strong>accensa</strong></span> <span class='ocrx_word' id='word_1_274' title='bbox 715 2967 833 3028; x_wconf 84' lang='lat' dir='ltr'><strong>fulmina</strong></span> <span class='ocrx_word' id='word_1_275' title='bbox 849 2986 911 3029; x_wconf 90' lang='lat' dir='ltr'><strong>corn</strong></span> <span class='ocrx_word' id='word_1_276' title='bbox 928 2978 1042 3046; x_wconf 91' lang='lat' dir='ltr'><strong>optuma</strong></span> <span class='ocrx_word' id='word_1_277' title='bbox 1057 2969 1164 3046; x_wconf 75' lang='lat' dir='ltr'><strong>borto-</strong></span> 
     </span>
    </p>

    <p class='ocr_par' dir='ltr' id='par_1_9' title="bbox 129 3050 1196 3465">
     <span class='ocr_line' id='line_1_35' title="bbox 129 3050 1164 3129; baseline 0.002 -17"><span class='ocrx_word' id='word_1_278' title='bbox 129 3058 164 3112; x_wconf 74' lang='grc'><strong>52</strong></span> <span class='ocrx_word' id='word_1_279' title='bbox 174 3068 235 3109; x_wconf 91' lang='lat' dir='ltr'><strong>rum</strong></span> <span class='ocrx_word' id='word_1_280' title='bbox 249 3059 332 3129; x_wconf 86' lang='lat' dir='ltr'><strong>parte</strong></span> <span class='ocrx_word' id='word_1_281' title='bbox 349 3050 543 3128; x_wconf 80' lang='lat' dir='ltr'><strong>conflagravit.</strong></span> <span class='ocrx_word' id='word_1_282' title='bbox 579 3052 701 3111; x_wconf 85' lang='lat' dir='ltr'><strong>libertus</strong></span> <span class='ocrx_word' id='word_1_283' title='bbox 720 3052 784 3110; x_wconf 91' lang='lat' dir='ltr'><strong>eius</strong></span> <span class='ocrx_word' id='word_1_284' title='bbox 798 3068 861 3111; x_wconf 91' lang='lat' dir='ltr'><strong>curu</strong></span> <span class='ocrx_word' id='word_1_285' title='bbox 875 3052 957 3112; x_wconf 90' lang='lat' dir='ltr'><strong>daret</strong></span> <span class='ocrx_word' id='word_1_286' title='bbox 971 3053 1040 3112; x_wconf 78' lang='lat' dir='ltr'><strong>Anti</strong></span> <span class='ocrx_word' id='word_1_287' title='bbox 1055 3070 1164 3115; x_wconf 89' lang='lat' dir='ltr'><strong>munus</strong></span> 
     </span>
     <span class='ocr_line' id='line_1_36' title="bbox 171 3133 1196 3214; baseline 0.004 -22"><span class='ocrx_word' id='word_1_288' title='bbox 171 3133 376 3209; x_wconf 88' lang='lat' dir='ltr'><strong>gladiatorum,</strong></span> <span class='ocrx_word' id='word_1_289' title='bbox 394 3133 522 3211; x_wconf 90' lang='lat' dir='ltr'><strong>publicas</strong></span> <span class='ocrx_word' id='word_1_290' title='bbox 537 3135 667 3213; x_wconf 90' lang='lat' dir='ltr'><strong>porticus</strong></span> <span class='ocrx_word' id='word_1_291' title='bbox 685 3136 836 3211; x_wconf 88' lang='lat' dir='ltr'><strong>occuparit</strong></span> <span class='ocrx_word' id='word_1_292' title='bbox 849 3136 970 3212; x_wconf 90' lang='lat' dir='ltr'><strong>pictura,</strong></span> <span class='ocrx_word' id='word_1_293' title='bbox 985 3144 1016 3193; x_wconf 92' lang='lat' dir='ltr'><strong>ut</strong></span> <span class='ocrx_word' id='word_1_294' title='bbox 1029 3146 1163 3214; x_wconf 87' lang='lat' dir='ltr'><strong>constat,</strong></span> <span class='ocrx_word' id='word_1_295' title='bbox 1172 3163 1196 3203; x_wconf 69' lang='lat'><strong>³5</strong></span> 
     </span>
     <span class='ocr_line' id='line_1_37' title="bbox 171 3214 1164 3295; baseline 0.01 -23"><span class='ocrx_word' id='word_1_296' title='bbox 171 3214 360 3290; x_wconf 85' lang='lat' dir='ltr'><strong>gladiatorum</strong></span> <span class='ocrx_word' id='word_1_297' title='bbox 385 3216 635 3294; x_wconf 85' lang='lat' dir='ltr'><strong>ministrorumque</strong></span> <span class='ocrx_word' id='word_1_298' title='bbox 657 3218 780 3276; x_wconf 89' lang='lat' dir='ltr'><strong>omnium</strong></span> <span class='ocrx_word' id='word_1_299' title='bbox 800 3216 878 3277; x_wconf 86' lang='lat' dir='ltr'><strong>veris</strong></span> <span class='ocrx_word' id='word_1_300' title='bbox 897 3219 1069 3295; x_wconf 82' lang='lat' dir='ltr'><strong>imaginibus</strong></span> <span class='ocrx_word' id='word_1_301' title='bbox 1092 3222 1164 3281; x_wconf 87' lang='lat' dir='ltr'><strong>red·</strong></span> 
     </span>
     <span class='ocr_line' id='line_1_38' title="bbox 171 3295 1164 3383; baseline 0.009 -28"><span class='ocrx_word' id='word_1_302' title='bbox 171 3295 247 3356; x_wconf 86' lang='lat' dir='ltr'><strong>ditis.</strong></span> <span class='ocrx_word' id='word_1_303' title='bbox 274 3296 322 3356; x_wconf 92' lang='lat' dir='ltr'><strong>bic</strong></span> <span class='ocrx_word' id='word_1_304' title='bbox 334 3298 428 3356; x_wconf 91' lang='lat' dir='ltr'><strong>multis</strong></span> <span class='ocrx_word' id='word_1_305' title='bbox 439 3299 494 3355; x_wconf 89' lang='lat' dir='ltr'><strong>iam</strong></span> <span class='ocrx_word' id='word_1_306' title='bbox 507 3300 631 3361; x_wconf 88' lang='lat' dir='ltr'><strong>saeculis</strong></span> <span class='ocrx_word' id='word_1_307' title='bbox 646 3318 767 3360; x_wconf 89' lang='lat' dir='ltr'><strong>summus</strong></span> <span class='ocrx_word' id='word_1_308' title='bbox 778 3301 886 3360; x_wconf 83' lang='lat' dir='ltr'><strong>animum</strong></span> <span class='ocrx_word' id='word_1_309' title='bbox 900 3302 1062 3379; x_wconf 86' lang='lat' dir='ltr'><strong>inpletura,</strong></span> <span class='ocrx_word' id='word_1_310' title='bbox 1076 3305 1164 3383; x_wconf 92' lang='lat' dir='ltr'><strong>pingi</strong></span> 
     </span>
     <span class='ocr_line' id='line_1_39' title="bbox 173 3377 1166 3465; baseline 0.011 -29"><span class='ocrx_word' id='word_1_311' title='bbox 173 3386 266 3438; x_wconf 91' lang='lat' dir='ltr'><strong>autem</strong></span> <span class='ocrx_word' id='word_1_312' title='bbox 285 3377 454 3455; x_wconf 90' lang='lat' dir='ltr'><strong>gladiatoria</strong></span> <span class='ocrx_word' id='word_1_313' title='bbox 473 3398 589 3442; x_wconf 86' lang='lat' dir='ltr'><strong>munera</strong></span> <span class='ocrx_word' id='word_1_314' title='bbox 605 3393 691 3462; x_wconf 87' lang='lat' dir='ltr'><strong>atque</strong></span> <span class='ocrx_word' id='word_1_315' title='bbox 705 3386 735 3443; x_wconf 93' lang='lat' dir='ltr'><strong>in</strong></span> <span class='ocrx_word' id='word_1_316' title='bbox 750 3382 867 3461; x_wconf 92' lang='lat' dir='ltr'><strong>publico</strong></span> <span class='ocrx_word' id='word_1_317' title='bbox 883 3386 990 3463; x_wconf 86' lang='lat' dir='ltr'><strong>exponi</strong></span> <span class='ocrx_word' id='word_1_318' title='bbox 1011 3394 1123 3465; x_wconf 91' lang='lat' dir='ltr'><strong>coepta</strong></span> <span class='ocrx_word' id='word_1_319' title='bbox 1147 3406 1166 3447; x_wconf 89' lang='lat' dir='ltr'><strong>a</strong></span> 
     </span>
    </p>
   </div>
   <div class='ocr_carea' id='block_1_3' title="bbox 0 0 1247 3817">
    <p class='ocr_par' dir='ltr' id='par_1_10' title="bbox 0 0 1247 3817">
     <span class='ocr_line' id='line_1_40' title="bbox 0 0 1247 3817; baseline 0 0"><span class='ocrx_word' id='word_1_320' title='bbox 0 0 1247 3817; x_wconf 95' lang='lat' dir='ltr'><strong> </strong></span> 
     </span>
    </p>
   </div>
  </div>
 </body>
</html>
