2484 3817
155 160 214 221 198
484 168 787 219 cruentandam

150 328 220 386 tioni
245 326 274 384 in
295 326 435 386 asinarum
457 340 587 383 maxume
610 322 686 383 lacte
709 321 757 381 vel
781 338 819 381 ex
845 336 928 399 aqua.
968 317 1132 383 membrana
1240 331 1241 340 ¹

152 417 249 488 partus
270 426 382 483 earum,
403 408 562 485 praecipue
579 406 603 465 si
617 422 724 465 marem
739 405 923 501 pepererint,
945 402 1071 463 olefacta
1084 422 1132 465 ac·

151 492 273 552 cedente
293 491 394 549 morbo
415 490 596 568 comitialium
609 491 726 548 resistit.
758 496 822 547 sunt
844 488 923 565 quie
940 504 1018 545 mare
1035 488 1132 563 nigro·

150 593 206 654 que
223 592 275 635 cor
288 574 427 633 edendum
442 591 506 633 cum
526 590 600 651 pane
615 572 727 631 subdiu
747 573 838 671 prima
857 578 905 630 aut
921 569 1047 631 secunda
1066 570 1132 631 luna

150 660 339 738 praecipiant,
352 657 400 717 alii
416 674 529 717 carnem
537 656 647 733 ,aliqui
663 656 829 732 sanguinem
848 662 931 713 aceto
947 653 1064 713 dilutum
1078 672 1155 732 pers

108 752 158 807 azo
169 742 232 801 dies
246 740 294 801 XL
311 739 473 799 hibendum.
508 738 619 815 quidam
634 740 739 797 urinam
755 754 846 815 aquae
861 737 1002 796 ferrariae
1018 754 1056 795 ex
1070 737 1134 797 ofli-

150 827 222 885 cinis
236 825 358 883 miscent
377 823 536 899 eademque
549 823 669 899 potione
686 831 715 881 et
729 821 881 899 lymphatis
898 820 1056 880 medentur.
1083 838 1134 880 cc·

149 908 301 968 mitialibus
324 906 405 965 datur
429 914 458 963 et
484 904 568 964 lactis
589 906 684 982 equini
706 914 791 983 potus
819 902 971 981 lichenque
998 904 1027 962 in
1047 912 1133 965 aceto

149 992 241 1051 mulso
257 989 409 1063 bibendus,
432 987 532 1047 dantur
552 996 581 1046 et
601 1005 703 1047 carnes
719 989 853 1065 caprinae
875 988 902 1045 in
922 1003 997 1063 rogo
1012 986 1136 1046 hominis

148 1083 258 1148 tostae,
279 1082 310 1133 ut
322 1072 422 1131 volunt
435 1070 527 1147 Magi,
555 1069 655 1130 sebum
670 1089 767 1131 earum
783 1088 845 1130 cum
859 1069 929 1129 ielle
943 1071 1055 1130 taurino
1072 1071 1135 1149 pari
1145 1083 1172 1125 ιι

150 1157 277 1235 pondere
299 1155 451 1214 decoctum
474 1154 553 1213 etin
577 1153 710 1213 folliculo
734 1154 811 1213 fellis
833 1151 1013 1214 reconditum
1033 1154 1072 1213 ita
1096 1170 1135 1213 ne

149 1251 254 1299 terram
268 1240 397 1313 attingat,
409 1246 507 1334 potum
522 1254 593 1298 vero
606 1254 643 1295 ex
658 1254 730 1315 aqua
745 1236 876 1296 sublime.
899 1236 1028 1296 morbum
1042 1237 1136 1315 ipsum

150 1321 339 1421 deprehendit
361 1320 471 1397 caprini
485 1337 590 1380 cornus
608 1319 656 1378 vel
679 1321 786 1379 cervini
801 1321 856 1379 usti
876 1318 967 1379 nidor.
996 1320 1137 1380 Sideratis

149 1408 228 1465 urina
240 1404 310 1481 pulli
321 1405 422 1462 asinini
415 1403 523 1463 nardo
536 1402 660 1462 admixto
672 1405 860 1501 perunctione
871 1402 1011 1480 prodesse
1023 1404 1136 1481 dicitur,

108 1501 158 1555 227
224 1487 307 1564 (64.)
327 1487 422 1562 Regio
437 1486 539 1545 morbo
555 1504 660 1545 cornus
672 1488 779 1545 cervini
790 1488 868 1563 cinis,
884 1488 1000 1562 sanguis
1011 1486 1082 1548 asini
1096 1505 1136 1547 ex
1146 1505 1173 1546 ιι

52 1594 55 1600 ·
151 1574 233 1648 vino,
248 1572 316 1630 item
336 1571 430 1629 limum
452 1570 551 1629 asinini
573 1569 643 1647 pulli
665 1569 742 1647 quod
765 1570 884 1647 primum
905 1569 993 1630 edidit
1014 1588 1031 1629 a
1052 1578 1136 1647 partu
1203 1621 1211 1645 ,

151 1656 245 1716 datum
260 1654 345 1714 labae
359 1653 551 1729 magnitudine
567 1670 584 1711 e
598 1654 666 1711 uino
682 1652 812 1714 medetur
829 1652 903 1715 intra
923 1653 997 1715 diam
1012 1655 1135 1713 tertium.

85 1749 93 1761 ’
151 1740 252 1799 eadem
268 1746 297 1797 et
313 1755 351 1796 ex
368 1738 472 1815 equino
483 1736 570 1878 qpllo
587 1735 774 1813 similiterque
789 1736 833 1795 uis
849 1745 903 1797 est.

218 1822 301 1900 (6.)6
322 1819 433 1879 Fractis
448 1837 497 1879 oss
529 1838 562 1879 us
577 1827 804 1898 praesentaneus
817 1820 994 1879 maxillarum
1011 1820 1073 1897 apri
1095 1821 1136 1879 ci·

150 1909 194 1965 nis
217 1904 263 1963 vel
284 1905 357 1979 suis,
376 1905 443 1962 item
458 1902 566 1961 lardum
588 1902 693 1961 elixum
714 1912 799 1980 atque
822 1902 1043 1979 circumligatum
1063 1903 1173 1967 miraeo

38 2055 40 2058 ¹
152 1988 300 2047 celeritate
322 1984 435 2045 solidat.
466 1987 554 2045 costis
574 1985 688 2063 quidem
710 1985 809 2045 fractis
829 1984 958 2047 laudatur
981 1986 1063 2045 unice
1086 2004 1135 2046 ca-

40 2069 42 2072 ’
150 2072 261 2149 prinum
275 2068 368 2126 limum
384 2086 422 2126 ex
435 2070 502 2127 vino
516 2077 628 2144 vetere,
643 2070 744 2147 aperit,
762 2069 894 2143 extrahit,
913 2078 1057 2146 persanat.

109 2164 162 2217 228
224 2150 306 2228 (66.)
327 2149 429 2209 Febris
444 2158 526 2211 arcet
540 2168 689 2210 ceruorum
708 2168 791 2228 caro,
806 2160 836 2211 ut
851 2152 989 2227 diximus,
1006 2169 1057 2211 eas
1073 2152 1134 2229 qui·

115 2237 133 2276 ⁸2
147 2234 180 2268 ¹¹⁹
192 2234 257 2293 dem
270 2251 344 2310 quae
356 2242 437 2291 certo
448 2233 556 2292 dierum
571 2249 689 2292 numero
705 2234 824 2294 redeunt
840 2235 940 2295 oculus
954 2234 1013 2313 lupi
1032 2234 1136 2295 dexter

151 2318 244 2377 salsus
261 2316 501 2393 adalligatusque,
516 2318 540 2374 si
557 2316 698 2376 credimus
710 2316 814 2393 lllagis.
833 2317 887 2377 ldst
900 2336 993 2394 genus
1011 2317 1172 2379 febriumas

151 2399 230 2479 quod
241 2397 474 2476 amphemerinon
490 2408 605 2459 vocant.
638 2399 695 2460 hoc
709 2399 824 2459 liberari
841 2400 969 2476 tradunt,
986 2417 1002 2458 e
1018 2417 1094 2461 vena
1109 2401 1136 2461 si

153 2486 216 2561 quis
230 2484 306 2542 auris
322 2482 393 2541 asini
409 2484 460 2541 tris
471 2491 566 2558 guttas
580 2484 726 2559 sanguinis
743 2485 772 2542 in
787 2483 895 2545 duabus
909 2484 1029 2543 heminis
1040 2500 1134 2561 aquae

151 2567 287 2626 hauserit,
317 2566 460 2642 quartanis
475 2566 551 2642 Magi
573 2575 758 2626 excrementa
773 2567 838 2626 ielis
855 2584 918 2625 cum
939 2567 1027 2643 digito
1043 2566 1135 2626 hubo·

150 2652 196 2709 nis
215 2648 363 2724 adalligari
384 2648 496 2725 iubent,
520 2658 549 2707 et
568 2666 605 2707 ne
620 2649 749 2711 recidant
766 2667 822 2709 uon
843 2652 986 2709 removeri
1009 2658 1134 2727 septeno

109 2734 296 2798 suocircuitu.
325 2732 388 2809 quis
405 2730 476 2807 hoc,
492 2748 619 2810 quaeso,
645 2733 775 2792 invenire
792 2731 903 2811 potnit?
932 2742 1061 2812 quaeest
1075 2734 1174 2795 istaec

151 2811 291 2875 mixtura?
319 2833 370 2873 cur
391 2815 496 2889 digitus
518 2817 696 2891 potissimum
713 2815 835 2875 bubonis
852 2816 963 2876 electus
978 2814 1042 2877 est?
1071 2834 1134 2876 mo-

151 2900 330 2960 desticres
322 2915 403 2958 rocur
422 2897 488 2956 ielis
511 2897 700 2959 decrescente
719 2898 785 2959 luna
808 2901 924 2959 occisae
944 2901 1136 2959 inveteratum

153 2982 215 3043 sale
236 3000 273 3041 ex
294 2982 360 3041 vino
378 2980 529 3041 hibendum
550 2990 615 3041 ante
635 2983 822 3042 accessiones
847 2992 1018 3079 quartanae
1022 2981 1134 3042 dixere.

150 3065 235 3126 iidem
250 3064 324 3140 llagi
340 3066 396 3125 fimi
413 3063 550 3123 bubuli
524 3082 620 3124 cinere
635 3081 794 3144 consperso
808 3084 960 3144 puerorum
976 3065 1056 3125 urina
1070 3066 1134 3126 inli-

151 3158 219 3208 nunt
234 3148 339 3224 digitos
356 3148 459 3246 pedum
472 3147 659 3225 manibusque
676 3146 786 3226 leporis
799 3166 855 3208 cor
868 3148 1030 3224 adalligant.
1063 3166 1133 3211 coa·
1145 3170 1174 3213 aa

151 3231 249 3308 gulam
266 3240 330 3289 ante
345 3232 528 3291 accessiones
541 3233 702 3309 propinant.
733 3230 815 3290 datur
836 3241 865 3292 et
880 3249 982 3291 caseus
997 3234 1135 3311 caprinus

151 3332 256 3374 recens
272 3318 334 3373 cuin
349 3314 434 3373 melle
449 3314 601 3391 diligenter
617 3330 684 3373 sero
700 3331 850 3393 expresso.

109 3408 171 3462 aso
225 3399 273 3457 17.
296 3398 379 3475 (67.)
400 3398 615 3466 Melancholicis
631 3398 724 3457 limum
744 3399 824 3459 vituli
844 3399 872 3458 in
895 3398 962 3457 ιιιιο
978 3398 1135 3461 decoctum
