2484 3817
332 211 411 260 uau.
428 209 518 261 msa.
534 214 657 262 xxvrrr.
675 213 700 268 9.
718 204 869 282 (33-37.)
978 266 981 271 ,
1029 204 1084 267 181

102 378 208 439 mro,
237 366 368 442 quoniam
389 365 417 425 id
439 366 542 426 animal
563 367 715 427 herbarum
737 366 880 429 radicibus
901 370 1029 430 rescitur
1046 405 1089 417 -

102 450 202 525 itaque
216 449 302 508 etiam
315 450 382 509 limo
398 450 537 509 innumeri
550 469 618 511 usas
636 484 692 527 -,
710 452 892 530 quamobrem
905 470 962 513 oon
978 454 1014 514 de
1032 454 1087 514 alia
1134 500 1137 507 ,

102 531 256 608 loquemur
270 533 596 595 cneocaesaream
610 534 753 611 elamina,
770 543 799 594 et
812 553 886 613 quae
895 553 952 595 non
962 539 1087 615 peperit,

102 615 194 673 multo
213 632 285 674 vcro
306 618 499 693 praestantior
517 618 546 676 in
566 618 645 695 apris
666 626 720 677 est.
748 620 834 694 igitur
858 636 924 678 usus
946 622 1087 697 axungiae

76 706 150 760 sest
164 698 202 758 ad
216 698 404 777 emollienda,
428 700 660 778 excalfacienda,
683 700 859 761 discutienda
873 703 1086 781 purgandaque.

101 781 279 841 medicorum
293 782 381 859 aliqui
399 783 524 842 admixto
545 786 656 843 anseris
674 784 758 862 adipe
778 794 980 863 taurorumque
996 786 1067 847 sebo
1079 798 1128 852 137

103 874 134 925 et
149 880 264 942 oesypo
285 865 320 925 ad
333 865 479 943 podagras
499 867 538 925 ati
554 866 666 943 iubent,
687 868 712 925 si
732 885 805 927 vero
820 876 966 946 permanet
993 869 1087 945 dolor,

103 966 168 1009 cum
185 965 263 1021 cera,
279 958 383 1023 myrto,
399 950 505 1023 resina,
520 951 596 1027 pice.
621 952 733 1010 sincera
750 952 871 1027 axungia
885 951 1015 1011 medetur
1031 970 1088 1011 am·
1116 969 1120 979 ’

102 1032 196 1091 bostis
207 1030 348 1107 salmias,
365 1032 551 1109 pernionibus
567 1042 661 1092 autem
673 1052 736 1093 cum
746 1034 955 1094 hordai‘cinere
968 1044 997 1093 et
1011 1036 1088 1111 galla

72 1115 167 1195 aspari
183 1112 281 1173 modo.
309 1113 434 1192 prodest
449 1124 479 1174 et
493 1116 659 1176 confricatis
672 1116 815 1193 membris,
830 1119 1017 1196 itinerumque
1032 1117 1088 1179 las·

103 1195 245 1258 situdines
258 1205 288 1255 et
299 1196 483 1273 fatigationes
498 1198 585 1259 levat.
615 1200 650 1259 ad
664 1202 762 1259 tussim
777 1210 906 1260 veterem
921 1218 1023 1261 recens
1039 1202 1088 1261 de·

103 1282 239 1359 coquitur
250 1280 411 1357 quadrantis
423 1281 551 1360 pondere
562 1284 654 1341 lovini
662 1284 770 1357 cyathis
782 1283 872 1343 tribus
884 1284 979 1344 addito
992 1285 1087 1345 melle.

103 1373 188 1423 retus
200 1364 285 1423 etiarn
299 1363 420 1441 phthisis
431 1366 528 1446 pilulis
539 1376 650 1443 sumpta
663 1374 744 1427 sanat
754 1384 828 1445 quae
840 1370 901 1427 sinc
916 1368 976 1427 sale
988 1370 1066 1428 inre·
1079 1380 1130 1433 138

102 1456 194 1507 terata
205 1456 260 1506 est.
278 1448 392 1506 omnino
407 1451 481 1507 enim
495 1452 617 1508 nonnisi
630 1450 665 1509 ad
681 1468 715 1509 ea
731 1468 804 1527 quae
817 1452 962 1528 purganda
977 1454 1032 1511 siut
1043 1460 1090 1513 aut

72 1547 178 1609 oquae
191 1546 251 1589 uon
266 1533 321 1589 sint
333 1529 498 1592 exulcerata
507 1531 617 1592 Gallica
630 1534 778 1611 recipitur.
803 1533 914 1610 quidam
926 1534 1089 1611 quadrantis
1199 1582 1200 1589 κ

103 1613 590 1690 axungiaestmulsiinvinicyathis
601 1615 692 1675 tribus
700 1616 842 1675 decocunt
852 1624 949 1674 contra
958 1616 1089 1694 phthisis,

103 1706 207 1776 quarto
215 1712 330 1774 quoque
342 1695 388 1755 die
399 1698 492 1775 picem
503 1697 636 1776 liquidam
645 1700 673 1757 in
685 1714 742 1757 nvo
751 1699 822 1757 sumi
835 1697 941 1771 iubent,
949 1700 1089 1759 circumli-

103 1788 189 1857 gatur
209 1788 239 1838 et
258 1779 396 1839 lateribus
415 1781 543 1857 pectoris
563 1789 592 1839 et
617 1781 744 1857 scapulis
766 1779 863 1839 e‘orum
886 1780 934 1857 qui
955 1780 1088 1857 phthisim

106 1863 237 1939 sentiunt,
250 1872 384 1941 tantaque
399 1863 498 1921 astris
510 1871 539 1921 ut
551 1862 674 1939 genibus
686 1864 770 1922 etiam
783 1862 935 1939 adalligata
950 1862 1050 1923 redeat
1061 1866 1089 1922 in

72 1968 99 2008 co
108 1964 143 2005 os
154 1962 240 2021 sapor
250 1963 371 2024 eamque
385 1962 529 2028 exspuere
537 1945 696 2007 videantur.
714 1964 730 2005 a
743 1963 794 2006 sue
806 1964 879 2024 quae
890 1963 946 2005 non
959 1946 1073 2026 peperit
1081 1958 1131 2012 139

106 2028 253 2107 aptissima
275 2038 393 2094 ntuutnr,
405 2029 444 2088 ‘ad
464 2038 557 2089 cutem
578 2029 729 2106 mulieres,
756 2039 854 2090 conus
875 2028 1002 2090 scabiem
1017 2049 1088 2091 vero

107 2112 203 2190 quiris
216 2112 340 2171 admixto
351 2114 539 2171 iumentorum
550 2113 623 2175 sebo
634 2130 689 2191 pro
704 2122 786 2191 parte
800 2114 883 2173 tertia
901 2122 930 2173 et
946 2116 1022 2193 pice,
1037 2132 1087 2193 pa·

2 2226 3 2262 t
103 2199 233 2272 riterque
246 2195 499 2277 'subfervefactis
512 2198 624 2257 sincera
640 2206 737 2275 partus
751 2198 780 2256 iu
795 2196 925 2256 abortum
933 2199 1088 2275 pergentis

106 2280 193 2338 nutrit
207 2278 313 2353 collyri
332 2278 418 2337 moda
434 2279 554 2341 subdita.
585 2281 737 2340 cicatrices
758 2280 929 2340 concolores
952 2280 1022 2342 iacit
1041 2300 1087 2341 ce·

76 2378 190 2422 terassa
204 2361 328 2422 admixta
346 2362 395 2421 rel
414 2366 525 2439 argenti
540 2381 655 2442 spuma,
681 2373 709 2423 at
731 2381 793 2422 cum
815 2365 931 2442 sulpure
954 2362 1089 2441 unguium

107 2444 258 2505 scabritias
273 2445 412 2505 emendat.
441 2446 570 2506 medetur
582 2456 612 2505 et
624 2446 729 2525 capillo
746 2446 843 2505 llucnti
858 2454 886 2507 et
902 2447 1046 2506 ulceribus
1061 2448 1089 2504 io

107 2530 204 2607 capite
224 2527 373 2589 mulierum
393 2542 456 2587 cnm
474 2528 570 2605 gallae
591 2538 672 2609 porte
695 2538 794 2608 quarta
817 2538 846 2589 et
865 2530 997 2589 infumata
1022 2528 1088 2605 pilis

107 2610 267 2673 oculorum.
297 2610 377 2670 datur
399 2621 429 2672 et
443 2612 590 2691 phthisicis
605 2614 738 2672 unciatim
756 2628 818 2671 curn
836 2614 894 2671 vini
911 2611 1018 2671 veteris
1038 2610 1086 2668 he·

105 2695 181 2753 mina
195 2694 318 2754 decocta
333 2694 427 2755 donec
440 2704 501 2754 tres
516 2698 617 2756 unciae
633 2716 650 2755 e
670 2703 731 2755 toto
750 2704 875 2772 restent,
893 2694 1036 2771 -aliqui
1059 2701 1088 2751 et

76 2777 201 2837 anetlts
215 2778 349 2853 exiguum
361 2779 495 2853 adiciunt,
509 2811 551 2825 -
565 2781 647 2858 panis
662 2779 739 2837 inlita
757 2796 818 2839 cum
834 2778 924 2853 calce,
942 2778 1008 2835 itam
1025 2775 1066 2833 iu·
1079 2786 1130 2838 140

106 2860 234 2921 ronculis
251 2860 428 2939 duritiaeque
444 2879 634 2923 mammarum.
665 2870 748 2940 rupta
770 2871 799 2921 et
821 2860 958 2921 convolsa
978 2868 1006 2918 et
1022 2876 1087 2935 spa-

108 2952 196 3004 smata
211 2951 243 3002 et
256 2943 354 3004 luxata
369 2954 459 3021 sanat,
476 2946 575 3006 clavos
590 2955 619 3005 et
632 2946 717 3005 rimas
732 2944 854 3021 callique
871 2944 938 3001 vitia
954 2960 1015 3001 curn
1026 2940 1086 2999 hel·

107 3026 212 3087 laboro
227 3026 312 3103 albo,
332 3027 478 3105 parotidas
492 3029 613 3088 admixta
625 3028 715 3087 larius
731 3028 965 3087 salsamentariae
983 3032 1087 3100 testae,

109 3126 166 3187 qao
179 3126 291 3187 genere
302 3111 417 3187 prolicit
429 3118 459 3169 et
474 3111 654 3171 adstrumas.
677 3113 802 3189 pruritus
819 3116 848 3167 et
863 3107 983 3186 papulas
996 3109 1024 3165 in
1038 3106 1086 3165 ha·
1181 3184 1185 3193 1

80 3192 187 3253 alineo
212 3194 362 3271 perunctis
385 3194 474 3269 tollit,
500 3193 615 3271 alioque
639 3196 787 3253 etiamnum
812 3190 896 3250 modo
922 3190 1087 3269 podagricis

109 3276 333 3353 prodestmixto
349 3276 549 3349 clamatore,
572 3278 695 3335 contrito
716 3292 770 3334 una
788 3272 970 3350 sarcophago
991 3272 1087 3352 lapide

111 3366 140 3417 et
154 3359 353 3438 quinquefolio
372 3368 463 3418 tunso·
477 3361 505 3417 in
521 3360 588 3416 vino
604 3357 652 3417 vel
670 3374 733 3416 cum
747 3355 828 3415 calce
842 3356 889 3416 vel
903 3374 964 3415 cum
979 3356 1086 3415 cinere.

111 3440 180 3504 iacit
192 3454 224 3503 et
237 3443 386 3523 peculiare
400 3442 582 3520 emplastrum
599 3440 731 3499 Lxva
745 3439 866 3519 ponderi
889 3448 1000 3498 centum
1020 3454 1085 3516 spu-
