<?xml version="1.0" encoding="UTF-8"?>
<!DOCTYPE html PUBLIC "-//W3C//DTD XHTML 1.0 Transitional//EN"
    "http://www.w3.org/TR/xhtml1/DTD/xhtml1-transitional.dtd">
<html xmlns="http://www.w3.org/1999/xhtml" xml:lang="en" lang="en">
 <head>
  <title>
</title>
<meta http-equiv="Content-Type" content="text/html;charset=utf-8" />
  <meta name='ocr-system' content='tesseract 3.04.00' />
  <meta name='ocr-capabilities' content='ocr_page ocr_carea ocr_par ocr_line ocrx_word'/>
</head>
<body>
  <div class='ocr_page' id='page_1' title='image "./cplinisecundina24plingoog_0554.png"; bbox 0 0 2484 3817; ppageno 0'>
   <div class='ocr_carea' id='block_1_1' title="bbox 175 116 831 179">
    <p class='ocr_par' dir='ltr' id='par_1_1' title="bbox 175 116 831 179">
     <span class='ocr_line' id='line_1_1' title="bbox 175 116 831 179; baseline -0.009 -1"><span class='ocrx_word' id='word_1_1' title='bbox 175 116 218 179; x_wconf 74' lang='lat' dir='ltr'><strong>tt</strong></span> <span class='ocrx_word' id='word_1_2' title='bbox 522 124 831 176; x_wconf 78' lang='lat' dir='ltr'><strong>orumsscunor</strong></span> 
     </span>
    </p>
   </div>
   <div class='ocr_carea' id='block_1_2' title="bbox 56 276 1207 3438">
    <p class='ocr_par' dir='ltr' id='par_1_2' title="bbox 176 276 1175 361">
     <span class='ocr_line' id='line_1_2' title="bbox 176 276 1175 361; baseline -0.001 -20"><span class='ocrx_word' id='word_1_3' title='bbox 176 276 1175 361; x_wconf 78' lang='lat' dir='ltr'><strong>Graecisappellatumcassiterumfabulosequenarratumiuinsulas</strong></span> 
     </span>
    </p>

    <p class='ocr_par' dir='ltr' id='par_1_3' title="bbox 176 361 1174 442">
     <span class='ocr_line' id='line_1_3' title="bbox 176 361 1174 442; baseline -0.002 -17"><span class='ocrx_word' id='word_1_4' title='bbox 176 364 316 426; x_wconf 72' lang='lat' dir='ltr'><strong>Atlantici</strong></span> <span class='ocrx_word' id='word_1_5' title='bbox 332 365 419 426; x_wconf 90' lang='lat' dir='ltr'><strong>maris</strong></span> <span class='ocrx_word' id='word_1_6' title='bbox 435 366 496 442; x_wconf 89' lang='lat' dir='ltr'><strong>peti</strong></span> <span class='ocrx_word' id='word_1_7' title='bbox 510 364 698 440; x_wconf 80' lang='lat' dir='ltr'><strong>vitilibusque</strong></span> <span class='ocrx_word' id='word_1_8' title='bbox 712 363 835 438; x_wconf 82' lang='lat' dir='ltr'><strong>navigiis</strong></span> <span class='ocrx_word' id='word_1_9' title='bbox 850 369 881 420; x_wconf 91' lang='lat' dir='ltr'><strong>et</strong></span> <span class='ocrx_word' id='word_1_10' title='bbox 890 361 1070 420; x_wconf 86' lang='lat' dir='ltr'><strong>circumsutis</strong></span> <span class='ocrx_word' id='word_1_11' title='bbox 1085 365 1174 423; x_wconf 88' lang='lat' dir='ltr'><strong>corio</strong></span> 
     </span>
    </p>

    <p class='ocr_par' dir='ltr' id='par_1_4' title="bbox 177 440 1175 522">
     <span class='ocr_line' id='line_1_4' title="bbox 177 440 1175 522; baseline -0.001 -15"><span class='ocrx_word' id='word_1_12' title='bbox 177 447 289 508; x_wconf 79' lang='lat' dir='ltr'><strong>advehi.</strong></span> <span class='ocrx_word' id='word_1_13' title='bbox 327 466 401 508; x_wconf 93' lang='lat' dir='ltr'><strong>nuuc</strong></span> <span class='ocrx_word' id='word_1_14' title='bbox 421 454 532 507; x_wconf 85' lang='lat' dir='ltr'><strong>certum</strong></span> <span class='ocrx_word' id='word_1_15' title='bbox 552 454 599 507; x_wconf 88' lang='lat' dir='ltr'><strong>cst</strong></span> <span class='ocrx_word' id='word_1_16' title='bbox 618 448 648 505; x_wconf 93' lang='lat' dir='ltr'><strong>iu</strong></span> <span class='ocrx_word' id='word_1_17' title='bbox 662 444 806 506; x_wconf 73' lang='lat' dir='ltr'><strong>Lusitania</strong></span> <span class='ocrx_word' id='word_1_18' title='bbox 825 445 906 522; x_wconf 92' lang='lat' dir='ltr'><strong>gigni</strong></span> <span class='ocrx_word' id='word_1_19' title='bbox 928 450 959 503; x_wconf 90' lang='lat' dir='ltr'><strong>ct</strong></span> <span class='ocrx_word' id='word_1_20' title='bbox 974 444 1004 503; x_wconf 93' lang='lat' dir='ltr'><strong>iu</strong></span> <span class='ocrx_word' id='word_1_21' title='bbox 1023 440 1175 506; x_wconf 80' lang='lat' dir='ltr'><strong>Gallaecia</strong></span> 
     </span>
    </p>

    <p class='ocr_par' dir='ltr' id='par_1_5' title="bbox 177 526 1175 606">
     <span class='ocr_line' id='line_1_5' title="bbox 177 526 1175 606; baseline -0.001 -16"><span class='ocrx_word' id='word_1_22' title='bbox 177 549 283 591; x_wconf 85' lang='lat' dir='ltr'><strong>summa</strong></span> <span class='ocrx_word' id='word_1_23' title='bbox 298 532 404 591; x_wconf 89' lang='lat' dir='ltr'><strong>tellure</strong></span> <span class='ocrx_word' id='word_1_24' title='bbox 418 529 563 590; x_wconf 84' lang='lat' dir='ltr'><strong>harenosa</strong></span> <span class='ocrx_word' id='word_1_25' title='bbox 578 538 609 589; x_wconf 88' lang='lat' dir='ltr'><strong>ct</strong></span> <span class='ocrx_word' id='word_1_26' title='bbox 624 529 733 589; x_wconf 89' lang='lat' dir='ltr'><strong>coloris</strong></span> <span class='ocrx_word' id='word_1_27' title='bbox 749 530 834 605; x_wconf 91' lang='lat' dir='ltr'><strong>nigri.</strong></span> <span class='ocrx_word' id='word_1_28' title='bbox 863 526 995 606; x_wconf 87' lang='lat' dir='ltr'><strong>pondere</strong></span> <span class='ocrx_word' id='word_1_29' title='bbox 1010 535 1121 587; x_wconf 91' lang='lat' dir='ltr'><strong>tantum</strong></span> <span class='ocrx_word' id='word_1_30' title='bbox 1138 547 1175 589; x_wconf 91' lang='lat' dir='ltr'><strong>ea</strong></span> 
     </span>
    </p>

    <p class='ocr_par' dir='ltr' id='par_1_6' title="bbox 56 610 1196 843">
     <span class='ocr_line' id='line_1_6' title="bbox 56 610 1196 692; baseline -0.008 -11"><span class='ocrx_word' id='word_1_31' title='bbox 56 672 59 681; x_wconf 83' lang='lat'><em>.</em></span> <span class='ocrx_word' id='word_1_32' title='bbox 135 624 185 679; x_wconf 80' lang='lat'><strong>15⁷</strong></span> <span class='ocrx_word' id='word_1_33' title='bbox 197 614 438 692; x_wconf 87' lang='lat' dir='ltr'><strong>deprehenditur,</strong></span> <span class='ocrx_word' id='word_1_34' title='bbox 453 615 650 674; x_wconf 83' lang='lat' dir='ltr'><strong>interveniunt</strong></span> <span class='ocrx_word' id='word_1_35' title='bbox 666 621 696 672; x_wconf 89' lang='lat' dir='ltr'><strong>et</strong></span> <span class='ocrx_word' id='word_1_36' title='bbox 712 613 811 671; x_wconf 91' lang='lat' dir='ltr'><strong>minuti</strong></span> <span class='ocrx_word' id='word_1_37' title='bbox 827 610 945 686; x_wconf 90' lang='lat' dir='ltr'><strong>calculi,</strong></span> <span class='ocrx_word' id='word_1_38' title='bbox 963 628 1095 671; x_wconf 84' lang='lat' dir='ltr'><strong>maxume</strong></span> <span class='ocrx_word' id='word_1_39' title='bbox 1111 620 1196 677; x_wconf 70' lang='lat' dir='ltr'><strong>tor-5</strong></span> 
     </span>
     <span class='ocr_line' id='line_1_7' title="bbox 176 694 1174 771; baseline -0.003 -13"><span class='ocrx_word' id='word_1_40' title='bbox 176 698 307 758; x_wconf 88' lang='lat' dir='ltr'><strong>rentibus</strong></span> <span class='ocrx_word' id='word_1_41' title='bbox 328 699 452 757; x_wconf 87' lang='lat' dir='ltr'><strong>siccatis.</strong></span> <span class='ocrx_word' id='word_1_42' title='bbox 480 696 576 759; x_wconf 87' lang='lat' dir='ltr'><strong>lavant</strong></span> <span class='ocrx_word' id='word_1_43' title='bbox 591 714 641 757; x_wconf 92' lang='lat' dir='ltr'><strong>eas</strong></span> <span class='ocrx_word' id='word_1_44' title='bbox 658 694 781 755; x_wconf 82' lang='lat' dir='ltr'><strong>harenas</strong></span> <span class='ocrx_word' id='word_1_45' title='bbox 794 694 949 769; x_wconf 78' lang='lat' dir='ltr'><strong>metallici,</strong></span> <span class='ocrx_word' id='word_1_46' title='bbox 964 702 995 753; x_wconf 89' lang='lat' dir='ltr'><strong>ct</strong></span> <span class='ocrx_word' id='word_1_47' title='bbox 1009 694 1089 771; x_wconf 88' lang='lat' dir='ltr'><strong>quod</strong></span> <span class='ocrx_word' id='word_1_48' title='bbox 1104 696 1174 755; x_wconf 90' lang='lat' dir='ltr'><strong>sub-</strong></span> 
     </span>
     <span class='ocr_line' id='line_1_8' title="bbox 176 778 1175 843; baseline -0.005 -2"><span class='ocrx_word' id='word_1_49' title='bbox 176 781 255 843; x_wconf 86' lang='lat' dir='ltr'><strong>sedit</strong></span> <span class='ocrx_word' id='word_1_50' title='bbox 275 789 380 841; x_wconf 91' lang='lat' dir='ltr'><strong>cocunt</strong></span> <span class='ocrx_word' id='word_1_51' title='bbox 399 783 429 840; x_wconf 93' lang='lat' dir='ltr'><strong>in</strong></span> <span class='ocrx_word' id='word_1_52' title='bbox 444 780 619 841; x_wconf 78' lang='lat' dir='ltr'><strong>fornacibus.</strong></span> <span class='ocrx_word' id='word_1_53' title='bbox 653 778 803 839; x_wconf 82' lang='lat' dir='ltr'><strong>lnveuitur</strong></span> <span class='ocrx_word' id='word_1_54' title='bbox 817 786 848 837; x_wconf 89' lang='lat' dir='ltr'><strong>ct</strong></span> <span class='ocrx_word' id='word_1_55' title='bbox 862 780 892 837; x_wconf 93' lang='lat' dir='ltr'><strong>in</strong></span> <span class='ocrx_word' id='word_1_56' title='bbox 908 778 1030 838; x_wconf 89' lang='lat' dir='ltr'><strong>aurariis</strong></span> <span class='ocrx_word' id='word_1_57' title='bbox 1044 779 1175 838; x_wconf 88' lang='lat' dir='ltr'><strong>metallis</strong></span> 
     </span>
    </p>

    <p class='ocr_par' dir='ltr' id='par_1_7' title="bbox 150 860 1207 1193">
     <span class='ocr_line' id='line_1_9' title="bbox 150 860 1175 943; baseline -0.002 -19"><span class='ocrx_word' id='word_1_58' title='bbox 150 878 156 893; x_wconf 90' lang='grc'><em>·</em></span> <span class='ocrx_word' id='word_1_59' title='bbox 178 883 252 943; x_wconf 84' lang='lat' dir='ltr'><strong>qnae</strong></span> <span class='ocrx_word' id='word_1_60' title='bbox 276 865 379 924; x_wconf 88' lang='lat' dir='ltr'><strong>alutias</strong></span> <span class='ocrx_word' id='word_1_61' title='bbox 399 872 523 939; x_wconf 82' lang='lat' dir='ltr'><strong>vocant,</strong></span> <span class='ocrx_word' id='word_1_62' title='bbox 544 879 616 940; x_wconf 90' lang='lat' dir='ltr'><strong>aqua</strong></span> <span class='ocrx_word' id='word_1_63' title='bbox 636 864 753 922; x_wconf 89' lang='lat' dir='ltr'><strong>inmissa</strong></span> <span class='ocrx_word' id='word_1_64' title='bbox 778 861 895 921; x_wconf 86' lang='lat' dir='ltr'><strong>eluente</strong></span> <span class='ocrx_word' id='word_1_65' title='bbox 917 860 1047 920; x_wconf 87' lang='lat' dir='ltr'><strong>calculos</strong></span> <span class='ocrx_word' id='word_1_66' title='bbox 1067 863 1175 939; x_wconf 88' lang='lat' dir='ltr'><strong>nigros</strong></span> 
     </span>
     <span class='ocr_line' id='line_1_10' title="bbox 177 944 1175 1027; baseline -0.003 -18"><span class='ocrx_word' id='word_1_67' title='bbox 177 949 301 1027; x_wconf 92' lang='lat' dir='ltr'><strong>paullum</strong></span> <span class='ocrx_word' id='word_1_68' title='bbox 316 947 442 1007; x_wconf 83' lang='lat' dir='ltr'><strong>candore</strong></span> <span class='ocrx_word' id='word_1_69' title='bbox 456 949 600 1023; x_wconf 84' lang='lat' dir='ltr'><strong>variatos,</strong></span> <span class='ocrx_word' id='word_1_70' title='bbox 622 946 727 1025; x_wconf 90' lang='lat' dir='ltr'><strong>quibus</strong></span> <span class='ocrx_word' id='word_1_71' title='bbox 749 944 849 1004; x_wconf 91' lang='lat' dir='ltr'><strong>eadem</strong></span> <span class='ocrx_word' id='word_1_72' title='bbox 863 945 992 1021; x_wconf 85' lang='lat' dir='ltr'><strong>gravitas</strong></span> <span class='ocrx_word' id='word_1_73' title='bbox 1008 960 1084 1021; x_wconf 81' lang='lat' dir='ltr'><strong>quiae</strong></span> <span class='ocrx_word' id='word_1_74' title='bbox 1098 963 1175 1006; x_wconf 89' lang='lat' dir='ltr'><strong>auro</strong></span> 
     </span>
     <span class='ocr_line' id='line_1_11' title="bbox 177 1028 1207 1107; baseline -0.005 -15"><span class='ocrx_word' id='word_1_75' title='bbox 177 1041 208 1093; x_wconf 88' lang='lat' dir='ltr'><strong>et</strong></span> <span class='ocrx_word' id='word_1_76' title='bbox 222 1033 290 1091; x_wconf 89' lang='lat' dir='ltr'><strong>idco</strong></span> <span class='ocrx_word' id='word_1_77' title='bbox 306 1032 336 1089; x_wconf 94' lang='lat' dir='ltr'><strong>in</strong></span> <span class='ocrx_word' id='word_1_78' title='bbox 352 1030 471 1089; x_wconf 81' lang='lat' dir='ltr'><strong>calathis</strong></span> <span class='ocrx_word' id='word_1_79' title='bbox 486 1029 589 1106; x_wconf 89' lang='lat' dir='ltr'><strong>quibus</strong></span> <span class='ocrx_word' id='word_1_80' title='bbox 603 1047 702 1089; x_wconf 90' lang='lat' dir='ltr'><strong>aurum</strong></span> <span class='ocrx_word' id='word_1_81' title='bbox 717 1028 865 1105; x_wconf 79' lang='lat' dir='ltr'><strong>colligitur</strong></span> <span class='ocrx_word' id='word_1_82' title='bbox 879 1044 941 1087; x_wconf 90' lang='lat' dir='ltr'><strong>cum</strong></span> <span class='ocrx_word' id='word_1_83' title='bbox 957 1044 994 1087; x_wconf 89' lang='lat' dir='ltr'><strong>eo</strong></span> <span class='ocrx_word' id='word_1_84' title='bbox 1008 1038 1207 1107; x_wconf 85' lang='lat' dir='ltr'><strong>remanent,1c</strong></span> 
     </span>
     <span class='ocr_line' id='line_1_12' title="bbox 177 1110 1176 1193; baseline -0.001 -19"><span class='ocrx_word' id='word_1_85' title='bbox 177 1123 282 1193; x_wconf 87' lang='lat' dir='ltr'><strong>postea</strong></span> <span class='ocrx_word' id='word_1_86' title='bbox 297 1111 418 1193; x_wconf 90' lang='lat' dir='ltr'><strong>camillis</strong></span> <span class='ocrx_word' id='word_1_87' title='bbox 434 1120 606 1189; x_wconf 85' lang='lat' dir='ltr'><strong>separantur</strong></span> <span class='ocrx_word' id='word_1_88' title='bbox 620 1111 797 1190; x_wconf 80' lang='lat' dir='ltr'><strong>conflatique</strong></span> <span class='ocrx_word' id='word_1_89' title='bbox 813 1114 843 1171; x_wconf 93' lang='lat' dir='ltr'><strong>in</strong></span> <span class='ocrx_word' id='word_1_90' title='bbox 857 1110 1002 1189; x_wconf 86' lang='lat' dir='ltr'><strong>plumbum</strong></span> <span class='ocrx_word' id='word_1_91' title='bbox 1015 1110 1114 1170; x_wconf 85' lang='lat' dir='ltr'><strong>album</strong></span> <span class='ocrx_word' id='word_1_92' title='bbox 1128 1131 1176 1173; x_wconf 88' lang='lat' dir='ltr'><strong>re·</strong></span> 
     </span>
    </p>

    <p class='ocr_par' dir='ltr' id='par_1_8' title="bbox 134 1192 1203 1606">
     <span class='ocr_line' id='line_1_13' title="bbox 134 1192 1174 1272; baseline 0.001 -17"><span class='ocrx_word' id='word_1_93' title='bbox 134 1210 187 1262; x_wconf 74' lang='lat'><strong>158</strong></span> <span class='ocrx_word' id='word_1_94' title='bbox 198 1197 359 1255; x_wconf 85' lang='lat' dir='ltr'><strong>solvoutur.</strong></span> <span class='ocrx_word' id='word_1_95' title='bbox 390 1194 457 1254; x_wconf 88' lang='lat' dir='ltr'><strong>Nou</strong></span> <span class='ocrx_word' id='word_1_96' title='bbox 472 1195 503 1254; x_wconf 90' lang='lat' dir='ltr'><strong>iit</strong></span> <span class='ocrx_word' id='word_1_97' title='bbox 520 1193 552 1254; x_wconf 93' lang='lat' dir='ltr'><strong>in</strong></span> <span class='ocrx_word' id='word_1_98' title='bbox 565 1194 710 1256; x_wconf 78' lang='lat' dir='ltr'><strong>Callaecia</strong></span> <span class='ocrx_word' id='word_1_99' title='bbox 730 1198 860 1272; x_wconf 89' lang='lat' dir='ltr'><strong>nigrum,</strong></span> <span class='ocrx_word' id='word_1_100' title='bbox 882 1212 944 1253; x_wconf 90' lang='lat' dir='ltr'><strong>cum</strong></span> <span class='ocrx_word' id='word_1_101' title='bbox 957 1196 1052 1254; x_wconf 81' lang='lat' dir='ltr'><strong>vicina</strong></span> <span class='ocrx_word' id='word_1_102' title='bbox 1068 1192 1174 1256; x_wconf 79' lang='lat' dir='ltr'><strong>Canta·</strong></span> 
     </span>
     <span class='ocr_line' id='line_1_14' title="bbox 177 1278 1175 1356; baseline -0.002 -17"><span class='ocrx_word' id='word_1_103' title='bbox 177 1280 241 1339; x_wconf 89' lang='lat' dir='ltr'><strong>bria</strong></span> <span class='ocrx_word' id='word_1_104' title='bbox 255 1280 340 1354; x_wconf 90' lang='lat' dir='ltr'><strong>nigro</strong></span> <span class='ocrx_word' id='word_1_105' title='bbox 355 1284 463 1337; x_wconf 90' lang='lat' dir='ltr'><strong>tantum</strong></span> <span class='ocrx_word' id='word_1_106' title='bbox 476 1278 618 1356; x_wconf 79' lang='lat' dir='ltr'><strong>abundet,</strong></span> <span class='ocrx_word' id='word_1_107' title='bbox 641 1296 696 1339; x_wconf 88' lang='lat' dir='ltr'><strong>nec</strong></span> <span class='ocrx_word' id='word_1_108' title='bbox 719 1297 757 1338; x_wconf 82' lang='lat' dir='ltr'><strong>ex</strong></span> <span class='ocrx_word' id='word_1_109' title='bbox 771 1278 839 1338; x_wconf 91' lang='lat' dir='ltr'><strong>albo</strong></span> <span class='ocrx_word' id='word_1_110' title='bbox 855 1287 1021 1355; x_wconf 90' lang='lat' dir='ltr'><strong>argentum,</strong></span> <span class='ocrx_word' id='word_1_111' title='bbox 1043 1295 1108 1337; x_wconf 91' lang='lat' dir='ltr'><strong>cum</strong></span> <span class='ocrx_word' id='word_1_112' title='bbox 1124 1280 1175 1339; x_wconf 88' lang='lat' dir='ltr'><strong>liat</strong></span> 
     </span>
     <span class='ocr_line' id='line_1_15' title="bbox 178 1361 1175 1439; baseline 0.004 -20"><span class='ocrx_word' id='word_1_113' title='bbox 178 1379 215 1419; x_wconf 83' lang='lat' dir='ltr'><strong>en</strong></span> <span class='ocrx_word' id='word_1_114' title='bbox 237 1363 331 1437; x_wconf 88' lang='lat' dir='ltr'><strong>nigro.</strong></span> <span class='ocrx_word' id='word_1_115' title='bbox 373 1363 453 1438; x_wconf 89' lang='lat' dir='ltr'><strong>iungi</strong></span> <span class='ocrx_word' id='word_1_116' title='bbox 479 1364 558 1422; x_wconf 85' lang='lat' dir='ltr'><strong>inter</strong></span> <span class='ocrx_word' id='word_1_117' title='bbox 577 1381 611 1421; x_wconf 87' lang='lat' dir='ltr'><strong>se</strong></span> <span class='ocrx_word' id='word_1_118' title='bbox 635 1361 779 1439; x_wconf 89' lang='lat' dir='ltr'><strong>plumbum</strong></span> <span class='ocrx_word' id='word_1_119' title='bbox 801 1364 914 1438; x_wconf 89' lang='lat' dir='ltr'><strong>nigrum</strong></span> <span class='ocrx_word' id='word_1_120' title='bbox 936 1363 999 1421; x_wconf 89' lang='lat' dir='ltr'><strong>sine</strong></span> <span class='ocrx_word' id='word_1_121' title='bbox 1020 1361 1088 1421; x_wconf 88' lang='lat' dir='ltr'><strong>albo</strong></span> <span class='ocrx_word' id='word_1_122' title='bbox 1113 1381 1175 1423; x_wconf 89' lang='lat' dir='ltr'><strong>noa</strong></span> 
     </span>
     <span class='ocr_line' id='line_1_16' title="bbox 177 1443 1203 1523; baseline -0.002 -20"><span class='ocrx_word' id='word_1_123' title='bbox 177 1452 276 1521; x_wconf 92' lang='lat' dir='ltr'><strong>potest</strong></span> <span class='ocrx_word' id='word_1_124' title='bbox 291 1462 347 1505; x_wconf 88' lang='lat' dir='ltr'><strong>nec</strong></span> <span class='ocrx_word' id='word_1_125' title='bbox 367 1444 423 1504; x_wconf 93' lang='lat' dir='ltr'><strong>hoc</strong></span> <span class='ocrx_word' id='word_1_126' title='bbox 444 1446 508 1505; x_wconf 90' lang='lat' dir='ltr'><strong>sine</strong></span> <span class='ocrx_word' id='word_1_127' title='bbox 531 1443 614 1520; x_wconf 85' lang='lat' dir='ltr'><strong>olco,</strong></span> <span class='ocrx_word' id='word_1_128' title='bbox 636 1463 669 1504; x_wconf 89' lang='lat' dir='ltr'><strong>ac</strong></span> <span class='ocrx_word' id='word_1_129' title='bbox 690 1463 726 1503; x_wconf 91' lang='lat' dir='ltr'><strong>ne</strong></span> <span class='ocrx_word' id='word_1_130' title='bbox 748 1444 843 1503; x_wconf 91' lang='lat' dir='ltr'><strong>album</strong></span> <span class='ocrx_word' id='word_1_131' title='bbox 859 1445 974 1523; x_wconf 89' lang='lat' dir='ltr'><strong>quidem</strong></span> <span class='ocrx_word' id='word_1_132' title='bbox 989 1462 1088 1504; x_wconf 89' lang='lat' dir='ltr'><strong>secum</strong></span> <span class='ocrx_word' id='word_1_133' title='bbox 1103 1449 1203 1506; x_wconf 77' lang='lat' dir='ltr'><strong>sinens</strong></span> 
     </span>
     <span class='ocr_line' id='line_1_17' title="bbox 176 1528 1174 1606; baseline 0.002 -20"><span class='ocrx_word' id='word_1_134' title='bbox 176 1529 271 1605; x_wconf 88' lang='lat' dir='ltr'><strong>nigro.</strong></span> <span class='ocrx_word' id='word_1_135' title='bbox 302 1528 397 1589; x_wconf 90' lang='lat' dir='ltr'><strong>album</strong></span> <span class='ocrx_word' id='word_1_136' title='bbox 413 1528 513 1588; x_wconf 88' lang='lat' dir='ltr'><strong>habuit</strong></span> <span class='ocrx_word' id='word_1_137' title='bbox 527 1530 727 1588; x_wconf 87' lang='lat' dir='ltr'><strong>auctoritatem</strong></span> <span class='ocrx_word' id='word_1_138' title='bbox 743 1536 773 1587; x_wconf 90' lang='lat' dir='ltr'><strong>et</strong></span> <span class='ocrx_word' id='word_1_139' title='bbox 787 1528 882 1588; x_wconf 87' lang='lat' dir='ltr'><strong>lliacis</strong></span> <span class='ocrx_word' id='word_1_140' title='bbox 898 1529 1076 1606; x_wconf 86' lang='lat' dir='ltr'><strong>temporibus</strong></span> <span class='ocrx_word' id='word_1_141' title='bbox 1091 1537 1174 1589; x_wconf 88' lang='lat' dir='ltr'><strong>teste</strong></span> 
     </span>
    </p>

    <p class='ocr_par' dir='ltr' id='par_1_9' title="bbox 137 1610 1205 1945">
     <span class='ocr_line' id='line_1_18' title="bbox 137 1610 1174 1689; baseline -0.003 -15"><span class='ocrx_word' id='word_1_142' title='bbox 137 1622 187 1675; x_wconf 84' lang='lat'><strong>159</strong></span> <span class='ocrx_word' id='word_1_143' title='bbox 201 1611 340 1687; x_wconf 85' lang='lat' dir='ltr'><strong>Homero,</strong></span> <span class='ocrx_word' id='word_1_144' title='bbox 358 1614 527 1674; x_wconf 88' lang='lat' dir='ltr'><strong>cassiterum</strong></span> <span class='ocrx_word' id='word_1_145' title='bbox 541 1612 577 1671; x_wconf 87' lang='lat' dir='ltr'><strong>ab</strong></span> <span class='ocrx_word' id='word_1_146' title='bbox 592 1612 644 1670; x_wconf 92' lang='lat' dir='ltr'><strong>illo</strong></span> <span class='ocrx_word' id='word_1_147' title='bbox 661 1611 775 1673; x_wconf 88' lang='lat' dir='ltr'><strong>dictum.</strong></span> <span class='ocrx_word' id='word_1_148' title='bbox 803 1610 913 1671; x_wconf 89' lang='lat' dir='ltr'><strong>Plumbi</strong></span> <span class='ocrx_word' id='word_1_149' title='bbox 928 1613 1003 1688; x_wconf 88' lang='lat' dir='ltr'><strong>nigri</strong></span> <span class='ocrx_word' id='word_1_150' title='bbox 1020 1613 1106 1689; x_wconf 87' lang='lat' dir='ltr'><strong>origo</strong></span> <span class='ocrx_word' id='word_1_151' title='bbox 1122 1612 1174 1671; x_wconf 94' lang='lat' dir='ltr'><strong>du·</strong></span> 
     </span>
     <span class='ocr_line' id='line_1_19' title="bbox 177 1694 1174 1773; baseline 0 -18"><span class='ocrx_word' id='word_1_152' title='bbox 177 1695 248 1773; x_wconf 87' lang='lat' dir='ltr'><strong>plcx</strong></span> <span class='ocrx_word' id='word_1_153' title='bbox 264 1704 324 1771; x_wconf 88' lang='lat' dir='ltr'><strong>est,</strong></span> <span class='ocrx_word' id='word_1_154' title='bbox 346 1704 394 1755; x_wconf 91' lang='lat' dir='ltr'><strong>aut</strong></span> <span class='ocrx_word' id='word_1_155' title='bbox 410 1697 485 1754; x_wconf 89' lang='lat' dir='ltr'><strong>euim</strong></span> <span class='ocrx_word' id='word_1_156' title='bbox 499 1713 550 1755; x_wconf 89' lang='lat' dir='ltr'><strong>sua</strong></span> <span class='ocrx_word' id='word_1_157' title='bbox 565 1698 703 1773; x_wconf 88' lang='lat' dir='ltr'><strong>provenit</strong></span> <span class='ocrx_word' id='word_1_158' title='bbox 716 1713 790 1755; x_wconf 85' lang='lat' dir='ltr'><strong>vena</strong></span> <span class='ocrx_word' id='word_1_159' title='bbox 805 1713 860 1756; x_wconf 88' lang='lat' dir='ltr'><strong>nec</strong></span> <span class='ocrx_word' id='word_1_160' title='bbox 874 1696 1025 1773; x_wconf 88' lang='lat' dir='ltr'><strong>quicquam</strong></span> <span class='ocrx_word' id='word_1_161' title='bbox 1039 1694 1117 1755; x_wconf 91' lang='lat' dir='ltr'><strong>aliud</strong></span> <span class='ocrx_word' id='word_1_162' title='bbox 1134 1715 1174 1755; x_wconf 86' lang='lat' dir='ltr'><strong>ex</strong></span> 
     </span>
     <span class='ocr_line' id='line_1_20' title="bbox 176 1779 1173 1858; baseline 0.002 -21"><span class='ocrx_word' id='word_1_163' title='bbox 176 1797 246 1839; x_wconf 87' lang='lat' dir='ltr'><strong>sese</strong></span> <span class='ocrx_word' id='word_1_164' title='bbox 269 1781 362 1858; x_wconf 88' lang='lat' dir='ltr'><strong>parit,</strong></span> <span class='ocrx_word' id='word_1_165' title='bbox 385 1786 434 1837; x_wconf 92' lang='lat' dir='ltr'><strong>aut</strong></span> <span class='ocrx_word' id='word_1_166' title='bbox 454 1796 517 1837; x_wconf 90' lang='lat' dir='ltr'><strong>cum</strong></span> <span class='ocrx_word' id='word_1_167' title='bbox 537 1787 659 1856; x_wconf 88' lang='lat' dir='ltr'><strong>argento</strong></span> <span class='ocrx_word' id='word_1_168' title='bbox 680 1781 806 1839; x_wconf 90' lang='lat' dir='ltr'><strong>nascitur</strong></span> <span class='ocrx_word' id='word_1_169' title='bbox 826 1779 981 1855; x_wconf 88' lang='lat' dir='ltr'><strong>mixtisque</strong></span> <span class='ocrx_word' id='word_1_170' title='bbox 1002 1780 1087 1838; x_wconf 85' lang='lat' dir='ltr'><strong>venis</strong></span> <span class='ocrx_word' id='word_1_171' title='bbox 1101 1797 1173 1839; x_wconf 90' lang='lat' dir='ltr'><strong>cou-</strong></span> 
     </span>
     <span class='ocr_line' id='line_1_21' title="bbox 178 1861 1205 1945; baseline -0.004 -23"><span class='ocrx_word' id='word_1_172' title='bbox 178 1861 270 1923; x_wconf 86' lang='lat' dir='ltr'><strong>datur.</strong></span> <span class='ocrx_word' id='word_1_173' title='bbox 301 1862 384 1921; x_wconf 91' lang='lat' dir='ltr'><strong>huius</strong></span> <span class='ocrx_word' id='word_1_174' title='bbox 406 1862 453 1945; x_wconf 85' lang='lat' dir='ltr'><strong>qui</strong></span> <span class='ocrx_word' id='word_1_175' title='bbox 475 1864 582 1939; x_wconf 91' lang='lat' dir='ltr'><strong>primus</strong></span> <span class='ocrx_word' id='word_1_176' title='bbox 604 1861 666 1921; x_wconf 87' lang='lat' dir='ltr'><strong>duit</strong></span> <span class='ocrx_word' id='word_1_177' title='bbox 687 1864 716 1921; x_wconf 93' lang='lat' dir='ltr'><strong>in</strong></span> <span class='ocrx_word' id='word_1_178' title='bbox 739 1862 904 1922; x_wconf 77' lang='lat' dir='ltr'><strong>fornacibus</strong></span> <span class='ocrx_word' id='word_1_179' title='bbox 920 1862 1017 1938; x_wconf 93' lang='lat' dir='ltr'><strong>liquor</strong></span> <span class='ocrx_word' id='word_1_180' title='bbox 1039 1870 1205 1939; x_wconf 84' lang='lat' dir='ltr'><strong>stagnumao</strong></span> 
     </span>
    </p>

    <p class='ocr_par' dir='ltr' id='par_1_10' title="bbox 148 1945 1174 2255">
     <span class='ocr_line' id='line_1_22' title="bbox 148 1945 1174 2105; baseline -0.002 -15"><span class='ocrx_word' id='word_1_181' title='bbox 148 2085 152 2090; x_wconf 78' lang='grc'><em>,</em></span> <span class='ocrx_word' id='word_1_182' title='bbox 178 1945 1174 2105; x_wconf 58' lang='lat' dir='ltr'><strong>titi{llaltttllttittttatttlsttttf‘taltlt:</strong></span> 
     </span>
     <span class='ocr_line' id='line_1_23' title="bbox 178 2110 1172 2191; baseline 0 -20"><span class='ocrx_word' id='word_1_183' title='bbox 178 2131 227 2171; x_wconf 89' lang='lat' dir='ltr'><strong>sus</strong></span> <span class='ocrx_word' id='word_1_184' title='bbox 249 2110 373 2171; x_wconf 77' lang='lat' dir='ltr'><strong>conflata</strong></span> <span class='ocrx_word' id='word_1_185' title='bbox 400 2111 448 2170; x_wconf 91' lang='lat' dir='ltr'><strong>dat</strong></span> <span class='ocrx_word' id='word_1_186' title='bbox 471 2113 584 2188; x_wconf 87' lang='lat' dir='ltr'><strong>nigrum</strong></span> <span class='ocrx_word' id='word_1_187' title='bbox 607 2110 753 2189; x_wconf 83' lang='lat' dir='ltr'><strong>plumbum</strong></span> <span class='ocrx_word' id='word_1_188' title='bbox 776 2112 906 2173; x_wconf 85' lang='lat' dir='ltr'><strong>deductis</strong></span> <span class='ocrx_word' id='word_1_189' title='bbox 931 2110 1063 2191; x_wconf 86' lang='lat' dir='ltr'><strong>partibus</strong></span> <span class='ocrx_word' id='word_1_190' title='bbox 1086 2114 1172 2171; x_wconf 89' lang='lat' dir='ltr'><strong>nonis</strong></span> 
     </span>
     <span class='ocr_line' id='line_1_24' title="bbox 177 2194 295 2255; baseline -0.008 -1"><span class='ocrx_word' id='word_1_191' title='bbox 177 2194 295 2255; x_wconf 81' lang='lat' dir='ltr'><strong>duabus.</strong></span> 
     </span>
    </p>

    <p class='ocr_par' dir='ltr' id='par_1_11' title="bbox 136 2276 1204 2440">
     <span class='ocr_line' id='line_1_25' title="bbox 136 2276 1204 2357; baseline -0.005 -19"><span class='ocrx_word' id='word_1_192' title='bbox 136 2290 187 2344; x_wconf 82' lang='lat'><strong>160</strong></span> <span class='ocrx_word' id='word_1_193' title='bbox 262 2280 311 2339; x_wconf 87' lang='grc'><strong>17.</strong></span> <span class='ocrx_word' id='word_1_194' title='bbox 334 2276 413 2357; x_wconf 78' lang='grc'>(48.)</span> <span class='ocrx_word' id='word_1_195' title='bbox 434 2278 570 2353; x_wconf 81' lang='lat' dir='ltr'><strong>Stagnum</strong></span> <span class='ocrx_word' id='word_1_196' title='bbox 589 2277 701 2337; x_wconf 90' lang='lat' dir='ltr'><strong>inlitum</strong></span> <span class='ocrx_word' id='word_1_197' title='bbox 724 2279 821 2337; x_wconf 89' lang='lat' dir='ltr'><strong>aereis</strong></span> <span class='ocrx_word' id='word_1_198' title='bbox 843 2279 921 2337; x_wconf 88' lang='lat' dir='ltr'><strong>vasis</strong></span> <span class='ocrx_word' id='word_1_199' title='bbox 942 2294 1078 2355; x_wconf 87' lang='lat' dir='ltr'><strong>saporem</strong></span> <span class='ocrx_word' id='word_1_200' title='bbox 1100 2278 1204 2338; x_wconf 71' lang='lat' dir='ltr'><strong>facita</strong></span> 
     </span>
     <span class='ocr_line' id='line_1_26' title="bbox 177 2354 1172 2440; baseline 0 -19"><span class='ocrx_word' id='word_1_201' title='bbox 177 2354 337 2440; x_wconf 77' lang='lat' dir='ltr'><strong>gratiorem</strong></span> <span class='ocrx_word' id='word_1_202' title='bbox 357 2369 387 2420; x_wconf 90' lang='lat' dir='ltr'><strong>et</strong></span> <span class='ocrx_word' id='word_1_203' title='bbox 407 2360 559 2438; x_wconf 86' lang='lat' dir='ltr'><strong>conpescit</strong></span> <span class='ocrx_word' id='word_1_204' title='bbox 578 2362 658 2419; x_wconf 88' lang='lat' dir='ltr'><strong>virus</strong></span> <span class='ocrx_word' id='word_1_205' title='bbox 673 2363 839 2438; x_wconf 74' lang='lat' dir='ltr'><strong>aeruginis,</strong></span> <span class='ocrx_word' id='word_1_206' title='bbox 859 2363 1034 2438; x_wconf 89' lang='lat' dir='ltr'><strong>mirumque,</strong></span> <span class='ocrx_word' id='word_1_207' title='bbox 1057 2361 1172 2438; x_wconf 91' lang='lat' dir='ltr'><strong>pondus</strong></span> 
     </span>
    </p>

    <p class='ocr_par' dir='ltr' id='par_1_12' title="bbox 137 2443 1204 3023">
     <span class='ocr_line' id='line_1_27' title="bbox 137 2443 1172 2521; baseline 0.002 -19"><span class='ocrx_word' id='word_1_208' title='bbox 137 2468 167 2511; x_wconf 77' lang='lat' dir='ltr'><strong>n,</strong></span> <span class='ocrx_word' id='word_1_209' title='bbox 180 2466 214 2501; x_wconf 76' lang='lat' dir='ltr'><strong>nc</strong></span> <span class='ocrx_word' id='word_1_210' title='bbox 237 2462 294 2505; x_wconf 92' lang='lat' dir='ltr'><strong>non</strong></span> <span class='ocrx_word' id='word_1_211' title='bbox 310 2454 406 2520; x_wconf 86' lang='lat' dir='ltr'><strong>auget.</strong></span> <span class='ocrx_word' id='word_1_212' title='bbox 429 2443 548 2521; x_wconf 88' lang='lat' dir='ltr'><strong>specula</strong></span> <span class='ocrx_word' id='word_1_213' title='bbox 565 2446 652 2503; x_wconf 90' lang='lat' dir='ltr'><strong>etiam</strong></span> <span class='ocrx_word' id='word_1_214' title='bbox 667 2462 756 2504; x_wconf 86' lang='lat' dir='ltr'><strong>exeo</strong></span> <span class='ocrx_word' id='word_1_215' title='bbox 773 2443 976 2519; x_wconf 88' lang='lat' dir='ltr'><strong>laudatissima,</strong></span> <span class='ocrx_word' id='word_1_216' title='bbox 988 2450 1022 2502; x_wconf 87' lang='lat' dir='ltr'><strong>&#39;ut</strong></span> <span class='ocrx_word' id='word_1_217' title='bbox 1037 2443 1172 2521; x_wconf 84' lang='lat' dir='ltr'><strong>diximus,</strong></span> 
     </span>
     <span class='ocr_line' id='line_1_28' title="bbox 178 2526 1171 2605; baseline 0 -17"><span class='ocrx_word' id='word_1_218' title='bbox 178 2528 310 2589; x_wconf 88' lang='lat' dir='ltr'><strong>Brundisi</strong></span> <span class='ocrx_word' id='word_1_219' title='bbox 327 2527 577 2605; x_wconf 87' lang='lat' dir='ltr'><strong>temperabantur,</strong></span> <span class='ocrx_word' id='word_1_220' title='bbox 597 2526 692 2587; x_wconf 88' lang='lat' dir='ltr'><strong>donec</strong></span> <span class='ocrx_word' id='word_1_221' title='bbox 707 2528 854 2604; x_wconf 80' lang='lat' dir='ltr'><strong>argenteis</strong></span> <span class='ocrx_word' id='word_1_222' title='bbox 870 2529 911 2585; x_wconf 92' lang='lat' dir='ltr'><strong>uti</strong></span> <span class='ocrx_word' id='word_1_223' title='bbox 927 2544 1056 2604; x_wconf 88' lang='lat' dir='ltr'><strong>coepere</strong></span> <span class='ocrx_word' id='word_1_224' title='bbox 1077 2536 1107 2586; x_wconf 88' lang='lat' dir='ltr'><strong>et</strong></span> <span class='ocrx_word' id='word_1_225' title='bbox 1123 2546 1171 2588; x_wconf 92' lang='lat' dir='ltr'><strong>an·</strong></span> 
     </span>
     <span class='ocr_line' id='line_1_29' title="bbox 179 2609 1171 2688; baseline -0.001 -16"><span class='ocrx_word' id='word_1_226' title='bbox 179 2613 272 2672; x_wconf 88' lang='lat' dir='ltr'><strong>cillac.</strong></span> <span class='ocrx_word' id='word_1_227' title='bbox 309 2630 383 2672; x_wconf 91' lang='lat' dir='ltr'><strong>nunc</strong></span> <span class='ocrx_word' id='word_1_228' title='bbox 399 2609 575 2669; x_wconf 90' lang='lat' dir='ltr'><strong>adulteratur</strong></span> <span class='ocrx_word' id='word_1_229' title='bbox 596 2618 727 2688; x_wconf 84' lang='lat' dir='ltr'><strong>stagnum</strong></span> <span class='ocrx_word' id='word_1_230' title='bbox 744 2609 839 2670; x_wconf 91' lang='lat' dir='ltr'><strong>addita</strong></span> <span class='ocrx_word' id='word_1_231' title='bbox 859 2611 936 2670; x_wconf 90' lang='lat' dir='ltr'><strong>aeris</strong></span> <span class='ocrx_word' id='word_1_232' title='bbox 955 2609 1066 2670; x_wconf 89' lang='lat' dir='ltr'><strong>candidi</strong></span> <span class='ocrx_word' id='word_1_233' title='bbox 1084 2614 1171 2672; x_wconf 86' lang='lat' dir='ltr'><strong>tertia</strong></span> 
     </span>
     <span class='ocr_line' id='line_1_30' title="bbox 179 2692 1204 2774; baseline -0.004 -19"><span class='ocrx_word' id='word_1_234' title='bbox 179 2696 315 2773; x_wconf 88' lang='lat' dir='ltr'><strong>portione</strong></span> <span class='ocrx_word' id='word_1_235' title='bbox 327 2693 507 2773; x_wconf 89' lang='lat' dir='ltr'><strong>inplumbum</strong></span> <span class='ocrx_word' id='word_1_236' title='bbox 517 2692 619 2753; x_wconf 81' lang='lat' dir='ltr'><strong>albuni.</strong></span> <span class='ocrx_word' id='word_1_237' title='bbox 639 2696 671 2753; x_wconf 88' lang='lat' dir='ltr'><strong>lit</strong></span> <span class='ocrx_word' id='word_1_238' title='bbox 683 2692 780 2753; x_wconf 88' lang='lat' dir='ltr'><strong>etalio</strong></span> <span class='ocrx_word' id='word_1_239' title='bbox 792 2693 878 2754; x_wconf 88' lang='lat' dir='ltr'><strong>modo</strong></span> <span class='ocrx_word' id='word_1_240' title='bbox 888 2695 985 2754; x_wconf 84' lang='lat' dir='ltr'><strong>mixtis</strong></span> <span class='ocrx_word' id='word_1_241' title='bbox 992 2694 1050 2753; x_wconf 91' lang='lat' dir='ltr'><strong>albi</strong></span> <span class='ocrx_word' id='word_1_242' title='bbox 1062 2694 1204 2774; x_wconf 78' lang='lat' dir='ltr'><strong>plumbino</strong></span> 
     </span>
     <span class='ocr_line' id='line_1_31' title="bbox 180 2777 1170 2857; baseline 0 -20"><span class='ocrx_word' id='word_1_243' title='bbox 180 2780 314 2857; x_wconf 85' lang='lat' dir='ltr'><strong>nigrique</strong></span> <span class='ocrx_word' id='word_1_244' title='bbox 329 2778 421 2837; x_wconf 88' lang='lat' dir='ltr'><strong>libris.</strong></span> <span class='ocrx_word' id='word_1_245' title='bbox 445 2777 501 2836; x_wconf 89' lang='lat' dir='ltr'><strong>hoc</strong></span> <span class='ocrx_word' id='word_1_246' title='bbox 512 2795 586 2837; x_wconf 92' lang='lat' dir='ltr'><strong>nunc</strong></span> <span class='ocrx_word' id='word_1_247' title='bbox 598 2778 685 2855; x_wconf 89' lang='lat' dir='ltr'><strong>aliqui</strong></span> <span class='ocrx_word' id='word_1_248' title='bbox 699 2779 891 2853; x_wconf 84' lang='lat' dir='ltr'><strong>argentarium</strong></span> <span class='ocrx_word' id='word_1_249' title='bbox 902 2778 1057 2856; x_wconf 81' lang='lat' dir='ltr'><strong>appellant</strong></span> <span class='ocrx_word' id='word_1_250' title='bbox 1084 2778 1170 2839; x_wconf 86' lang='lat' dir='ltr'><strong>iidem</strong></span> 
     </span>
     <span class='ocr_line' id='line_1_32' title="bbox 181 2861 1170 2940; baseline 0.001 -20"><span class='ocrx_word' id='word_1_251' title='bbox 181 2871 212 2920; x_wconf 92' lang='lat' dir='ltr'><strong>et</strong></span> <span class='ocrx_word' id='word_1_252' title='bbox 234 2864 398 2922; x_wconf 61' lang='lat' dir='ltr'><strong>tertiarium*</strong></span> <span class='ocrx_word' id='word_1_253' title='bbox 412 2868 532 2937; x_wconf 85' lang='lat' dir='ltr'><strong>vocant,</strong></span> <span class='ocrx_word' id='word_1_254' title='bbox 557 2863 587 2920; x_wconf 90' lang='lat' dir='ltr'><strong>iu</strong></span> <span class='ocrx_word' id='word_1_255' title='bbox 608 2878 666 2938; x_wconf 90' lang='lat' dir='ltr'><strong>quo</strong></span> <span class='ocrx_word' id='word_1_256' title='bbox 688 2861 761 2919; x_wconf 89' lang='lat' dir='ltr'><strong>duae</strong></span> <span class='ocrx_word' id='word_1_257' title='bbox 782 2869 847 2919; x_wconf 89' lang='lat' dir='ltr'><strong>suut</strong></span> <span class='ocrx_word' id='word_1_258' title='bbox 868 2862 942 2938; x_wconf 89' lang='lat' dir='ltr'><strong>nigri</strong></span> <span class='ocrx_word' id='word_1_259' title='bbox 962 2864 1113 2940; x_wconf 88' lang='lat' dir='ltr'><strong>portiones</strong></span> <span class='ocrx_word' id='word_1_260' title='bbox 1138 2870 1170 2921; x_wconf 89' lang='lat' dir='ltr'><strong>et</strong></span> 
     </span>
     <span class='ocr_line' id='line_1_33' title="bbox 181 2936 1168 3023; baseline -0.003 -19"><span class='ocrx_word' id='word_1_261' title='bbox 181 2949 266 3006; x_wconf 89' lang='lat' dir='ltr'><strong>tertia</strong></span> <span class='ocrx_word' id='word_1_262' title='bbox 281 2946 346 3005; x_wconf 93' lang='lat' dir='ltr'><strong>albi.</strong></span> <span class='ocrx_word' id='word_1_263' title='bbox 376 2947 500 3023; x_wconf 89' lang='lat' dir='ltr'><strong>pretium</strong></span> <span class='ocrx_word' id='word_1_264' title='bbox 512 2946 574 3003; x_wconf 89' lang='lat' dir='ltr'><strong>eius</strong></span> <span class='ocrx_word' id='word_1_265' title='bbox 587 2946 615 3003; x_wconf 94' lang='lat' dir='ltr'><strong>in</strong></span> <span class='ocrx_word' id='word_1_266' title='bbox 627 2943 717 3002; x_wconf 87' lang='lat' dir='ltr'><strong>libras</strong></span> <span class='ocrx_word' id='word_1_267' title='bbox 731 2942 759 3001; x_wconf 88' lang='lat' dir='ltr'>x</span> <span class='ocrx_word' id='word_1_268' title='bbox 773 2958 829 3004; x_wconf 85' lang='lat' dir='ltr'><strong>xx.</strong></span> <span class='ocrx_word' id='word_1_269' title='bbox 845 2944 902 3004; x_wconf 93' lang='lat' dir='ltr'><strong>hoc</strong></span> <span class='ocrx_word' id='word_1_270' title='bbox 916 2943 1028 3003; x_wconf 90' lang='lat' dir='ltr'><strong>listulae</strong></span> <span class='ocrx_word' id='word_1_271' title='bbox 1042 2936 1168 3002; x_wconf 92' lang='lat' dir='ltr'><strong>solidan-</strong></span> 
     </span>
    </p>

    <p class='ocr_par' dir='ltr' id='par_1_13' title="bbox 140 3027 1207 3438">
     <span class='ocr_line' id='line_1_34' title="bbox 140 3027 1168 3106; baseline -0.008 -13"><span class='ocrx_word' id='word_1_272' title='bbox 140 3040 190 3095; x_wconf 85' lang='grc'><strong>161</strong></span> <span class='ocrx_word' id='word_1_273' title='bbox 205 3038 261 3089; x_wconf 88' lang='lat' dir='ltr'><strong>tur.</strong></span> <span class='ocrx_word' id='word_1_274' title='bbox 291 3027 478 3105; x_wconf 86' lang='lat' dir='ltr'><strong>inprobiores</strong></span> <span class='ocrx_word' id='word_1_275' title='bbox 495 3028 529 3088; x_wconf 91' lang='lat' dir='ltr'><strong>ad</strong></span> <span class='ocrx_word' id='word_1_276' title='bbox 544 3027 703 3087; x_wconf 88' lang='lat' dir='ltr'><strong>tertiarium</strong></span> <span class='ocrx_word' id='word_1_277' title='bbox 722 3027 825 3087; x_wconf 92' lang='lat' dir='ltr'><strong>additis</strong></span> <span class='ocrx_word' id='word_1_278' title='bbox 840 3028 970 3106; x_wconf 90' lang='lat' dir='ltr'><strong>partibus</strong></span> <span class='ocrx_word' id='word_1_279' title='bbox 990 3027 1091 3105; x_wconf 88' lang='lat' dir='ltr'><strong>aequis</strong></span> <span class='ocrx_word' id='word_1_280' title='bbox 1110 3027 1168 3087; x_wconf 93' lang='lat' dir='ltr'><strong>albi</strong></span> 
     </span>
     <span class='ocr_line' id='line_1_35' title="bbox 182 3111 1207 3189; baseline -0.001 -16"><span class='ocrx_word' id='word_1_281' title='bbox 182 3114 377 3189; x_wconf 88' lang='lat' dir='ltr'><strong>argentarium</strong></span> <span class='ocrx_word' id='word_1_282' title='bbox 396 3119 500 3171; x_wconf 86' lang='lat' dir='ltr'><strong>vocant</strong></span> <span class='ocrx_word' id='word_1_283' title='bbox 523 3119 553 3171; x_wconf 89' lang='lat' dir='ltr'><strong>et</strong></span> <span class='ocrx_word' id='word_1_284' title='bbox 576 3128 613 3171; x_wconf 90' lang='lat' dir='ltr'><strong>eo</strong></span> <span class='ocrx_word' id='word_1_285' title='bbox 635 3128 708 3187; x_wconf 91' lang='lat' dir='ltr'><strong>quae</strong></span> <span class='ocrx_word' id='word_1_286' title='bbox 732 3111 833 3171; x_wconf 89' lang='lat' dir='ltr'><strong>volunt</strong></span> <span class='ocrx_word' id='word_1_287' title='bbox 853 3114 1029 3189; x_wconf 69' lang='lat' dir='ltr'><strong>incoquout.¹</strong></span> <span class='ocrx_word' id='word_1_288' title='bbox 1045 3112 1207 3188; x_wconf 81' lang='lat' dir='ltr'><strong>pretiumss</strong></span> 
     </span>
     <span class='ocr_line' id='line_1_36' title="bbox 181 3194 1171 3273; baseline -0.003 -18"><span class='ocrx_word' id='word_1_289' title='bbox 181 3196 265 3255; x_wconf 91' lang='lat' dir='ltr'><strong>huius</strong></span> <span class='ocrx_word' id='word_1_290' title='bbox 280 3195 387 3253; x_wconf 85' lang='lat' dir='ltr'><strong>iaciunt</strong></span> <span class='ocrx_word' id='word_1_291' title='bbox 400 3196 430 3253; x_wconf 90' lang='lat' dir='ltr'><strong>in</strong></span> <span class='ocrx_word' id='word_1_292' title='bbox 446 3194 542 3271; x_wconf 94' lang='lat' dir='ltr'><strong>pondo</strong></span> <span class='ocrx_word' id='word_1_293' title='bbox 559 3194 680 3253; x_wconf 75' lang='lat' dir='ltr'><strong>Xuxx.</strong></span> <span class='ocrx_word' id='word_1_294' title='bbox 709 3195 776 3255; x_wconf 90' lang='lat' dir='ltr'><strong>albo</strong></span> <span class='ocrx_word' id='word_1_295' title='bbox 791 3213 845 3273; x_wconf 87' lang='lat' dir='ltr'><strong>per</strong></span> <span class='ocrx_word' id='word_1_296' title='bbox 861 3214 894 3254; x_wconf 89' lang='lat' dir='ltr'><strong>se</strong></span> <span class='ocrx_word' id='word_1_297' title='bbox 912 3196 1026 3254; x_wconf 87' lang='lat' dir='ltr'><strong>siucero</strong></span> <span class='ocrx_word' id='word_1_298' title='bbox 1045 3196 1171 3271; x_wconf 88' lang='lat' dir='ltr'><strong>pretium</strong></span> 
     </span>
     <span class='ocr_line' id='line_1_37' title="bbox 182 3276 1171 3355; baseline -0.002 -18"><span class='ocrx_word' id='word_1_299' title='bbox 182 3286 248 3338; x_wconf 90' lang='lat' dir='ltr'><strong>sunt</strong></span> <span class='ocrx_word' id='word_1_300' title='bbox 265 3276 292 3335; x_wconf 90' lang='lat' dir='ltr'>X</span> <span class='ocrx_word' id='word_1_301' title='bbox 307 3290 420 3351; x_wconf 80' lang='lat' dir='ltr'><strong>Lxxx,</strong></span> <span class='ocrx_word' id='word_1_302' title='bbox 444 3280 528 3353; x_wconf 89' lang='lat' dir='ltr'><strong>nigro</strong></span> <span class='ocrx_word' id='word_1_303' title='bbox 549 3276 577 3335; x_wconf 87' lang='lat' dir='ltr'>X</span> <span class='ocrx_word' id='word_1_304' title='bbox 593 3292 651 3337; x_wconf 85' lang='lat' dir='ltr'><strong>vn.</strong></span> <span class='ocrx_word' id='word_1_305' title='bbox 686 3278 755 3339; x_wconf 78' lang='lat' dir='ltr'><strong>albi</strong></span> <span class='ocrx_word' id='word_1_306' title='bbox 775 3287 874 3337; x_wconf 91' lang='lat' dir='ltr'><strong>natura</strong></span> <span class='ocrx_word' id='word_1_307' title='bbox 893 3277 958 3355; x_wconf 92' lang='lat' dir='ltr'><strong>plus</strong></span> <span class='ocrx_word' id='word_1_308' title='bbox 978 3276 1049 3337; x_wconf 90' lang='lat' dir='ltr'><strong>aridi</strong></span> <span class='ocrx_word' id='word_1_309' title='bbox 1070 3276 1171 3354; x_wconf 90' lang='lat' dir='ltr'><strong>habet,</strong></span> 
     </span>
     <span class='ocr_line' id='line_1_38' title="bbox 183 3359 1173 3438; baseline 0.002 -19"><span class='ocrx_word' id='word_1_310' title='bbox 183 3368 341 3438; x_wconf 88' lang='lat' dir='ltr'><strong>contraque</strong></span> <span class='ocrx_word' id='word_1_311' title='bbox 363 3361 438 3436; x_wconf 89' lang='lat' dir='ltr'><strong>nigri</strong></span> <span class='ocrx_word' id='word_1_312' title='bbox 458 3368 519 3419; x_wconf 91' lang='lat' dir='ltr'><strong>tota</strong></span> <span class='ocrx_word' id='word_1_313' title='bbox 538 3362 633 3421; x_wconf 89' lang='lat' dir='ltr'><strong>umida</strong></span> <span class='ocrx_word' id='word_1_314' title='bbox 657 3371 711 3422; x_wconf 87' lang='lat' dir='ltr'><strong>est.</strong></span> <span class='ocrx_word' id='word_1_315' title='bbox 746 3362 813 3421; x_wconf 89' lang='lat' dir='ltr'><strong>ideo</strong></span> <span class='ocrx_word' id='word_1_316' title='bbox 837 3359 933 3421; x_wconf 89' lang='lat' dir='ltr'><strong>album</strong></span> <span class='ocrx_word' id='word_1_317' title='bbox 952 3359 1023 3420; x_wconf 91' lang='lat' dir='ltr'><strong>nulli</strong></span> <span class='ocrx_word' id='word_1_318' title='bbox 1041 3361 1086 3421; x_wconf 89' lang='lat' dir='ltr'><strong>rei</strong></span> <span class='ocrx_word' id='word_1_319' title='bbox 1105 3361 1173 3421; x_wconf 84' lang='lat' dir='ltr'><strong>sine</strong></span> 
     </span>
    </p>
   </div>
   <div class='ocr_carea' id='block_1_3' title="bbox 0 0 1246 3817">
    <p class='ocr_par' dir='ltr' id='par_1_14' title="bbox 0 0 1246 3817">
     <span class='ocr_line' id='line_1_39' title="bbox 0 0 1246 3817; baseline 0 0"><span class='ocrx_word' id='word_1_320' title='bbox 0 0 1246 3817; x_wconf 95' lang='lat' dir='ltr'><strong> </strong></span> 
     </span>
    </p>
   </div>
  </div>
 </body>
</html>
