2484 3817
386 164 465 210 nnn.
481 162 573 210 uror.
588 162 695 208 xxxa.
713 161 756 211 10.
772 149 845 228 (36.)
1070 147 1109 209 85

122 318 252 377 omnibus
273 318 335 382 eius
355 315 493 394 operibus
511 312 631 373 eundem
653 333 752 391 regern
775 313 923 373 sedentem
944 315 973 373 in
989 329 1064 391 equo
1080 320 1115 374 et

121 401 239 460 Dianam
253 400 471 459 sacrificantium
482 398 625 473 virginum
638 396 727 457 cboro
743 398 869 472 mixtam,
885 397 987 474 quibus
1002 398 1109 475 vicisse

117 483 238 543 Homeri
255 502 359 543 versus
373 482 487 551 videtur
500 479 529 539 id
543 481 635 556 ipsum
649 479 853 539 describentis.
883 480 974 557 pinxit
991 487 1020 539 et
1035 497 1108 558 quae

122 568 200 644 pingi
215 583 274 626 non
289 573 426 645 possunt,
442 564 577 638 tonitrua,
592 561 728 640 fulgetra,
744 563 869 639 fulgura,
884 579 958 640 quae
969 561 1108 639 Bronten,

100 651 281 727 eAstrapen,
298 643 530 709 Cerabnobolian
544 645 700 722 appellant.
733 646 796 723 [18]
813 644 933 705 Inventa
945 647 1006 705 eius
1019 654 1048 708 et
1060 653 1106 705 oe·
1116 655 1150 711 od

72 794 74 801 ,
121 735 193 794 teris
210 734 348 811 profuere
360 733 389 790 in
404 738 475 790 arte.
492 747 575 788 unum
592 729 695 786 imitari
711 745 794 788 nemo
812 730 917 807 potuit,
933 727 1010 806 quod
1025 728 1109 788 abso·

120 817 180 875 luta
195 832 285 892 opera
308 821 467 875 atramento
485 811 624 882 inlinebat
645 813 684 870 ita
703 813 780 871 tenui
801 821 832 870 ut
849 811 878 871 id
897 813 991 888 ipsum
1009 828 1109 888 reper-

120 917 206 959 cussu
226 897 364 956 claritatis
379 896 509 956 colorem
524 894 609 954 alium
625 896 765 955 excitaret
784 894 1000 972 custodiretque
1015 911 1031 952 a
1048 894 1110 970 pul·

121 1000 192 1042 vere
207 988 237 1039 et
253 981 405 1055 sordibus,
428 977 463 1038 ad
477 996 588 1037 manum
601 978 722 1036 intuenti
739 977 849 1038 demum
868 978 1038 1055 adpareret,
1057 975 1109 1035 sed
1215 975 1225 984 ”

87 1089 111 1128 ao
125 1073 155 1123 et
169 1082 231 1122 oum
247 1065 491 1138 rationemagna,
509 1080 547 1120 ne
564 1061 678 1120 claritas
696 1061 825 1121 colorum
839 1063 929 1120 aciem
948 1060 1108 1120 offenderet

120 1147 211 1206 veluti
238 1163 290 1223 per
306 1145 429 1222 lapidem
451 1144 632 1223 specularem
656 1145 832 1204 intuentibus
847 1153 924 1204 ete
949 1144 1108 1220 longinquo

121 1229 227 1291 eadem
241 1247 289 1288 res
311 1230 393 1296 uimis
414 1227 523 1287 floridis
544 1227 693 1286 coloribus
709 1229 907 1288 austeritatem
926 1226 1040 1287 occulte
1060 1226 1106 1284 da-

119 1319 175 1372 ret.
207 1311 270 1390 [19]
288 1310 428 1388 Aequalis
444 1311 507 1370 eius
521 1310 575 1368 luit
591 1310 735 1370 Aristides
751 1311 912 1370 Thebanus.
942 1312 967 1370 is
984 1309 1151 1379 omniumos

119 1397 226 1472 primus
247 1396 367 1454 animum
380 1395 472 1470 pinxit
487 1402 517 1452 et
532 1411 635 1452 sensus
652 1394 775 1453 hominis
791 1395 954 1471 expressit,
970 1411 1043 1471 quae
1058 1410 1108 1451 vo-

86 1476 184 1542 rcoan't
200 1475 301 1538 Graeci
323 1476 408 1552 etho,
432 1480 502 1536 item
523 1477 776 1554 perturbationes,
796 1475 894 1535 durior
908 1476 993 1553 paulo
1011 1477 1039 1534 in
1060 1493 1114 1535 co·.

119 1561 239 1623 loribus.
253 1588 257 1595 ·
271 1560 353 1620 buius
376 1577 467 1637 opera
487 1559 595 1636 oppido
616 1567 701 1636 capto
722 1558 756 1617 ad
778 1561 876 1618 matris
897 1561 1046 1617 morientis
1071 1577 1109 1618 ex

118 1644 241 1703 volnere
262 1659 408 1702 mammam
432 1640 575 1717 adrepens
602 1643 710 1718 inians,
738 1641 975 1719 intellegiturque
997 1642 1108 1701 sentire

112 1736 209 1786 mater
225 1735 256 1786 et
276 1727 379 1785 timere
397 1742 435 1783 ne
453 1732 585 1782 emortuo
601 1723 677 1784 lacte
693 1726 860 1801 sanguinem
880 1725 1001 1802 lambat,
1025 1742 1106 1802 quam

119 1810 243 1868 tabulam
260 1804 428 1867 Alexander
448 1804 568 1881 blaguus
596 1807 780 1866 transtulerat
804 1807 913 1868 Pellam
937 1810 966 1867 in
988 1809 1107 1886 patriam

85 1910 206 1962 20suam.
242 1890 317 1949 idem
336 1890 429 1967 pinxit
447 1888 588 1966 proelium
611 1909 674 1954 cum
693 1890 809 1968 Persis,
836 1901 949 1951 centum
974 1891 1149 1958 bomines99

120 1973 217 2033 tabula
233 1991 267 2032 ea
283 1971 441 2049 conplexus
460 1979 617 2049 pactusque
633 1975 662 2033 in
677 1975 807 2050 singulos
822 1977 911 2034 minas
928 1974 1016 2035 denas
1032 1993 1048 2034 a
1064 1983 1107 2050 ty-

120 2075 209 2116 ranno
224 2055 401 2115 Elatensium
414 2054 561 2121 Maesone.
591 2059 684 2134 pinxit
699 2066 729 2116 et
749 2060 890 2118 currentis
907 2059 1057 2136 quadrigas
1073 2053 1106 2138 ‘et
1138 2057 1140 2064 ⁴

120 2139 328 2218 supplicantem
350 2155 442 2216 paene
463 2156 526 2196 cunt
545 2157 619 2199 voce
644 2150 673 2199 et
688 2149 844 2201 venatores
861 2160 923 2201 curn
943 2150 1058 2220 captura
1076 2150 1106 2200 et

119 2221 261 2282 Leontion
277 2221 395 2299 Epicuri
411 2231 442 2282 et
462 2238 695 2298 anapauomenen
713 2233 835 2301 propter
857 2226 952 2284 fratris
968 2242 1105 2301 amorem,

86 2308 188 2366 utitem
202 2304 337 2366 Liberum
351 2313 380 2363 et
397 2306 572 2365 Ariamenen
593 2315 740 2384 spectatos
759 2306 868 2368 Romae
886 2309 913 2367 in
929 2308 1000 2368 aede
1018 2306 1106 2367 Gere-

121 2391 178 2465 ris,
194 2388 361 2464 tragoedum
372 2397 401 2447 et
415 2405 533 2466 puerum
545 2390 573 2448 in
585 2389 751 2467 Apollinis,
766 2392 845 2453 cuius
863 2392 976 2452 tabulae
993 2392 1084 2468 gratia
1098 2403 1147 2455 100

114 2472 231 2539 ,interiit
255 2472 375 2548 pictoris
403 2471 517 2531 inscitia
536 2473 581 2530 cui
601 2473 769 2548 tergendam
787 2491 848 2532 eam
864 2475 1046 2534 mandaverat
1065 2471 1104 2533 bl.

121 2552 218 2612 lunius
234 2563 352 2632 praetor
370 2555 422 2614 sub
444 2553 642 2633 diesludorum
659 2555 876 2632 Apollinarium.
912 2564 1041 2635 spectata
1058 2565 1104 2616 est

123 2644 153 2695 et
173 2636 202 2694 iu
216 2637 288 2696 aede
302 2635 384 2697 Fidei
405 2639 435 2696 in
453 2635 598 2717 Capitolio
614 2641 693 2698 senis
709 2657 771 2698 cum
788 2640 850 2715 lyra
866 2657 984 2716 puerum
1000 2638 1104 2702 docens

86 2740 111 2782 ao
121 2720 166 2778 tis.
199 2720 292 2796 pinxit
308 2727 338 2778 et
352 2737 469 2796 aegrram
483 2723 546 2781 sine
560 2722 617 2780 fine
629 2721 787 2799 laudatum,
803 2730 967 2799 tantumque
982 2731 1044 2782 arte
1056 2740 1103 2782 va-

119 2801 173 2860 luit
190 2810 220 2861 ut
231 2800 345 2886 Attalus
360 2821 414 2862 rex
424 2821 506 2864 unam
521 2805 647 2873 tabulam,
659 2807 721 2863 eius
736 2815 848 2865 centurn
864 2804 980 2864 talentis
996 2807 1103 2866 emisse

120 2884 254 2945 tradatur.
295 2883 359 2962 [20]
374 2884 477 2963 Simul,
494 2896 523 2945 ut
538 2887 718 2964 dictumest,
734 2897 764 2947 et
775 2887 959 2965 Protogenes
976 2889 1082 2948 lloruit.
1094 2901 1143 2953 101

118 2969 211 3046 patria
227 2969 255 3037 ei
271 2964 400 3042 camus,
417 2972 512 3043 gentis
527 2968 648 3030 Rbodiis
663 2971 822 3030 subiectae.
859 2989 964 3030 summa
979 2989 1100 3049 pauper·
1112 2972 1134 3006 ⁸¹

120 3059 162 3111 tas
183 3051 264 3111 initio
286 3051 415 3127 artisque
435 3070 539 3112 summa
560 3053 681 3113 intentio
702 3061 732 3112 et
754 3053 820 3113 ideo
842 3057 934 3114 minor
956 3054 1101 3114 fertilitas.

85 3136 184 3211 aequis
197 3152 260 3194 eum
275 3133 405 3192 docuerit
416 3151 474 3193 nou
486 3143 584 3211 putant
599 3144 744 3196 constare.
775 3136 885 3214 quidam
902 3146 931 3198 et
940 3138 1025 3197 navis
1042 3139 1103 3216 plu·
1119 3191 1123 3199 .
1227 3141 1228 3146 ’

119 3219 199 3276 xisse
215 3234 305 3294 usquc
323 3215 358 3275 ad
377 3219 639 3295 quinquagesimum
656 3237 764 3279 annum.
806 3229 1000 3296 argumentum
1022 3239 1101 3298 esse,

120 3299 195 3377 quod
215 3318 277 3358 cum
296 3299 417 3360 Athenis
438 3299 629 3360 celeberrimo
651 3301 882 3363 locontnervae
902 3303 1013 3364 delubri
1035 3321 1101 3383 pro·

111 3382 207 3460 pylon
227 3384 375 3461 pingeret,
402 3383 450 3443 ubi
470 3384 540 3443 lecit
557 3382 684 3444 nobilem
698 3384 827 3449 Paralum
843 3395 873 3447 et
890 3385 1099 3464 llammoniada,
