2484 3817
339 206 419 253 nan.
440 182 530 251 nrsnl
550 203 672 251 xxxnr.
692 202 716 253 r.
737 200 763 255 a.
785 191 899 268 (6-9.)
1094 192 1116 251 9

128 358 257 419 omnibus
276 356 362 419 electi
385 358 420 419 ad
435 356 637 417 custodiendas
660 357 860 433 suffragiorum
881 356 967 415 cistas
984 358 1013 414 in
1027 357 1114 415 comi·

127 443 186 507 tiis
222 449 251 500 et
272 441 380 502 divisus
401 441 447 499 bic
467 457 582 517 quoque
603 438 675 497 ordo
696 448 758 498 erat
778 438 904 516 superba
926 442 1113 515 usurpatione

128 527 284 599 nominum,
302 544 363 585 cum
374 524 447 583 alius
462 542 495 583 se
512 528 704 598 nongentum,
720 522 793 580 alius
805 521 960 598 selectum,
977 522 1050 581 alius
1063 525 1114 581 tri-

56 630 60 643 ¹
124 609 230 667 bunum
246 609 416 686 appellaret.
471 646 474 657 «
1048 596 1064 629 ⁸

105 712 116 749 s
189 690 247 770 (8)
268 690 365 751 Tiberi
384 692 494 751 demum
509 688 686 765 principatu,
709 703 785 744 nouo
807 704 899 763 anno,
919 690 948 747 in
972 690 1108 748 unitatem
1119 699 1154 753 32
1197 742 1203 750 .

125 777 204 834 nenit
220 783 359 852 equester
375 774 466 846 ordo,
490 771 696 847 anuloqumqne
715 772 877 829 auctoritati
899 772 990 830 iorrna
1006 775 1113 830 consti-

28 926 32 935 ¹
125 866 185 917 tuta
208 856 308 917 estc
328 856 430 915 Asinio
453 816 629 913 l'olioneG.
656 852 783 911 Antistio
805 852 916 913 Vetere
941 870 1016 913 coss.
1039 872 1112 913 anno

94 943 204 1000 urbis
224 940 357 999 conditae
373 936 565 997 DGCbXXV.
558 980 583 1012 .,
605 935 681 1012 quod
703 938 854 1012 miremur,
877 937 951 995 iutili
966 954 1060 1015 paene
1076 938 1113 996 de

125 1042 227 1099 cansa,
248 1041 310 1081 cum
326 1020 357 1081 G.
380 1022 523 1099 Sulpicius
542 1018 631 1079 Galba
653 1019 813 1078 iuvenalem
829 979 929 1079 idmam
948 1020 1021 1098 apud
1036 1022 1113 1099 prin·

91 1124 115 1166 ιο
126 1110 221 1183 cipem
234 1106 403 1183 popinarum
429 1106 532 1183 poenis
554 1110 710 1182 aucupatus
728 1111 847 1179 questus
871 1112 951 1163 esset
966 1106 995 1162 in
1010 1112 1112 1163 senatu

124 1188 215 1264 volgo
237 1189 387 1247 institores
409 1191 471 1247 eius
490 1187 594 1264 'culpae
615 1183 730 1245 deiendi
755 1184 857 1245 anulis.
898 1187 952 1245 bac
970 1187 1006 1246 de
1027 1205 1113 1246 causa

125 1274 310 1330 constitutum
327 1290 364 1330 ne
387 1273 430 1330 cui
453 1272 496 1329 ius
520 1278 600 1329 esset
614 1272 669 1328 nisi
692 1271 739 1346 qui
754 1272 895 1347 ingenuus
919 1272 1000 1348 ipse,
1017 1279 1112 1348 patre,

124 1372 180 1413 avo
198 1361 319 1431 paterno
341 1353 394 1413 HS.
410 1355 503 1421 c'c‘c‘d
520 1372 624 1412 census
641 1354 745 1411 luisset
759 1362 789 1413 et
804 1353 872 1429 lege
889 1353 961 1413 lulia
978 1354 1112 1420 theatrali

124 1440 153 1496 in
170 1436 253 1496 Xllll
274 1437 421 1497 ordinibus
445 1436 579 1497 sedisset.
615 1445 720 1513 postea
734 1438 877 1511 gregatim
892 1437 1050 1513 insigne-id
1066 1438 1112 1496 ad-

91 1540 114 1581 15
124 1523 183 1598 peti
201 1528 342 1598 coeptum.
376 1529 500 1598 propter
522 1519 595 1578 haec
616 1520 778 1578 discrimina
799 1516 885 1576 Gaius
905 1522 1041 1597 princeps
1060 1521 1155 1587 de-33

125 1607 229 1663 curiam
247 1606 371 1680 quintam
386 1603 501 1678 adiecit,
517 1611 681 1677 tantumque
700 1608 811 1658 enatum
830 1609 875 1659 est
889 1602 979 1660 iastns
993 1612 1024 1661 ut
1038 1621 1111 1680 quae

125 1688 177 1746 sub
193 1687 260 1745 divo
276 1687 409 1762 Augusto
421 1686 525 1761 inpleri
542 1702 599 1742 uon
611 1692 765 1760 potuerant
777 1683 912 1745 decuriae
928 1702 984 1743 non
999 1688 1112 1764 capiant

125 1788 188 1828 eum
211 1770 354 1842 ordinem,
377 1769 542 1845 passimque
565 1765 600 1823 ad
621 1774 787 1825 ornamenta
806 1786 841 1826 ea
863 1769 948 1827 ctiam
968 1771 1110 1829 servitute

125 1853 240 1911 liberati
256 1850 432 1923 transiliant,
456 1847 532 1924 quod
554 1856 637 1907 antea
658 1866 805 1925 numquam
821 1860 885 1910 erat
900 1853 1019 1927 iactum,
1040 1870 1110 1929 quo·

90 1938 199 1995 aoniam
212 1936 241 1992 in
256 1934 355 1991 ierreo
373 1932 456 1991 anulo
479 1940 509 1990 ct
529 1932 643 2009 equites
665 1932 833 2009 iudicesque
854 1934 1108 2010 intellegebantur.

125 2016 255 2092 adeoque
270 2015 298 2073 id
312 2017 503 2092 promiscuum
519 2033 589 2083 esse,
602 2017 700 2093 coepit
715 2025 745 2074 ut
762 2017 836 2093 apud
848 2016 994 2078 Claudium
1007 2015 1109 2077 Caesa-

109 2119 185 2159 :rem
210 2102 239 2158 in
264 2114 386 2158 censura
412 2100 473 2157 eius
503 2118 572 2157 unus
598 2116 636 2157 ex
663 2100 807 2176 equitibus
833 2100 948 2161 Flavius
971 2099 1109 2160 Proculus

124 2181 350 2260 quadringentos
369 2200 406 2241 ex
421 2200 454 2241 ea
469 2198 553 2240 causa
575 2183 828 2258 reospostularet.
864 2183 981 2243 ita¹dum
996 2202 1111 2263 separa-

124 2275 170 2326 tur
189 2266 259 2325 ordo
277 2265 312 2324 ab
328 2266 477 2341 ingenuis,
500 2267 711 2324 conmunicatus
728 2274 774 2325 est
789 2284 851 2325 cum
867 2268 1003 2326 servitiis.
1036 2267 1105 2326 iudi·
1117 2278 1152 2333 34

89 2357 292 2409 redamantem
306 2348 503 2426 appellatione
520 2366 658 2426 separare
671 2366 736 2407 eum
747 2350 876 2409 ordinem
886 2352 969 2429 primi
987 2353 1109 2410 omnium

125 2434 276 2491 instituere
295 2431 412 2491 Gracchi
429 2430 553 2491 discordi
578 2432 771 2509 popularitate
793 2435 822 2491 in
847 2434 1046 2493 contumeliam
1064 2454 1109 2494 se·

126 2522 226 2589 natus,
248 2531 315 2572 mox
338 2513 482 2575 debellata
506 2517 661 2574 auctoritas
686 2518 808 2574 nominis
830 2518 910 2575 vario
936 2517 1108 2576 seditionum
1147 2512 1150 2520 ’

127 2604 232 2656 eventu
247 2599 322 2655 circa
337 2597 505 2674 publicanos
523 2597 651 2657 substitit
671 2606 701 2657 et
715 2598 884 2675 aliquamdiu
900 2602 1004 2659 tertiae
1019 2601 1107 2659 sortis

81 2750 84 2761 .
125 2677 179 2738 viri
200 2679 342 2756 publicani
363 2681 454 2741 fuere.
477 2679 526 2752 tt.
546 2678 650 2740 Cicero
674 2680 784 2740 demum
805 2682 943 2742 stabilivit
968 2692 1107 2761 equestre

77 2780 229 2821 adnomen
247 2764 275 2821 in
299 2762 447 2821 consulatu
475 2780 528 2821 suo
553 2761 718 2822 Catilinanis
745 2765 850 2840 rebus,
881 2782 919 2824 ex
947 2781 983 2823 eo
1006 2766 1106 2844 ordine

125 2846 286 2923 proiectum
311 2863 343 2903 se
363 2844 513 2903 celebrans
536 2848 657 2923 eiusque
671 2848 742 2908 viris
760 2848 899 2925 peculiari
914 2847 1107 2926 popularitate

69 2946 71 2955 ’
127 2946 279 3005 quaerens
318 2927 353 2985 ab
375 2926 426 2985 illo
451 2936 582 3006 tempore
599 2930 685 3007 plane
700 2929 756 2989 boc
782 2932 895 2989 tertiam
910 2948 1014 3008 corpus
1030 2934 1059 2990 in
1073 2952 1107 2992 re

126 3011 239 3089 publica
259 3012 362 3070 iactum
387 3018 449 3085 est,
470 3014 626 3090 coepitque
646 3012 718 3071 adici
737 3014 848 3072 senatui
865 3014 1031 3092 populoque
1048 3014 1106 3075 llo·

124 3111 207 3154 mano
223 3102 252 3154 et
266 3101 404 3170 equester
420 3052 499 3151 oddo
534 3112 587 3177 qua
603 3095 639 3154 de
655 3104 784 3163 causaet
801 3114 874 3155 nnnc
889 3105 956 3175 post
971 3098 1105 3176 populum

88 3176 276 3251 asscribitur,
293 3177 366 3254 quia
372 3176 527 3235 novissime
542 3186 664 3255 coeptus
681 3186 726 3237 est
742 3180 823 3238 adici.

187 3260 260 3359 (9.)Ι
267 3260 400 3337 Equitum
414 3258 526 3336 quidem
542 3262 626 3319 etiam
637 3278 741 3319 nomen
755 3264 849 3339 ipsum
860 3281 948 3341 saepe
963 3265 1101 3324 variatum
1113 3276 1146 3329 35

126 3346 200 3403 est'
192 3364 220 3403 m
241 3345 276 3402 iis
301 3360 415 3421 quoqne
439 3344 532 3419 quiid
553 3344 587 3402 ab
606 3344 733 3420 equitatu
749 3345 907 3405 trabebant.
924 3345 1038 3407 celeres
1052 3348 1104 3406 sub

125 3425 247 3487 Romulo
263 3426 439 3503 regibusque
456 3436 520 3487 sant
534 3425 687 3505 appellati,
708 3425 810 3488 deinde
825 3429 985 3507 denuntes,
1001 3439 1104 3508 postea
