2484 3817
342 236 657 287 nsu.n1su.xxuun
671 233 732 287 nt.
749 226 902 306 (st—28.)
1009 268 1024 294 s
1067 231 1106 290 tr

112 393 154 451 sio
168 399 200 450 et
215 389 316 450 ulcera
333 397 449 468 purgat,
462 391 572 469 explet.
606 408 670 452 cam
684 409 739 453 ura
760 410 847 472 passa
864 399 897 452 et
909 398 1035 472 magia
1048 411 1112 456 cnr-

112 473 255 533 bunoulos
275 481 381 550 purgat
400 481 431 532 ot
449 477 648 552 putrescentia
667 476 784 552 ulnera,
805 494 879 554 quae
899 495 974 537 tero
990 487 1111 556 serpunt

111 575 174 617 cum
188 558 281 634 pineo
295 557 407 616 cortice
425 567 473 616 nrt
488 557 615 638 sulpure.
648 558 799 637 phthisicis
819 562 906 620 etiam
919 560 1015 636 cyathi
1029 579 1109 622 nen·
1119 573 1156 628 39

112 658 178 700 sura
199 639 315 717 qnidam
343 639 488 701 dederunt
509 649 539 701 ct
561 651 664 702 conns
678 651 812 704 veterem
831 645 942 703 tussim
968 644 1110 721 rhagadas

92 725 190 784 saedis
213 731 244 782 et
258 723 365 800 pedum
380 741 530 802 panosque
542 734 573 786 et
586 728 691 803 unguis
702 725 824 787 scabros
838 727 990 804 enendm,
1004 727 1112 789 volvae

114 808 233 867 duritias
257 815 289 866 et
313 809 524 868 conversiones
553 808 663 885 odore,
683 811 754 869 item
771 808 966 886 lethargicos,
987 819 1112 872 strumas

113 909 175 950 cum
188 890 284 950 iariua
297 889 463 952 hordeacea
481 901 512 952 et
528 894 611 971 pueri
627 893 745 972 inpubis
761 895 844 952 urina
858 893 982 953 dococta
997 895 1033 954 ad
1044 913 1111 972 sup·

113 976 295 1050 pucati-onem
315 974 456 1052 perducit.
490 983 521 1035 et
542 976 578 1036 ad
592 976 741 1054 alopecias
758 979 836 1036 sicca
850 978 918 1055 pice
933 983 1061 1052 utantur,
1076 979 1111 1038 ud

112 1057 262 1116 mulieries
282 1073 416 1116 mammas
442 1057 552 1118 Bruttia
579 1078 617 1119 ex
632 1062 702 1119 vino
724 1061 942 1120 subfervefacta
964 1075 1027 1118 cum
1047 1059 1111 1137 pol-

85 1139 170 1200 ttliue
185 1142 322 1200 farraceo
336 1157 420 1218 quam
437 1141 656 1202 sabdissimis
634 1145 777 1222 inpositis.

174 1222 259 1306 (24.)
289 1222 408 1301 Liquida
432 1226 483 1302 pix
509 1225 664 1304 oleumque
691 1227 784 1309 quod
800 1226 969 1305 pisselaeon
1003 1234 1157 1290 vocantia

114 1306 347 1384 quemadmdum
363 1308 449 1367 lieret
470 1309 599 1368 mximas.
629 1310 742 1409 quidam
756 1312 861 1370 iterum
877 1310 1023 1372 decocunt
1037 1318 1069 1369 ct
1092 1329 1155 1369 mss

113 1398 216 1450 uocaui
236 1389 441 1468 palimpissam.
474 1391 581 1470 liquida
606 1395 729 1470 anginae
747 1403 948 1471 perunguntur
975 1396 1054 1454 intus
1078 1401 1110 1453 et

114 1489 172 1532 urs.
216 1474 328 1533 aurium
353 1474 488 1551 dolores,
510 1475 672 1536 claritatem
696 1477 862 1551 certorum,
889 1479 950 1538 oris
972 1476 1113 1538 ciroanrli·

86 1559 227 1632 stiones,
255 1559 433 1635 suspiriosas
448 1559 571 1636 volvas,
598 1562 701 1619 tussim
714 1568 849 1621 veterem
870 1568 902 1619 ct
917 1560 1039 1620 crebras
1059 1577 1113 1620 ex*

113 1643 295 1701 screationes
311 1643 459 1718 pectoris,
475 1659 624 1720 spasmos,
645 1653 808 1717 memores,
829 1642 1048 1720 opisthotonos,
1060 1659 1112 1720 pa·

112 1725 217 1800 ralysis
224 1767 235 1799 ,
250 1741 408 1784 neruorum
422 1724 552 1805 dolores,
569 1725 604 1760 *s
619 1726 897 1804 praestantissimum
914 1725 951 1784 ad
966 1741 1066 1783 canum
1079 1733 1111 1784 et

111 1809 303 1868 iumentorum
319 1808 454 1870 scabiem.

177 1892 257 1968 (25.)
288 1889 343 1950 Est
358 1899 390 1951 et
405 1891 617 1970 pissasphaltos
632 1893 721 1950 mixta
745 1889 876 1950 bitumini
891 1889 959 1967 pice
975 1889 1108 1948 naturali·
1118 1901 1153 1953 tt

82 1981 109 2022 ιι
119 1980 165 2032 ιιι
180 1991 218 2032 ex
233 1974 480 2052 Apolloniatarum
498 1992 578 2052 agro.
595 1973 708 2053 quidum
720 1975 776 2051 ipsi
790 1973 914 2032 miscent
924 1974 1112 2050 praecipuum

117 2055 152 2114 ad
168 2055 291 2118 scabiem
305 2075 446 2136 pecorum
463 2059 620 2119 remedium
633 2066 683 2117 aut
701 2059 726 2116 si
741 2057 819 2117 ictus
834 2073 967 2115 mammas
989 2056 1110 2117 laeserit

115 2147 242 2200 manum.
274 2149 420 2220 optumum
441 2159 479 2202 ex
495 2159 532 2202 eo
549 2141 704 2219 quodcum
719 2141 819 2200 ierant
832 2141 948 2199 innatat.

176 2223 258 2303 (26.)
271 2221 423 2302 zopissam
433 2225 512 2285 aradi
527 2225 647 2284 navibus
660 2226 782 2286 diximus
792 2239 862 2282 cera
875 2224 987 2282 marino
1001 2223 1065 2282 sale
1087 2241 1117 2281 ιι.
1130 2241 1156 2275 m

114 2316 264 2367 macerata.
294 2317 411 2386 optuma
427 2308 499 2368 baso
512 2325 528 2367 a
543 2311 678 2368 tirocinio
694 2308 816 2368 narium.
842 2306 955 2366 additur
971 2314 1067 2366 antem
1082 2308 1112 2366 iu

84 2391 283 2468 atmalagrnata
298 2391 333 2450 nd
349 2390 543 2451 discutiendas
559 2390 760 2451 collectiones.

176 2473 258 2552 (27.)
288 2473 383 2534 'laeda
407 2474 529 2534 decocta
550 2476 578 2534 in
598 2484 684 2534 aceto
705 2474 831 2535 dentium
844 2471 966 2533 dolores
988 2471 1112 2551 ellicuci·
1135 2504 1139 2510 .

118 2564 161 2616 ter
175 2557 323 2618 conluunt.
708 2624 710 2629 ,

174 2639 257 2719 (28.)
285 2639 413 2700 heutisoi
430 2657 468 2700 au
481 2641 587 2700 arbore
609 2649 640 2700 et
653 2658 753 2700 semen
768 2647 800 2699 et
819 2648 923 2699 cortex
943 2646 974 2697 et
993 2636 1156 2699 lacrimali

115 2726 222 2784 urinam
243 2726 342 2800 cient,
364 2724 459 2783 alvom
480 2725 592 2784 sistunt
629 2725 781 2783 decoctum
801 2738 902 2783 eorum
916 2721 1015 2781 ulcera
1038 2734 1112 2795 quae

84 2815 236 2885 inserpunt
264 2809 336 2867 iota
376 2807 528 2868 inlinitur
519 2825 548 2866 m
568 2807 671 2866 umidis
699 2815 730 2865 ct
753 2807 814 2883 igni
843 2821 946 2881 sacro,
978 2804 1112 2879 gingivas

116 2891 231 2950 coaluit.
263 2892 335 2952 lolia
352 2890 486 2950 dentibus
515 2889 619 2950 dolore
641 2898 818 2965 atteruntur,
843 2887 968 2948 mobiles
987 2885 1113 2944 decocto

115 2973 305 3072 conluantur?
337 2972 471 3072 capillum
496 2975 609 3051 tinguit.
650 2972 766 3032 lucrium
789 2970 868 3030 sedis
886 2960 1113 3046 sitiispr'odcat‚

115 3073 177 3198 appr
188 3057 260 3201 pppd
276 3058 378 3216 sipppri
395 3057 626 3199 excpplleripe
594 3073 669 3133 opus
683 3055 730 3117 sit.
759 3055 954 3212 decoctupmoedt
965 3050 1114 3211 etlpppiipi:

117 3157 188 3199 sun
244 3156 304 3199 on
396 3157 448 3199 ruo
479 3157 546 3200 me
583 3141 907 3211 urinmmoreus,u
964 3154 982 3195 e

88 3220 266 3285 scholaribus
289 3239 354 3282 cum
374 3223 493 3301 polenta
514 3220 748 3283 inlisionibus
776 3229 879 3280 tenera
898 3217 991 3279 oculis
1006 3215 1114 3276 iubam-

116 3309 195 3366 nans
209 3306 376 3366 inlinuntur.
399 3305 552 3380 mastiche
573 3305 689 3365 lentisci
710 3301 887 3380 replicandis
908 3301 1059 3380 palpebris
1080 3306 1155 3359 etti

117 3387 151 3447 nd
165 3389 377 3451 extenderim
397 3399 491 3450 cutem
509 3391 538 3448 in
562 3390 637 3448 iacis
663 3395 694 3448 et
712 3393 871 3461 smegmata
891 3383 1059 3456 adhibetur,
1083 3389 1114 3440 et

119 3475 284 3550 sanguinem
296 3473 505 3550 reicientibus,
521 3474 592 3531 tussi
605 3471 701 3530 veteri
709 3509 720 3544 ‚
735 3476 766 3526 et
780 3467 924 3528 adomnia
940 3481 1015 3541 quac
1036 3477 1111 3522 asa·
