2484 3817
164 160 226 223 216
507 172 537 220 G.
553 170 650 219 emm
665 168 812 218 saeuum

163 334 243 405 rant,
262 326 411 404 anguinum
425 325 597 406 appellatur.
628 322 753 384 Druidae
775 322 866 382 sibilis
884 320 912 381 id
928 320 1023 381 dicunt
1036 325 1064 382 in
1079 324 1146 385 sub·

163 409 231 469 lime
246 412 345 470 iactari
360 428 491 488 sagoque
507 416 646 487 oportere
661 406 796 484 intercipi·
812 424 849 465 ne
868 405 999 465 tellurem
1017 409 1147 484 attingat
1237 420 1238 495 ζ

165 493 324 571 profugere
338 504 483 572 raptorem
498 510 591 570 equo,
613 493 757 569 serpentis
778 491 850 549 enim
865 490 976 567 insequi
992 489 1086 549 donec
1104 509 1149 551 ar·
1237 504 1238 513 ¹

165 585 284 635 ceantur
309 578 397 636 am'nis
413 577 531 636 alicuius
549 577 720 634 interventu¹
752 574 977 651 experimentum
995 574 1056 631 eius
1072 592 1150 651 esse,

122 669 158 723 53
168 659 192 718 si
205 668 303 722 contra
317 677 406 736 aquas
418 660 508 719 fluitet
522 659 568 717 vel
583 674 653 717 auro
670 659 803 717 vinctum
831 664 927 733 atque,
944 664 973 713 ut
989 666 1033 715 est
1048 658 1173 733 Mago-s

164 760 225 801 rum
241 743 371 803 sollertia
387 741 565 802 occultandis
580 740 726 800 fraudibus
742 758 841 816 tagax,
858 748 937 799 certa
951 739 1016 799 luna
1032 744 1149 817 capien-

166 825 231 884 dum
249 834 382 904 censent,
399 836 540 902 tamquam
558 842 719 899 congruere
736 824 933 901 operationem
949 840 1010 880 eam
1029 842 1149 903 serpen-

163 909 231 967 tium
246 908 357 967 humani
378 910 415 967 sit
435 908 543 966 arbitri.
579 908 636 965 vidi
653 907 784 985 equidem
805 904 832 964 id
854 921 938 965 ovom
953 906 1019 965 mali
1035 907 1149 966 orbicu·
1237 942 1238 973 ;

163 992 213 1051 lati
227 992 332 1050 modici
346 990 553 1067 magnitudine,
578 998 671 1049 crusta
687 990 876 1064 cartilaginis,
897 988 974 1047 velut
990 990 1150 1051 acetabulis
1237 1038 1238 1079 ,

121 1085 157 1138 54
167 1074 366 1134 bracchiorum
384 1074 484 1152 polypi
506 1072 632 1147 crebris,
657 1074 769 1148 insigne
788 1072 912 1131 Druidis.
945 1071 990 1131 Ad
1012 1075 1186 1133 victorinam
1237 1092 1238 1155 l

164 1158 253 1217 litium
282 1174 317 1215 ac
336 1176 437 1233 regum
461 1157 553 1217 aditus
579 1158 650 1215 mire
677 1155 822 1231 laudatur,
849 1164 942 1214 tantae
963 1158 1093 1216 vanitatis
1119 1166 1151 1217 ut
1237 1162 1238 1247 l

163 1240 316 1299 habentem
330 1240 359 1299 id
381 1242 408 1299 in
424 1241 472 1300 lite
488 1242 517 1298 in
538 1241 600 1299 sinu
619 1240 744 1317 equitem
758 1240 915 1298 Romanum
933 1257 949 1297 e
967 1240 1151 1302 Vocontiisa
1237 1254 1238 1309 i

164 1322 231 1382 divo
240 1322 360 1382 Claudio
374 1324 503 1401 principe
515 1325 714 1403 interemptum
725 1338 782 1380 non
792 1322 828 1379 ob
842 1320 917 1381 aliud
929 1324 1026 1381 sciam.
1048 1324 1096 1383 hic
1106 1316 1149 1384 ta·
1237 1384 1238 1409 ἦ

164 1423 230 1463 men
247 1406 406 1483 conplexus
421 1408 553 1483 anguium
570 1416 598 1465 et
619 1406 756 1481 frugifera
777 1422 875 1465 eorum
891 1406 1046 1466 concordia
1063 1424 1151 1467 causa

164 1488 278 1547 videtur
295 1506 362 1547 esse
377 1506 464 1567 quare
479 1499 596 1549 exterae
617 1498 720 1565 gentes
742 1488 896 1547 caduceum
917 1488 945 1546 in
965 1492 1045 1565 pacis
1063 1508 1149 1566 argu·
1160 1507 1185 1548 ru

163 1574 265 1631 mentis
281 1573 453 1632 circumdata
468 1574 567 1648 effigie
583 1573 713 1648 anguium
727 1572 865 1646 iecerint,
888 1588 983 1649 neque
1004 1574 1078 1631 enim
1094 1574 1149 1632 cri·

165 1663 256 1714 statos
273 1673 340 1714 esse
355 1657 382 1715 in
398 1656 525 1716 caduceo
540 1673 602 1715 mos
617 1664 670 1715 eat.
1237 1646 1238 1711 j

122 1749 156 1801 55
221 1738 305 1817 (13.)
326 1738 371 1797 De
386 1757 518 1799 anserum
538 1742 602 1797 oris
622 1754 742 1815 magnae
759 1737 887 1797 utilitatis
907 1740 1028 1817 ipsoque
1045 1756 1149 1798 ansere
1237 1754 1238 1783 ι

122 1836 140 1868 ⁰
165 1822 266 1881 dicturi
279 1823 336 1881 hoc
359 1824 386 1881 in
408 1822 552 1881 volumine
573 1822 711 1881 debemus
728 1820 865 1880 honorem
883 1820 1074 1897 Commageno
1090 1822 1149 1881 cla·

164 1906 294 1965 tissimae
304 1906 357 1963 rei.
380 1906 454 1964 latex
467 1906 552 1983 adipe
565 1923 745 1963 anserum-
756 1904 862 1981 alioqui
877 1904 1057 1963 celeberrimi
1069 1924 1148 1981 usus,
1158 1918 1185 1958 ao
1237 1976 1238 1987 ἵ

165 1987 217 2047 sed
235 1989 265 2045 in
281 1987 337 2046 hoc
352 1989 380 2045 in
396 1987 588 2064 Commagene
606 1989 706 2062 Syriae
723 1996 804 2064 parte
823 2006 942 2046 -cum
962 1990 1149 2065 cinnamomo,
1237 2000 1238 2021 ¹

165 2070 260 2143 casia,
289 2070 389 2146 pipere
410 2070 495 2146 albo,
520 2070 609 2147 herba
630 2088 703 2149 quae
725 2068 917 2145 Commagene
938 2080 1073 2147 vocatur,
1097 2070 1149 2129 ob·
1237 2128 1238 2143 ,

165 2154 236 2211 rutis
250 2152 314 2210 nive
333 2154 419 2228 vasis,
435 2154 525 2213 odore
542 2152 674 2227 iucundo,
692 2152 866 2212 utilissimum
883 2154 918 2213 ad
933 2154 1149 2232 perfrictiones,
1237 2176 1238 2227 l

166 2235 380 2313 convolsiones,
397 2252 503 2295 caecos
517 2244 565 2295 aut
578 2235 689 2294 subitos
703 2236 820 2296 dolores
832 2238 981 2315 omniaque
994 2255 1066 2314 quae
1081 2255 1150 2296 aco·
1237 2244 1238 2253 ’

165 2319 222 2395 piis
242 2326 391 2395 curantur,
414 2328 643 2395 unguentumque
661 2320 771 2404 pariter
791 2326 820 2379 et
842 2320 1075 2380 medicamentum
1093 2329 1149 2379 est.
1159 2330 1187 2372 tt

123 2402 197 2465 scit
211 2408 240 2459 et
255 2400 378 2475 insyria
392 2401 448 2461 alio
463 2402 559 2478 modo,
577 2399 661 2479 adipe
677 2404 769 2462 avium
784 2412 882 2463 curato
899 2412 928 2462 ut
944 2404 1081 2479 dicemur,
1099 2405 1150 2463 ad·

166 2484 231 2543 ditis
246 2485 452 2563 erysisceptro,
469 2484 676 2560 xylobalsamo,
693 2484 834 2563 phoenice
850 2486 936 2561 elate,
947 2490 1012 2546 item
1026 2487 1149 2563 calamo,

165 2567 341 2643 singulorum
353 2568 480 2645 pondere
493 2568 570 2645 quod
584 2568 621 2625 sit
633 2568 736 2647 adipis,
745 2570 812 2627 vino
825 2568 869 2627 bis
883 2578 930 2628 aut
941 2578 984 2628 ter
999 2569 1150 2629 subferve-

165 2651 280 2710 factum.
310 2650 454 2710 litantem
476 2650 597 2724 hieme,
609 2652 741 2727 quoniam
760 2661 870 2711 aestate
892 2670 949 2711 non
970 2652 1076 2727 glaciat
1095 2654 1151 2711 nisi

166 2742 287 2811 accepta
304 2751 382 2793 cera.
405 2732 492 2793 blulta
506 2743 659 2811 praeterea
674 2735 800 2795 remedia
815 2744 878 2793 sunt
894 2752 1055 2810 exarsere,
1072 2736 1188 2813 quodso

166 2817 254 2875 miror
273 2834 364 2893 aeque
387 2834 468 2895 quam
489 2816 666 2893 Panchaica,
685 2835 806 2896 namque
820 2835 905 2877 anser
926 2833 1090 2895 corvosque
1113 2818 1151 2879 ab

165 2908 276 2959 aestate
290 2902 319 2958 in
333 2909 492 2958 autumnum
507 2901 608 2959 morbo
625 2900 782 2961 conflictari
798 2900 938 2960 dicuntur.

124 2992 171 3047 57·
218 2984 248 3042 4.
273 2981 354 3063 (14.)
375 2983 420 3041 lle
437 3000 567 3041 anserum
581 2984 692 3043 honore
710 3000 792 3062 quem
809 3002 940 3043 meruere
962 2982 1107 3043 Gallorum
1122 2986 1153 3044 in

134 3085 164 3127 ra,
174 3084 197 3118 ιι
213 3064 539 3141 Capitoliumadacensu
550 3065 731 3143 deprehenso
745 3066 873 3125 diximus.
898 3068 996 3127 eadem
1011 3066 1048 3126 de
1063 3086 1151 3128 causa

166 3147 307 3224 supplicia
320 3167 410 3208 annua
422 3166 508 3208 canes
517 3148 642 3226 pendunt
655 3150 729 3208 inter
742 3149 841 3209 aedem
852 3150 1007 3210 luventatis
1025 3159 1054 3209 et
1069 3152 1149 3210 Sum·
1161 3170 1188 3210 aa

165 3229 239 3287 mani
261 3231 319 3289 vivi
346 3233 373 3290 in
396 3232 476 3291 iurca
502 3231 627 3291 sabucea
656 3248 735 3291 armo
762 3232 820 3291 fixi.
857 3233 910 3293 sed
932 3232 1013 3309 plura
1034 3234 1071 3294 de
1093 3234 1152 3294 hoc

124 3322 159 3377 58
168 3313 279 3371 animali
294 3314 350 3373 dici
366 3324 471 3390 coguut
488 3318 647 3393 priscorum
663 3332 768 3374 mores.
792 3314 911 3376 Catulos
926 3316 1059 3375 lactentis
1077 3316 1150 3377 adeo

165 3412 253 3475 puros
278 3398 476 3460 existimabant
501 3398 537 3459 ad
556 3397 650 3459 cibum
672 3406 702 3457 ut
723 3398 969 3479 etiamplacandis
989 3400 1151 3460 numinibus
