2484 3817
136 137 178 202 82
475 148 617 200 casnm
634 146 785 196 succum

134 313 219 384 parte
240 321 379 382 percussa
408 304 520 364 vertice
543 303 637 362 inciso
662 309 692 362 et
717 301 926 362 medicamento
952 301 1049 361 addito
1075 302 1126 363 ibi.

92 397 128 452 to
139 386 253 448 Gaetuli
270 388 318 464 qnl
341 386 442 464 legunt
465 386 562 446 taedio
586 385 661 446 lacte
679 385 858 459 adulterant,
879 384 932 443 sed
951 383 1127 446 discernitur

134 472 206 547 igni,
229 471 259 532 id
281 471 357 530 enim
377 469 618 551 quodvsiueernm
641 476 766 528 nonest
786 467 987 528 fastidiendum
1005 468 1125 530 odorem

134 553 231 614 habet.
272 551 391 612 llultum
412 553 485 612 inlra
513 551 588 612 hunc
609 569 708 633 sucum
732 553 847 628 estqui
871 553 900 610 in
924 549 1014 610 Gallia
1037 551 1068 610 lit
1088 571 1126 611 ex

134 635 227 696 herba
242 636 406 697 chamelaea
421 653 539 712 granum
554 637 635 694 coeci
651 636 776 696 ferente.
806 636 913 694 fractus
930 633 1124 694 hammoniaco
1138 657 1154 695 s

133 719 237 780 similis
259 727 321 794 est,
351 721 438 780 etlam
459 717 517 778 levi
539 725 625 793 gustu
647 735 681 776 os
701 735 853 778 accensum
871 716 918 777 diu
939 713 1073 777 detinens
1095 727 1125 778 et

133 804 226 882 magis
244 821 282 862 ex
299 801 466 877 intervallo,
481 799 574 858 donec
590 800 683 861 laucis
698 817 814 878 quoque
830 802 928 860 siccet.

88 895 126 948 80
201 885 228 946 8.
252 886 333 964 (39.)
354 882 522 944 Celebravit
537 891 567 942 et
585 881 721 942 Themiso
738 883 865 942 medicus
888 882 1038 959 uolgarem
1059 883 1124 943 her·

134 968 199 1028 bam
220 968 414 1046 plantaginem
437 974 577 1044 tamquam
597 967 733 1026 inventor
754 965 900 1025 volumine
921 965 957 1026 de
978 984 1013 1026 ea
1034 966 1122 1027 edito.

133 1051 190 1112 duo
209 1055 272 1111 eius
286 1068 413 1128 genera:
436 1051 529 1108 minor
549 1049 766 1125 angustioribus
786 1049 864 1108 loliis
887 1056 917 1107 et
933 1049 1122 1128 nigrioribus,
1133 1078 1162 1118 ω

133 1135 249 1212 linguae
267 1150 404 1212 pecorum
422 1131 585 1208 simillimis,
609 1132 691 1192 caule
708 1131 850 1207 anguloso
874 1134 902 1190 in
920 1140 1025 1190 terram
1043 1132 1123 1192 incli-

133 1227 213 1292 nato,
234 1219 263 1276 in
286 1217 375 1294 pratis
394 1233 526 1276 nascens.
561 1215 653 1277 altera
673 1217 776 1290 maior,
800 1214 878 1273 foliis
901 1214 1022 1273 laterum
1036 1215 1123 1276 modo

133 1299 253 1372 inclusa,
276 1317 350 1375 quae
372 1301 438 1375 quia
459 1307 581 1376 septena
602 1307 685 1373 sunt,
706 1296 819 1376 quidam
834 1316 896 1356 eam
911 1297 1123 1377 heptapleuron

131 1398 287 1442 vocavere.
324 1381 407 1440 huius
430 1391 460 1440 et
483 1381 616 1441 cubitalis
639 1380 728 1442 caulis
748 1389 794 1440 est
817 1389 846 1441 et
867 1383 940 1459 napi.
975 1384 1003 1442 in
1019 1382 1122 1441 umidis

131 1465 259 1524 nascitur
274 1463 364 1524 multo
380 1464 535 1524 efficacior.
568 1467 639 1524 mira
659 1465 704 1523 vis
721 1467 749 1523 in
766 1464 899 1524 siccando
916 1464 1121 1543 densandoque
1133 1483 1162 1524 ιε

105 1605 108 1611 .
132 1563 270 1624 corpore,
291 1550 401 1607 canteri
424 1549 515 1607 vicem
533 1549 677 1624 optinens.
707 1547 784 1606 nulla
804 1567 852 1608 res
869 1566 962 1627 aeque
980 1551 1057 1608 sistit
1072 1547 1122 1608 du-

132 1632 247 1690 ctiones
263 1649 333 1710 quas
350 1630 452 1690 Graeci
471 1630 689 1691 rheumatismos
705 1639 818 1690 vocant.

86 1724 120 1778 81
193 1714 278 1792 (40.)
297 1714 428 1791 lungitur
448 1714 513 1774 huic
532 1713 690 1790 buglossos
705 1713 793 1774 houm
811 1713 925 1790 linguae
942 1715 1054 1792 similis,
1075 1717 1122 1776 cui

130 1798 317 1876 praecipuum
339 1797 416 1876 quod
436 1800 465 1858 in
486 1801 580 1858 vinum
601 1797 715 1858 deiecta
735 1798 817 1863 animi
840 1798 1004 1876 uoluptates
1022 1807 1121 1875 auget,

131 1888 161 1940 et
177 1889 297 1940 vocatur
312 1881 533 1958 euphrosynum.
557 1881 640 1958 (41.)
652 1883 778 1958 iungitur
793 1889 823 1939 et
837 1880 1029 1958 cynoglossos
1045 1883 1159 1944 cani-ao

129 1981 195 2036 pam
210 1959 336 2038 linguam
355 1966 473 2040 imitata,
490 1965 621 2040 topiariis
639 1964 778 2042 operibus
792 1966 966 2040 gratissima,
983 1965 1120 2043 aiuntque

130 2064 206 2124 quae
223 2048 276 2105 tris
293 2045 411 2121 thyrsos
428 2047 545 2104 seminis
558 2049 650 2105 mittat
665 2049 728 2105 eius
743 2045 868 2105 radicem
884 2056 979 2125 potam
995 2066 1032 2105 ex
1046 2066 1120 2125 aqua

129 2129 166 2186 ad
186 2131 325 2188 tertianas
347 2128 501 2204 prodesse,
522 2145 595 2204 qnae
615 2137 750 2204 quattuor
773 2127 807 2186 ad
825 2138 986 2204 quartanas.
1019 2129 1073 2188 Est
1089 2139 1120 2190 et

129 2211 185 2268 alia
201 2210 303 2270 similis
320 2211 347 2270 ei
366 2228 438 2287 quae
454 2211 512 2268 lert
534 2210 635 2287 lappas
657 2212 785 2268 minutas.
821 2213 883 2270 eius
898 2211 980 2270 radix
996 2221 1065 2290 pota
1079 2231 1119 2273 ex

130 2311 203 2370 aqua
219 2295 296 2354 ranis
315 2302 345 2352 et
360 2292 547 2370 serpentibus
562 2293 740 2352 adversatur.
1129 2315 1159 2354 as

84 2386 121 2439 St
192 2376 274 2454 (42.)
291 2373 345 2434 Est
361 2385 391 2435 et
404 2374 605 2453 buphthalmos
621 2376 722 2434 similis
737 2374 824 2435 boum
839 2376 943 2453 oculis,
957 2377 1030 2438 lolio
1045 2379 1119 2438 leni·

128 2459 199 2537 culi,
215 2461 292 2520 circa
308 2458 413 2537 oppida
428 2477 562 2534 nascens,
577 2459 717 2539 fruticosa
732 2458 861 2518 caulibus
877 2461 925 2538 qui
941 2469 970 2519 et
985 2461 1120 2520 mandun-

130 2551 177 2602 tur
190 2539 315 2602 decocti.
349 2542 460 2620 quidam
476 2541 600 2602 eachlam
616 2549 728 2601 uocant.
760 2541 832 2602 haec
849 2561 912 2602 oum
926 2561 993 2603 cera
1009 2552 1119 2604 steato-

127 2634 204 2685 mata
220 2624 344 2684 discutit.

191 2709 269 2786 (43.)
291 2707 434 2768 Invenere
451 2708 557 2768 herbas
574 2715 604 2766 ct
618 2711 772 2768 uniuersae
787 2718 901 2786 gentes.
925 2709 1043 2786 Scythia
1059 2713 1117 2789 pri·
1128 2737 1167 2780 30

127 2809 202 2850 mam
227 2810 290 2851 eam
313 2809 386 2870 quae
409 2789 544 2866 Scythice
567 2799 698 2867 vocatur,
725 2792 802 2851 eirea
822 2791 960 2852 llaeotim
983 2811 1120 2872 nascens,

128 2874 314 2952 praedulcem
331 2875 402 2933 alias
419 2875 655 2954 utilissimamque
671 2873 706 2934 ad
719 2892 752 2932 ea
766 2892 840 2953 quae
852 2871 990 2935 asthmata
1002 2887 1117 2938 vocant.

127 2975 230 3034 magna
253 2966 283 3018 ct
300 2977 334 3018 ea
351 2957 572 3035 commendatio,
597 2956 672 3036 quod
690 2959 719 3014 in
734 2974 787 3016 ore
804 2975 867 3017 eam
881 2958 1022 3018 habentes
1040 2962 1119 3020 sitim

128 3041 290 3120 famemque
306 3060 363 3100 non
379 3042 514 3100 sentiunt.

84 3134 122 3188 83
183 3125 264 3202 (44.)
279 3124 358 3184 ldem
372 3132 500 3202 praestat
511 3123 585 3202 apud
601 3121 721 3182 eosdem
731 3123 865 3202 hippace,
880 3126 1024 3202 distincta,
1037 3125 1116 3206 quod
1127 3139 1176 3184 35

129 3209 159 3266 in
180 3209 264 3284 equis
285 3225 401 3286 quoque
425 3206 546 3268 eundem
571 3205 704 3287 ellectum
726 3205 848 3285 habeat,
877 3207 1048 3285 traduntque
1070 3208 1116 3270 lu's

127 3290 237 3350 duabus
258 3289 357 3352 herbis
380 3289 500 3368 Scythas
527 3292 612 3352 etiam
637 3291 667 3348 in
694 3289 844 3352 duodenos
866 3290 928 3351 dics
955 3289 1060 3352 durare
1085 3293 1116 3352 in

125 3373 203 3436 fame
218 3376 336 3454 sitique.
