2484 3817
296 202 375 252 usr.
397 201 486 251 mss.
510 195 867 272 xxxv1.a-s.(a—4.)
1028 194 1089 255 107
1124 201 1126 210 ’

86 357 236 422 simulacra
255 375 289 418 ea
310 356 476 435 Apollinis,
501 357 629 436 Dianae,
657 357 810 438 Herculis,
831 358 981 423 lliuervae
1009 361 1088 442 quod

86 464 104 504 e
118 442 201 504 caelo
216 449 322 521 postea
339 449 445 501 tactum
461 451 515 502 est.

19 593 23 600 ¹
147 529 174 587 5.
199 526 243 605 {2}
269 524 339 585 Cum
360 524 389 584 hi
414 534 533 603 essent,
554 527 609 586 iam
630 527 726 588 iuerat
744 530 774 587 iu
790 527 863 588 Chio
880 528 1125 594 insulablelasll

86 611 230 689 sculptor,
251 611 319 670 dein
340 610 416 670 lilius
438 611 502 669 eius
524 609 698 686 Micciades,
725 629 759 671 ac
786 611 890 671 deiude
912 630 1004 690 nepos
1031 615 1087 674 Ar·

63 696 236 772 sohermus,
262 696 343 754 ouius
371 693 422 753 lilii
443 693 569 772 Bupalus
596 702 627 754 et
648 694 773 754 Athenis
802 696 850 754 vel
876 695 1032 770 ,clarissimi
1058 699 1088 756 iu

87 799 121 840 ea
155 780 278 838 scientia
301 779 385 840 luere
411 777 601 857 Hipponactis
630 786 738 857 poetae
764 787 880 854 aetate,
910 797 995 856 quem
1025 798 1090 839 ccr-

86 872 145 922 tum
160 871 207 922 est
223 860 281 922 LX.
312 861 476 941 olympiade
494 864 594 922 luisse.
629 862 732 940 quodsi
755 864 819 941 quis
836 862 937 923 horum
955 863 1089 922 familiam

86 947 120 1006 ad
137 962 277 1024 proavom
292 965 384 1024 usque
406 956 489 1006 retro
505 954 591 1023 agat,
613 947 742 1006 inveniat
765 948 835 1005 artis
859 948 921 1006 eius
944 948 1089 1023 originem

86 1049 148 1091 oum
164 1029 356 1108 olympiadum
372 1031 455 1089 initio
470 1032 618 1108 coepisse.
646 1028 821 1108 Hipponacti
837 1030 975 1089 notabilis
991 1029 1131 1094 foedi-12

49 1123 131 1174 rotas
148 1112 245 1173 voltus
265 1121 343 1191 erat,
361 1114 549 1192 quamobrem
569 1115 723 1190 imaginem
742 1115 806 1172 eius
822 1113 940 1173 lascivia
957 1115 1088 1173 iocorum

85 1198 115 1257 hi
130 1214 317 1275 proposuere
333 1198 486 1257 ridentium
502 1198 637 1274 circulis,
660 1198 737 1275 quod
751 1196 907 1276 Hipponax
922 1199 1087 1274 indignatus

86 1281 243 1341 destrinxit
259 1283 475 1342 amaritudinem
493 1283 647 1341 carminum
669 1283 700 1340 iu
716 1289 822 1340 tantum
840 1290 870 1340 ut
887 1282 1021 1346 credatur
1038 1280 1088 1340 ali·

24 1381 28 1390 ’
86 1367 151 1443 quis
169 1364 205 1424 ad
220 1364 353 1443 laqueum
368 1383 423 1425 eos
439 1366 627 1444 compulisse,
649 1365 844 1443 quodfalsum
861 1374 926 1442 est,
947 1365 1087 1443 conplura

87 1450 163 1509 culm
183 1449 212 1507 iu
237 1449 362 1508 dnitImis
383 1449 486 1509 insulis
509 1449 662 1510 simulacra
684 1456 790 1527 postea
810 1449 930 1525 iecere,
958 1451 1032 1508 sicut
1059 1450 1089 1508 iu

50 1550 76 1590 15
85 1532 178 1609 Delo,
195 1532 298 1609 quibus
314 1534 631 1593 subieceruntcarmen
643 1550 701 1591 uon
719 1531 828 1591 vitibus
848 1540 955 1591 tantum
971 1533 1088 1591 censeri

86 1615 180 1693 Chion
197 1615 250 1676 sed
266 1624 296 1676 et
309 1617 450 1694 operibus
464 1617 617 1676 Archermi
636 1616 768 1675 liliorum.
793 1614 955 1674 Ostenduut
972 1615 1088 1675 ethasii

84 1700 204 1761 Dianam
217 1699 348 1759 manibus
364 1716 465 1758 eorum
478 1700 589 1759 factam.
613 1700 644 1757 in
660 1699 723 1778 Ipsa
738 1697 811 1759 Chio
830 1708 942 1758 narrata
956 1709 1002 1758 est
1014 1710 1132 1778 ope-13

84 1786 126 1843 ris
148 1800 249 1843 eornm
264 1781 375 1841 Ilionae
395 1782 486 1841 iacies
510 1783 540 1841 iu
560 1782 674 1841 sublimi
691 1785 805 1862 posita,
823 1785 904 1842 ouius
919 1783 1029 1843 voltum
1047 1786 1089 1843 in·

85 1875 197 1948 trantes
220 1866 351 1946 tristem,
374 1865 517 1925 abeuntes
540 1865 691 1926 hilaratum
709 1875 817 1945 putant.
856 1866 967 1927 Romae
986 1885 1089 1926 eorum

49 1952 171 2028 aosIgua
185 1956 251 2008 sunt
265 1948 438 2009 iu'Palatina
461 1949 535 2010 aede
550 1950 699 2029 Apollinis
719 1953 749 2012 in
769 1952 890 2028 lastigio
907 1961 936 2011 et
954 1951 1086 2011 omnibus

86 2035 152 2094 iere
170 2049 244 2111 quae
256 2032 327 2092 lecit
338 2032 422 2093 divos
433 2031 592 2111 Augustus.
625 2037 716 2114 patris
733 2052 848 2113 quoque
866 2053 966 2094 eorum
979 2043 1009 2095 ct
1020 2034 1086 2094 Deli

85 2119 171 2179 fuere
190 2134 281 2194 opera
296 2125 326 2176 et
344 2119 374 2176 iu
388 2116 486 2177 lesbo
501 2117 603 2177 insula.
642 2118 769 2197 Dipoeni
790 2119 904 2197 quidem
919 2120 1084 2195 Ambracia,
1097 2128 1131 2181 14

87 2201 204 2281 Argos,
225 2198 356 2263 Cleonae
378 2202 518 2280 operibul
533 2204 661 2262 refertae
677 2204 769 2262 luere.
802 2221 901 2263 omues
917 2212 1012 2263 autem
1024 2212 1087 2278 ,tan-

86 2285 282 2346 tumcaudido
296 2302 439 2345 marmore
453 2290 498 2345 usi
516 2293 614 2345 sunta
633 2285 706 2346 Paro
728 2286 838 2364 insula,
861 2306 946 2365 quem
961 2288 1087 2378 lapidem

49 2387 216 2448 accepere
238 2369 387 2446 lychniten
407 2369 574 2448 appellare,
597 2371 733 2448 quoniam
752 2371 787 2430 ad
808 2371 941 2431 lucernas
964 2373 993 2431 irr
1008 2371 1086 2430 cuni-

86 2453 160 2514 culis
176 2453 366 2531 caederetur,
389 2462 421 2513 ut
436 2461 538 2532 auctor
558 2462 605 2513 est
620 2453 735 2531 Varro,
757 2454 853 2513 multis
868 2463 974 2532 postea
988 2454 1086 2514 candi-

88 2619 142 2681 sed
155 2622 185 2678 in
197 2618 346 2679 Pariorum
361 2620 494 2681 mirabile
509 2619 641 2699 proditur
651 2620 756 2697 glaeba
769 2621 872 2700 lapidis
885 2624 968 2681 unius
984 2623 1085 2681 cunels

90 2697 277 2757 dividentium
292 2699 386 2756 soluta
401 2701 554 2775 imaginem
565 2698 656 2757 Sileni
670 2701 746 2758 Intus
763 2701 925 2759 exstitisse.
958 2697 1080 2778 [31N0n
1094 2718 1128 2769 15

50 2789 78 2830 ³⁰
92 2779 279 2840 omittendum
287 2778 359 2839 banc
367 2790 458 2840 artem
467 2776 546 2841 tauto
554 2783 745 2841 vetustiorem
752 2782 844 2841 luisse
852 2785 1080 2859 quampictumm

86 2862 136 2914 aut
157 2857 333 2933 statuariam,
346 2875 463 2936 quarum
478 2870 600 2940 utraque
613 2881 678 2929 cum
696 2860 795 2925 Phidia
810 2869 909 2944 coepit
924 2867 1082 2930 LXXXIII.

87 2937 268 3017 olympiade,
291 2949 360 3018 post
380 2959 470 3002 annos
491 2947 609 3004 circiter
629 2955 779 3008 trecentos
799 2951 916 3027 triginta
938 2952 1019 3014 duos.
1034 2959 1039 2968 '
1052 2962 1083 3013 et

86 3023 180 3100 ipsum
198 3021 317 3083 Phidian
328 3024 442 3084 tradunt
457 3028 614 3106 scalpsisse
626 3047 783 3108 marmora,
799 3031 1004 3112 Veneremque
1018 3039 1081 3096 eius

87 3124 155 3165 esse
177 3104 287 3166 Romae
315 3109 344 3166 iu
366 3107 504 3170 Octaviae
531 3113 670 3191 operibus
701 3116 824 3176 eximiae
851 3118 1080 3197 pulchritudinis.
1223 3167 1224 3185 t

50 3206 77 3248 ss
87 3188 265 3251 Alcamenen
279 3190 506 3272 Atheniensem,
522 3195 598 3272 qnod
612 3205 723 3257 certum
738 3208 801 3278 est,
822 3201 920 3261 docuit
933 3205 963 3262 in
977 3205 1076 3282 primis
1089 3215 1123 3268 16
1222 3237 1223 3268 1

85 3273 230 3352 nobilem,
245 3275 326 3335 cuius
339 3284 406 3336 sunt
420 3293 511 3357 opera
521 3279 646 3339 Athenis
658 3282 796 3361 conplura
811 3286 841 3343 in
852 3285 972 3346 aedibus
989 3289 1078 3350 sacris

86 3356 323 3438 praeclarumque
338 3359 465 3422 Veneris
482 3371 678 3426 extramuros
696 3383 770 3444 quae
784 3369 947 3448 appellatur
964 3371 1079 3450 Aphro·
1179 3381 1180 3388 ’
1220 3335 1222 3360 ⁴

85 3440 145 3502 dite
166 3435 204 3501 ἐν
231 3434 357 3523 κήποις.
397 3444 463 3506 huic
484 3463 620 3507 summam
640 3467 752 3509 manum
772 3454 836 3532 ipsc
857 3452 973 3515 PhIdias
996 3458 1078 3533 inpo-
