2484 3817
2 184 3 265 q
215 210 217 217 ·
315 173 872 254 nsu.msu.xxxv11.a.(t—1u.)
1041 172 1102 234 tat

103 341 180 402 idem
191 337 376 401 Xenocrates
388 338 486 415 uadit,
496 338 679 398 torrentibus
691 349 782 417 saepe
794 338 954 417 deportari.
977 337 1102 400 Sudines
1208 338 1210 342 ’

104 432 193 502 nogat
203 427 259 484 nisi
274 423 309 485 ad
320 423 471 483 meridiem
483 422 683 500 spectantibus
698 422 772 482 locis
786 424 883 498 nasci,
897 422 974 500 quod
990 433 1102 484 certum

105 517 159 569 est.
194 525 253 569 uon
275 509 424 587 reperitur
439 507 469 564 iu
485 505 604 583 aquosis
628 503 719 582 locis,
744 523 912 584 quamquam
931 507 962 565 ln
977 509 1101 585 regione

105 592 291 671 praegelida,
307 590 356 650 rel
366 590 391 648 si
406 589 522 649 advada
533 589 804 666 osque-glacientur
814 605 921 648 amnes.
948 592 1097 652 ecaalesti
1109 601 1145 657 16

82 693 204 737 rumore
228 692 358 755 puraque
377 673 446 732 nive
466 672 496 733 id
520 672 583 732 lieri
599 691 724 731 necasse
740 680 804 749 est,
818 671 886 732 ideo
902 671 1008 732 caloris
1023 676 1102 753 inpa-

102 761 179 820 tiens
194 761 288 818 nisiin
298 759 407 832 frigido
418 766 488 830 pota
501 757 657 817 abdicatur.
681 771 770 832 quare
785 763 920 815 nascatur
935 758 1101 833 sexangulis

102 843 261 917 lateribus,
276 858 335 900 uoa
349 838 436 899 iacile
450 841 526 898 ratio
540 839 606 897 iniri
621 846 741 917 potest,
756 856 794 899 eo
804 840 897 916 magis
913 838 990 916 quod
1005 857 1101 916 neque
1204 878 1209 892 s

100 927 131 985 in
156 925 342 984 mucronibus
366 922 467 982 eadem
487 923 605 1000 species
629 930 675 982 est
698 931 728 982 et
747 925 787 982 ita
808 922 959 983 absolutus
982 922 1103 982 laterum

102 1009 188 1069 levor
201 1015 249 1067 est
265 1016 296 1066 at
312 1007 389 1066 nulla
404 1006 433 1065 id
449 1014 512 1065 arte
529 1006 624 1083 possit
638 1007 767 1083 aequari.
842 1013 849 1038 l

67 1113 93 1155 ao
116 1102 118 1114 '
166 1091 248 1170 (10.)
265 1088 434 1166 Magnitudo
453 1088 628 1167 amplissima
646 1088 737 1150 adbuc
751 1092 813 1150 visa
834 1091 919 1150 uobis
938 1098 1001 1151 arat
1015 1099 1144 1168 quamat

101 1177 132 1234 in
155 1172 303 1253 capitolio
316 1172 397 1232 bivia
413 1172 545 1250 Augusta
563 1172 728 1250 dicaverat,
752 1174 889 1234 librarum
909 1176 1027 1235 circiter
1042 1170 1100 1233 cb.

101 1257 288 1318 Xenocrates
309 1256 386 1316 idern
406 1265 509 1316 auctor
531 1263 578 1317 est
597 1274 649 1316 vas
670 1257 838 1338 amphorale
865 1261 973 1334 visum,
1000 1266 1030 1317 et
1050 1255 1134 1316 alias

102 1344 151 1419 qai
169 1358 212 1401 ex
233 1340 314 1401 ladia
333 1343 529 1401 sextariorum
549 1349 696 1419 quattuor.
736 1360 790 1402 oos
815 1343 925 1420 liquido
951 1340 1101 1402 adfirmare

102 1442 257 1504 possumus
273 1427 302 1484 ia
316 1425 449 1485 cautibus
463 1424 580 1504 Alpium
597 1427 677 1485 nasci
693 1426 767 1486 adeo
782 1427 867 1484 inviis
881 1425 1052 1503 plerumque
1070 1432 1101 1484 ut

67 1510 170 1570 selune
189 1508 353 1588 paude'utes
373 1527 436 1570 eam
455 1509 618 1568 extrabant.
648 1509 751 1585 peritis
767 1509 850 1585 signa
869 1519 898 1568 ct
913 1509 1018 1568 indicia
1033 1519 1100 1569 uota
1138 1556 1142 1562 .

74 1607 76 1615 ’
101 1601 177 1654 snat.
207 1595 382 1654 infestantur
395 1593 538 1670 plurumis
551 1593 641 1666 vitiis,
657 1590 762 1650 scabro
780 1593 933 1667 ierumine,
952 1591 1097 1652 maculosa
1109 1602 1144 1656 28

101 1678 196 1756 nube,
212 1676 324 1737 occulta
339 1674 493 1751 aliquando
510 1675 641 1747 vomica,
659 1673 803 1750 praeduro
823 1675 979 1753 fragilique
997 1683 1099 1735 centro

100 1762 171 1820 item
193 1760 255 1820 sale
272 1757 431 1836 appellato.
462 1763 509 1814 est
524 1765 555 1815 at
570 1756 634 1815 ruia
656 1755 741 1816 alicui
758 1757 881 1835 robigo,
903 1758 969 1818 aliis
985 1758 1101 1838 capilla-

101 1842 326 1903 mentumrimae
341 1839 445 1898 simile.
471 1837 665 1900 bocartiices
682 1840 828 1901 caelatura
845 1841 999 1902 occultant.
1026 1861 1100 1922 quae
1123 1892 1125 1896 .

63 1941 92 1982 aa
103 1943 174 1986 acro
191 1927 255 1984 sine
271 1925 344 1983 vitio
359 1925 418 1983 sint
433 1939 520 2000 puras
536 1941 604 1982 esse
618 1923 743 2000 malunt,
758 1933 891 1986 acenteta
906 1924 1100 2004 appellantes,

101 2027 157 2069 uec
175 2011 286 2085 spumei
303 2007 416 2067 coloris
431 2007 483 2066 sed
500 2006 635 2086 limpidae
653 2024 754 2085 aquae.
781 2017 928 2088 postrema
941 2011 1100 2070 auctoritas

100 2093 131 2152 in
159 2090 292 2171 pondere
319 2098 374 2150 est.
414 2091 531 2150 invenio
561 2091 637 2169 apud
660 2091 789 2152 medicos
813 2111 888 2171 quae
913 2095 972 2153 sint
991 2093 1101 2153 urenda
1186 2135 1189 2144 Α

101 2191 257 2255 corporum
281 2191 339 2234 aon
358 2174 445 2234 aliter
466 2175 565 2234 atilius
590 2176 634 2234 ari
654 2177 747 2253 putari
763 2194 847 2254 quam
860 2177 1027 2254 crystallina
1041 2176 1100 2255 pila

100 2261 233 2321 adversis
250 2260 385 2338 opposita
406 2257 481 2317 solis
495 2257 593 2319 radiis.
620 2259 695 2320 alios
711 2267 742 2318 et
758 2262 787 2320 in
802 2261 847 2320 bis
862 2262 962 2338 iuror,
981 2269 1096 2320 centurn
1107 2270 1142 2326 29

63 2345 305 2422 seqniaqnaginta
322 2342 443 2407 ,milibus
471 2341 586 2401 trullam
606 2361 689 2402 anam
710 2361 768 2404 noo
788 2353 855 2404 aute
879 2345 985 2404 multos
1006 2361 1097 2404 aaaos

100 2434 228 2488 mercata
236 2436 332 2492 matra
354 2425 476 2486 familias
495 2443 551 2484 uec
570 2424 669 2486 divite.
706 2425 787 2487 Nero
800 2429 981 2488 amissarum
1001 2444 1098 2488 rerum
1133 2428 1139 2445 '

101 2511 202 2569 nuntio
213 2519 336 2588 accepto
350 2510 425 2570 duos
439 2508 548 2569 calices
560 2509 747 2585 crystallinos
759 2511 788 2570 in
803 2529 937 2590 suprema
951 2512 994 2570 ira
1007 2511 1099 2587 fregit

72 2663 76 2671 ¹
101 2592 213 2652 inlisos.
241 2592 313 2653 baec
325 2594 380 2653 iuit
395 2610 529 2672 suprema
544 2592 615 2652 ultio
628 2595 774 2654 sacculum
790 2614 872 2655 suum
882 2595 1046 2672 punientis,
1061 2611 1099 2654 ue

103 2674 256 2754 quisalius
272 2678 308 2735 iis
323 2676 449 2738 biberet.
484 2677 646 2754 fragmenta
663 2679 763 2738 sarciri
779 2677 963 2738 nullomodo
979 2686 1098 2755 queunt.

65 2760 175 2819 seruire
185 2758 230 2817 bis
247 2759 283 2818 ad
297 2759 510 2820 similitudinem
523 2777 681 2834 accessere
693 2763 802 2837 vitrea,
820 2761 871 2820 sed
886 2761 1001 2838 prodigi
1009 2759 1098 2821 modo

101 2851 133 2902 ut
148 2859 229 2902 saum
244 2842 369 2919 pretinm
383 2845 515 2903 maerim
529 2844 677 2921 crystalli,
696 2863 754 2905 non
770 2845 971 2904 deminueriut.

164 2925 247 3005 (11.)
261 2923 433 2984 Proxumum
448 2925 543 2987 locam
555 2929 586 2986 in
598 2927 731 3003 deliciis,
754 2929 922 2988 feminarum
936 2935 1031 2988 tamen
1045 2927 1094 2988 ad·
1105 2940 1140 2993 30

100 3009 157 3070 bac
172 3016 295 3085 mamm,
317 3008 415 3067 sacius
433 3011 583 3088 optineat,
605 3011 786 3087 eandemque
807 3013 901 3071 omnia
921 3011 994 3071 baec
1012 3029 1097 3089 quara

100 3109 233 3170 gemmae
258 3093 478 3168 auctoritatem,
503 3109 575 3154 sane
599 3096 700 3174 priora
725 3094 775 3154 illa
800 3094 904 3172 aliquis
931 3093 967 3154 da
989 3097 1096 3171 causis,

63 3175 268 3252 sscrpstallina
304 3174 411 3252 frigido
448 3184 537 3253 potu,
566 3176 712 3254 myrrhina
745 3181 880 3256 utroqud.
926 3179 956 3237 ia
988 3179 1094 3237 meinis

101 3275 215 3319 cauam
237 3278 276 3319 ae
308 3259 432 3320 deliciae
460 3258 574 3337 φίὼω
605 3260 698 3321 mbae
729 3263 899 3339 excogitare
929 3269 1095 3340 potuerunt.

102 3344 220 3402 occasio
236 3353 282 3405 est
295 3343 431 3404 waimis
445 3341 623 3402 Graecorum
636 3343 827 3422 detegendae.
858 3345 994 3422 legentes
1008 3343 1095 3405 modo
1104 3354 1138 3409 sl

101 3442 196 3505 aequo
207 3429 408 3506 perpetiantur
419 3427 524 3503 animo,
536 3443 599 3486 curn
608 3427 666 3487 boe
676 3445 793 3507 quoqne
804 3429 1007 3574 111011εὲ111ωο
1018 3429 1096 3490 scira
