2484 3817
152 154 192 217 60
496 165 526 214 o.
548 167 643 215 runnu
663 166 822 229 saeuum

112 374 115 379 .
151 321 220 382 alibi
233 328 320 400 atque
336 319 404 380 alibi
419 319 518 379 utilior
533 319 696 381 nobilitavit
706 318 771 380 loca
784 319 880 396 gloria
894 320 977 395 terri,
992 320 1079 381 sicuti
1091 320 1156 381 Bil-

152 406 232 465 bilim
248 407 278 463 in
291 403 429 482 Hispania
442 412 472 462 et
489 401 709 478 Turiassonem,
725 401 844 462 Comum
856 404 888 461 in
901 402 994 478 ltalia,
1009 421 1076 464 cum
1090 406 1157 466 ier·

110 499 161 554 145
173 490 249 548 raria
264 487 380 547 metalla
396 489 427 547 in
442 488 478 546 iis
493 486 566 546 locis
579 505 637 546 non
652 488 717 545 sint.
739 486 786 546 Ex
799 487 929 546 omnibns
945 495 1041 547 autem
1054 506 1155 565 gene·

151 571 232 631 ribus
248 571 341 649 palma
360 570 467 641 Serico
483 571 563 631 ierro
585 578 639 630 est.
679 569 768 629 Seres
790 569 924 629 boccum
938 570 1071 631 vestibus
1086 574 1154 633 suis

151 654 337 732 pellibusque
356 655 480 714 mittunt.
520 652 647 713 secunda
667 651 819 729 Parthico,
846 671 942 730 neque
961 652 1017 712 alia
1036 672 1177 731 generas

116 784 119 793 .
150 738 222 797 icrri
236 755 274 797 ex
287 739 441 799 mera-acie
454 745 666 815 temperantur,
682 737 789 796 ceteris
801 738 876 796 enim
888 736 1062 797 admiscetur
1076 738 1156 798 mol-

151 820 209 880 lior
231 822 402 898 conplexus.
439 822 469 879 in
490 828 591 878 nostro
614 820 688 879 orbe
706 820 793 881 aliubi
808 837 882 879 vena
898 820 1057 879 bonitatem
1070 807 1155 882 hanc

109 922 144 961 ru
154 912 285 983 praestat
303 912 334 963 ut
356 906 386 963 in
402 902 535 977 Noricis,
555 902 643 961 aliubi
659 903 769 962 iactura
783 912 814 962 ut
831 902 966 962 Sulmone
976 946 986 979 ‚
1008 921 1083 981 aqua
1098 906 1154 965 ubi

109 999 160 1053 146
169 988 303 1063 diximus,
319 988 427 1064 quippe
443 1004 505 1044 cum
521 986 689 1045 exacuendo
707 986 834 1046 oleariae
851 995 934 1045 cotes
950 990 1152 1065 aquariaeque

154 1072 289 1131 differant
304 1078 333 1129 et
349 1069 416 1127 oleo
433 1068 584 1127 delicatior
600 1069 649 1127 liat
664 1070 753 1128 acies.
782 1071 957 1146 mirumque,
976 1088 1040 1129 cum
1057 1089 1188 1131 exeo-ao

153 1161 255 1231 quatur
272 1169 356 1226 vena,
370 1168 462 1227 aquae
480 1149 565 1209 modo
582 1151 684 1228 liquari
702 1152 820 1229 ferrum,
835 1161 937 1230 postea
953 1154 982 1212 in
996 1170 1153 1231 spongeas

152 1236 255 1309 lrangi.
287 1234 420 1293 tenuiora
434 1235 609 1293 ferramenta
625 1233 694 1293 oleo
708 1238 851 1312 restingui
865 1254 928 1295 mos
943 1245 1000 1312 est,
1018 1255 1056 1296 ne
1073 1256 1153 1315 aqua

150 1320 180 1377 in
195 1315 382 1393 fragilitatem
397 1316 543 1377 durentur.
564 1316 591 1375 A
604 1318 685 1377 ferro
700 1321 815 1394 sanguis
830 1319 967 1379 humanus
982 1338 1015 1380 se
1031 1319 1152 1381 ulcisci·

150 1409 212 1475 tur,
229 1408 391 1459 contactum
407 1418 527 1478 namque
542 1419 578 1459 eo
595 1400 721 1459 celerius
735 1401 898 1478 robiginem
915 1402 1010 1462 trabit.

108 1494 159 1550 147
236 1483 316 1565 (42.)
329 1483 373 1543 De
389 1493 523 1561 magnete
536 1483 632 1562 lapide
645 1501 697 1544 suo
711 1484 777 1543 loco
793 1486 920 1545 dicemus
930 1486 1150 1564 concordiaque
1160 1510 1185 1549 re

109 1566 192 1651 ³24¹?
205 1585 287 1645 quarn
301 1585 365 1629 cum
383 1569 463 1628 ferro
478 1568 574 1627 habet.
605 1567 669 1627 sola
685 1569 757 1627 haec
768 1571 887 1629 materia
902 1571 981 1629 virus
997 1570 1033 1629 ab
1051 1588 1091 1629 eo
1106 1572 1150 1631 la·

151 1650 218 1728 pide
234 1653 338 1730 accipit
356 1653 522 1729 retinetque
539 1652 629 1729 longo
655 1659 803 1729 tempore,
826 1652 900 1712 aliud
921 1651 1150 1729 adprehendens

151 1735 275 1811 terrum,
297 1743 328 1793 ut
350 1734 498 1794 anulorum
521 1743 623 1795 catena
646 1744 795 1814 spectetur
810 1736 971 1811 interdum,
989 1736 1068 1813 qnod
1083 1737 1151 1797 vol-

81 1879 83 1888 ,
151 1835 205 1894 gus
221 1819 375 1896 inperitum
391 1817 516 1897 adpellat
527 1820 636 1878 terrum
652 1822 766 1894 vivom,
782 1819 960 1896 volneraque
975 1818 1043 1877 talia
1058 1838 1150 1898 aspe-

110 1903 251 1964 148riora
268 1902 348 1960 fiunt.
385 1899 432 1960 hic
449 1901 523 1979 lapis
548 1910 577 1961 et
598 1902 628 1959 in
643 1899 797 1961 Cantabria
811 1904 953 1978 nascitur,
974 1920 1033 1962 non
1047 1912 1081 1962 ut
1095 1905 1185 1965 illeao

153 2002 272 2061 magnes
285 2002 373 2043 verus
390 1993 472 2045 cante
490 1988 643 2059 continua,
666 1985 719 2044 sed
737 2002 837 2062 sparsa
859 1984 1018 2059 bullatione
1037 2020 1083 2031 -—
1107 1989 1151 2048 ita

151 2067 297 2145 appellant
309 2104 349 2113 -
356 2110 366 2143 ,
378 2071 478 2128 nescio
492 2088 526 2128 an
538 2070 614 2126 vitro
628 2068 772 2128 fundendo
786 2067 905 2146 perinde
917 2067 1007 2144 utilis,
1018 2070 1149 2130 nondum

151 2152 226 2209 enim
242 2157 381 2227 expertus
399 2160 445 2211 est
460 2154 624 2230 quisquam,
642 2152 749 2222 ferrum
764 2154 863 2229 ntique
880 2151 969 2209 inlicit
987 2152 1092 2211 eadem
1108 2156 1148 2213 vi.

149 2232 285 2308 blagnete
297 2232 393 2310 lapide
408 2236 582 2295 architectus
593 2232 779 2295 Timochares
791 2234 984 2295 Alexandriae
996 2232 1149 2297 Arsinoes

151 2314 287 2393 templum
307 2333 507 2377 concamarare
530 2318 734 2394 inchoaverat,
756 2326 787 2377 ut
810 2320 839 2376 in
861 2336 897 2377 eo
921 2316 1108 2379 simulacrum
1130 2337 1184 2381 eac

144 2398 230 2457 ,ferro
246 2398 462 2474 pendereaere
475 2401 633 2460 videretur.
655 2402 823 2461 intercessit
833 2402 923 2477 ipsius
937 2417 1016 2459 mors
1032 2409 1064 2460 et
1076 2401 1151 2463 Pto·

150 2480 253 2541 lemaei
269 2483 349 2557 regis
365 2484 413 2558 qui
430 2483 459 2542 id
477 2486 572 2543 sorori
591 2502 661 2543 suae
676 2487 801 2544 iusserat
817 2484 888 2543 beri.

108 2575 159 2630 149
236 2565 281 2624 15.
306 2564 387 2643 (43.)
414 2565 595 2626 bletallornm
623 2570 745 2627 omnium
770 2585 844 2626 vena
874 2567 945 2625 ferri
976 2565 1150 2643 largissima

152 2656 205 2709 est.
241 2645 412 2709 Cantabriae
427 2651 584 2709 maritimae
600 2660 684 2729 parte
704 2668 758 2727 qua
780 2667 906 2709 oceanus
927 2648 1034 2725 adluit,
1057 2669 1149 2716 mons
1228 2663 1229 2670 ’

150 2730 315 2809 praealtus,
336 2733 507 2793 incredibile
530 2733 623 2810 dictu,
647 2742 726 2792 totus
741 2751 829 2792 exea
847 2734 966 2792 materia
980 2740 1045 2807 est,
1065 2743 1100 2794 ut
1115 2739 1184 2797 inan

150 2814 258 2873 ambitu
273 2817 374 2875 oceani
390 2816 520 2877 diximus.
550 2816 670 2876 Ferrum
686 2833 837 2875 accensum
851 2817 930 2893 igni,
950 2816 1005 2873 nisi
1019 2815 1149 2879 duretur

149 2897 273 2975 ictibus,
294 2902 493 2978 corrumpitur.
531 2900 639 2959 rubens
661 2907 781 2957 nonest
798 2899 893 2958 babile
910 2898 1076 2975 tundendo,
1093 2921 1148 2963 nc·

150 2996 208 3057 que
223 2982 373 3057 antequam
387 2983 538 3042 albescere
554 2981 660 3058 incipit.
689 2989 773 3040 aceto
788 2981 971 3041 aut‘alumine
986 2980 1104 3043 inlitum
1115 2986 1149 3045 lit

149 3066 227 3123 aeris
249 3064 350 3123 simile.
386 3064 412 3123 A
433 3066 568 3142 robigine
590 3062 748 3124 uindicatur
763 3081 882 3125 cerussa
902 3073 933 3124 ct
946 3081 1043 3141 gypso
1058 3075 1095 3127 ct
1112 3068 1148 3127 li·

109 3156 161 3211 150
173 3145 258 3223 quida
272 3147 348 3222 pice.
370 3147 442 3207 haec
457 3157 502 3207 est
516 3150 595 3209 ierro
608 3164 625 3205 a
636 3145 754 3208 Graecis
766 3147 922 3225 antipathia
932 3146 1018 3208 dicta.
1040 3147 1181 3211 [eruntne

151 3227 264 3306 quidam
284 3236 314 3287 et
335 3231 480 3307 religione
497 3230 662 3308 quadamid
679 3231 742 3291 lieri
768 3239 799 3289 et
819 3238 936 3291 exstare
951 3228 1081 3291 ferream
1097 3252 1146 3295 oa·

152 3320 247 3372 tanam
261 3310 335 3388 apud
349 3310 516 3389 Euphraten
531 3331 641 3373 amnem
655 3314 685 3372 in
698 3315 771 3373 urbe
786 3329 860 3389 quae
872 3311 999 3389 Zeugma
1009 3316 1147 3391 appella-

152 3401 215 3470 tur,
238 3411 292 3471 qua
306 3393 473 3455 Alexander
487 3394 605 3472 Magnus
628 3397 669 3455 ibi
685 3397 810 3456 iunxerit
825 3404 958 3472 pontem,
972 3396 1056 3455 cuius
1073 3417 1147 3459 anu-
