2484 3817
312 171 393 222 mar.
412 168 500 217 mrsu.
516 122 651 215 xxxuu.
669 165 697 221 r.
712 166 739 220 a.
754 156 814 232 (18.
833 154 888 234 19.)
1054 152 1093 215 43

108 323 171 397 luit,
185 325 249 400 ipsa
260 323 428 400 discipulum
439 323 537 383 habuit
548 319 712 381 Zeuxiadeu
722 354 775 396 -,
791 318 892 380 cxxi.
906 318 1094 396 Eutychides,

102 404 314 483 Euthycrates,
333 404 476 484 Laippus,
504 402 736 482 Cephisodotus,
756 402 940 478 Timarchus,
960 403 1094 479 Pyroma-

109 488 188 548 chus.
220 486 352 549 cessavit
370 488 473 551 deinde
492 507 557 563 ars,
579 504 612 546 ac
635 504 735 546 rursus
751 484 913 564 olympiade
933 483 1028 547 cuvl.
1045 498 1135 551 rent

108 574 191 647 vixit,
199 590 262 631 curn
273 574 356 633 luere
367 572 454 650 longe
467 571 581 649 quidem
591 570 665 631 inlra
676 569 852 647 praedictos,
861 568 977 646 prohati
988 578 1092 646 tamen,

86 654 248 730 sAntaeus,
257 653 449 729 Callistratus,
457 653 603 730 Polycles,
615 651 795 727 Athenaeus,
805 650 982 728 callixenus,
988 652 1094 727 Pytho·

107 738 178 796 cles.
200 737 243 798 Ita
260 739 401 798 distinctis
419 737 675 797 celeberrimorum
687 734 830 795 aetatibus
848 735 970 810 insignis
985 738 1088 812 raptim
1099 746 1134 800 53

108 817 598 899 transcurramreliquamultitudine
609 819 716 897 passim
728 817 869 895 dispersa.
881 836 990 877 venere
998 827 1093 876 autem

107 906 135 963 in
148 900 293 963 certamen
304 904 500 981 laudatissimi,
513 918 680 980 quamquam
695 901 818 961 dirersis
831 900 974 960 aetatibus
989 902 1092 976 geniti,

107 990 240 1065 quoniam
251 983 560 1059 leceruntdmaronas‚
572 1002 646 1062 quae
656 1001 720 1043 cnm
730 985 760 1044 in
770 984 878 1061 templo
884 983 992 1043 Dianae
998 982 1094 1061 Ephe-

73 1070 168 1128 rosiae
180 1070 354 1145 dicarentur,
366 1068 471 1147 placuit
486 1069 556 1145 eligi
568 1067 798 1147 probatissimam
811 1068 941 1145 ipsorum
954 1066 1093 1127 artificum

107 1154 154 1227 qui
171 1160 343 1229 praesentes
360 1161 441 1211 erant
461 1152 586 1226 indicio,
609 1168 672 1210 enm
691 1151 822 1227 adparuit
838 1168 901 1209 eam
921 1168 989 1209 esse
1009 1167 1092 1226 quam

107 1251 205 1294 omnes
217 1235 369 1295 secundam
380 1254 395 1293 a
410 1253 460 1294 sna
471 1238 592 1313 quisque
604 1233 790 1298 iudicassent.
803 1232 876 1293 haec
887 1242 933 1291 est
945 1232 1091 1309 Polycliti,

106 1334 244 1394 proxuma
255 1318 291 1377 ah
303 1336 338 1400 ea
349 1318 477 1394 Phidiae,
485 1320 571 1379 tertia
582 1314 725 1392 Cresilae,
738 1325 837 1394 quarta
849 1314 988 1391 Cydonis,
995 1318 1093 1393 quinta

106 1400 300 1465 Phradmonis.
346 1402 388 1480 [l]
415 1400 529 1461 Phidias
556 1409 676 1478 praeter
702 1400 802 1459 lovem
822 1398 981 1476 Olympium
1007 1409 1134 1476 quem54

71 1502 189 1548 rsuemo
216 1484 373 1545 aemulatur
395 1485 466 1544 iecit
487 1504 525 1545 ex
550 1483 643 1544 ebore
664 1500 758 1559 aeque
778 1480 936 1540 Minervam
956 1481 1091 1559 Athenis,

107 1586 179 1645 quae
200 1576 246 1627 est
268 1570 297 1627 in
312 1567 495 1627 Parthenone
515 1576 605 1627 stans.
644 1584 682 1626 ex
699 1582 768 1624 aere
786 1581 858 1623 vero
876 1572 993 1640 praeter
1008 1563 1092 1623 Ama·

106 1668 208 1711 nonem
223 1668 309 1728 snpra
324 1651 425 1709 dictam
438 1650 596 1709 Minervam
619 1657 675 1707 tam
690 1648 812 1707 eximiae
828 1646 1046 1724 pulchritudinis
1061 1657 1092 1707 ut

105 1720 215 1809 formae
230 1750 393 1809 cognomen
406 1733 563 1809 acceperit.
596 1731 668 1791 lecit
684 1739 714 1789 et
729 1729 885 1789 cliduchum
901 1738 932 1790 et
945 1730 1026 1789 aliam
1040 1729 1091 1789 Mt-

107 1834 223 1875 nervam
245 1832 327 1891 quarn
346 1813 456 1874 Romae
477 1812 581 1872 Paulus
602 1812 742 1873 Aemilius
768 1812 803 1872 ad
826 1813 927 1873 aedem
946 1812 1092 1873 Fortunae

72 1918 98 1958 ao
107 1898 225 1957 huiusce
247 1897 305 1956 diei
325 1896 446 1973 dicavit,
467 1898 535 1956 item
553 1894 609 1956 duo
627 1898 709 1973 signa
724 1914 798 1974 quae
814 1893 931 1956 Catulus
947 1900 976 1956 in
992 1896 1092 1957 eadem

107 1981 180 2040 aede
199 1980 314 2058 palliata
331 1989 361 2039 et
372 1980 492 2040 alterum
505 1979 673 2040 colossicon
687 1980 806 2056 undum,
821 1982 987 2058 primusque
1001 1989 1093 2040 artem

107 2050 271 2124 toreuticen
291 2066 441 2141 aperuisse
464 2072 551 2141 atque
572 2063 787 2129 demonstrasse
812 2066 915 2141 merito
940 2064 1089 2124 iudicatur.

53 2157 58 2162 ·
107 2146 149 2226 {2}
162 2147 318 2223 Polyclitus
331 2147 483 2237 Sicyonius
490 2144 655 2224 Hageladae
667 2146 823 2224 discipulus
834 2146 1029 2212 diadumenum
1040 2148 1084 2207 le·
1098 2161 1131 2213 55

106 2233 145 2291 cit
166 2231 293 2292 molliter
315 2234 447 2290 iuvenem
466 2238 580 2289 centurn
599 2229 716 2290 talentis
739 2230 934 2307 nobilitatum,
960 2232 1035 2291 idem
1061 2239 1090 2291 et

72 2335 97 2376 2⁵
107 2315 299 2391 doryphorum
314 2315 438 2374 viriliter
453 2331 583 2392 puerum.
612 2313 684 2374 iecit
697 2322 729 2373 et
743 2331 827 2391 quem
841 2332 950 2374 canona
964 2315 1089 2375 artifices

107 2407 210 2456 vocant
224 2399 386 2458 liniamenta
401 2400 471 2457 artis
487 2414 525 2457 ex
541 2414 578 2456 eo
592 2404 727 2474 petentes
741 2396 831 2456 veluti
845 2416 862 2457 a
877 2398 944 2474 lege
959 2397 1088 2475 quadarn,

107 2480 244 2556 solusque
259 2481 401 2541 homiuum
416 2489 508 2541 artem
518 2481 609 2558 ipsam
624 2481 733 2540 iecisse
747 2481 817 2540 artis
834 2498 925 2558 opere
940 2480 1087 2542 iudicatur.

106 2564 175 2623 lecit
187 2571 216 2621 et
232 2563 458 2641 destringentem
469 2583 502 2624 se
518 2571 548 2623 et
562 2563 665 2623 nudum
679 2563 738 2624 talo
752 2566 945 2624 incessentem
959 2564 1088 2642 duosque

107 2663 214 2724 pueros
230 2648 298 2705 item
313 2646 403 2705 nudos
416 2648 480 2707 talis
498 2646 624 2707 ludentis
638 2648 687 2725 qui
699 2656 837 2706 vocantur
851 2646 1088 2723 astragalizontes

73 2746 98 2789 ao
108 2738 139 2788 et
154 2737 218 2787 sunt
233 2730 262 2788 in
276 2728 333 2787 Titi
350 2732 530 2807 imperatoris
546 2732 620 2790 atrio
639 2764 675 2774 -
690 2729 747 2790 hoc
769 2747 862 2808 opere
882 2730 988 2789 nullum
1005 2731 1089 2790 ahso-

108 2812 193 2872 lutius
213 2812 346 2890 plerique
367 2813 489 2873 iudicant
509 2848 567 2887 -,
586 2815 656 2873 item
672 2812 845 2875 Mercurium
866 2815 914 2890 qui
934 2813 988 2872 luit
1005 2814 1129 2890 Lysi-56

107 2894 258 2971 macheae,
286 2892 439 2955 Herculem
463 2898 511 2973 qui
534 2895 652 2964 Romae,
665 2895 804 2973 hagetera
822 2914 900 2955 arma
919 2905 1088 2974 sumentem,
1114 2947 1117 2955 .

108 2980 264 3039 Artemona
280 2980 328 3056 qui
343 2978 547 3057 periphoretos
563 2978 724 3060 appellatus
740 2986 793 3038 est.
816 2978 862 3038 hic
877 2997 1109 3064 consummasse,

108 3062 178 3121 hanc
189 3064 339 3123 scientiam
355 3060 493 3129 iudicatur
509 3070 540 3121 et
551 3064 714 3123 toreuticen
727 3063 771 3121 sic
785 3062 915 3123 erudisse
931 3071 962 3122 nt
974 3062 1088 3123 Phidias
1154 3094 1158 3101 ’

72 3168 98 3210 es
108 3148 268 3221 aperuisse.
298 3147 446 3224 proprium
461 3146 523 3204 eius
539 3153 655 3229 estfuno
670 3162 755 3204 crure
772 3152 804 3205 ut
819 3146 988 3207 insisterent
1007 3148 1089 3223 sigua

108 3222 309 3305 excogitasse,
328 3228 463 3307 quadrata
478 3236 572 3287 tamen
588 3246 657 3288 esse
672 3246 707 3305 ea
726 3228 767 3287 ait
784 3228 879 3288 Varro
902 3238 932 3289 et
947 3248 1039 3308 paene
1053 3229 1088 3289 ad

107 3312 277 3390 exemplum.
321 3312 363 3391 [31
394 3311 544 3388 Myronem
564 3310 731 3371 Eleutheris
754 3320 849 3372 natum
870 3311 1034 3388 llageladae
1056 3321 1130 3379 etsi
1180 3340 1183 3346 ·

105 3396 198 3476 ipsum
219 3395 387 3473 discipulum
404 3394 507 3455 bucula
523 3411 653 3455 maxume
672 3394 835 3456 nobilitavit
854 3396 1008 3457 celebratis
1023 3414 1089 3457 rer-
