2484 3817
230 146 312 237 unu.
328 189 419 280 mss,
435 191 517 238 xxv.
534 191 576 244 ιι.
594 180 849 257 (noe.)-xxv1.
866 195 889 246 1.
906 193 957 258 m.)
1047 187 1089 250 99

108 344 167 404 Oris
177 343 277 404 ulnera
286 345 360 402 imus
370 359 458 403 suono
471 343 643 424 plantaginis
655 347 786 407 emendat
796 358 826 407 et
836 349 905 410 ioiia
915 351 1089 431 radicesque

108 426 352 500 conmanducatae,
369 426 417 484 nei
433 429 456 486 si
471 428 673 488 rheumatismo
689 429 803 489 laboret
817 447 862 508 os,
878 434 977 494 uieera
994 436 1087 496 iaeto-

106 527 216 588 remque
232 507 465 586 quinquefolium,
482 511 581 570 uioera
599 511 744 589 psyiiium.

157 593 259 670 (110.)
283 591 440 669 Conposita
456 586 689 672 qnoquo⁸weomra
710 595 854 672 iaetores,
873 599 922 658 vei
936 617 1067 662 maxume
1078 614 1130 668 175

83 675 260 755 spudendnm
274 675 381 748 vitium,
398 675 550 734 trademus.
579 692 650 754 ergo
666 677 737 737 ioiia
752 680 837 752 myrti
850 689 881 738 et
894 681 1008 742 ientisoi
1025 686 1089 763 pari

104 761 248 838 pondere,
262 755 359 834 gallae
374 759 511 830 Syriaeue
528 759 670 819 dimidium
695 760 810 838 pondus
833 763 916 822 simui
941 775 1038 826 terere
1059 777 1089 827 et

103 845 164 901 vino
179 849 294 900 vetusto
308 857 408 918 sparsa
424 841 558 902 mandere
574 845 709 902 matutino
731 860 769 902 ex
785 863 838 903 usu
853 855 914 921 ast,
937 849 983 907 vel
1000 849 1088 909 ieie

103 943 148 984 rae
163 925 252 984 bacas
269 940 332 984 enm
353 925 430 984 oasin
446 933 475 984 et
490 943 583 984 murra
596 929 659 1004 pari
671 926 801 1002 pondere
813 945 851 986 ex
864 931 942 988 vino.
963 931 1088 990 Naribus

102 1009 273 1066 utilissimum
290 1015 334 1065 est
349 1006 478 1066 draconti
494 1023 592 1067 semen
616 1009 765 1068 contritum
785 1028 822 1069 ex
845 1011 947 1087 meiie,
977 1016 1088 1073 etiamsi

73 1113 94 1154 no
102 1094 286 1150 carcinomata
305 1091 332 1148 in
347 1089 391 1148 inis
414 1092 496 1156 sint,
510 1091 664 1167 suggillata
688 1091 802 1170 hysopo
821 1096 1021 1172 emendantur,
1040 1098 1089 1156 sti·

101 1183 188 1251 gmata
204 1175 233 1232 in
249 1173 323 1233 iaoie
338 1173 541 1250 mandragoras
556 1175 682 1233 inlinitns
698 1174 785 1234 delet.

517 1473 705 1483 -—-—-...-.

382 1717 587 1804 (LPMNI
613 1719 849 1803 nonnoni

209 1887 590 1980 intonanti
629 1886 1012 1981 -iiisnoitinn

440 2066 781 2130 nnnnnxxvr.

538 2229 689 2240 ¹-—

60 2349 85 2388 ιι
155 2331 230 2410 Cap.
247 2334 273 2390 1.
296 2333 390 2409 (Seni.
405 2332 449 2407 1.)
472 2332 568 2391 Sensit
578 2331 670 2390 iaoies
684 2330 826 2390 hominum
841 2347 934 2391 noros
947 2332 1110 2407 omuiquol

93 2433 165 2476 aero
183 2416 284 2492 priore
306 2415 468 2490 incognitos
488 2432 545 2472 non
567 2413 668 2474 ltaliae
687 2414 773 2472 modo
797 2415 1000 2472 verumetiam
1024 2414 1084 2470 nui·

91 2516 198 2558 omae
213 2515 309 2577 prope
325 2497 461 2576 Europae
475 2496 607 2571 morbos,
630 2507 697 2555 tuno
712 2513 827 2574 quoque
843 2513 901 2555 uon
924 2505 982 2554 tota
1004 2493 1085 2552 Itaiia

89 2599 146 2641 neo
162 2599 218 2660 per
232 2580 379 2654 illyricum
391 2579 534 2640 Galliasue
547 2590 594 2640 aut
607 2579 763 2657 Hispanias
775 2597 880 2656 magno
896 2596 987 2657 opere
997 2592 1084 2651 vaga·

89 2674 147 2742 tos,
166 2663 296 2724 autaiibi
309 2682 391 2742 qnam
406 2665 515 2723 Romae
532 2665 678 2741 uirosque,
695 2664 757 2721 sine
774 2663 877 2722 dolore
889 2662 1002 2739 quidem
1016 2659 1085 2716 iiios
1164 2729 1167 2733 .

55 2762 123 2807 noae
148 2750 216 2806 sino
237 2747 366 2824 peruieie
380 2749 470 2822 vitae,
498 2747 549 2805 sed
571 2755 649 2806 tanta
670 2744 809 2804 foeditate
832 2754 863 2803 ut
887 2756 1084 2820 quaecumque

85 2848 168 2890 mors
182 2830 378 2908 praeferenda
394 2839 480 2889 esset.

152 2913 219 2991 (2.)
242 2913 444 2972 Gravissimum
470 2931 507 2971 ox
530 2912 574 2971 his
596 2911 726 2970 lichenas
754 2910 944 2990 appellavere
967 2904 1109 2967 Graecos

86 3001 223 3072 nomine,
238 2997 354 3069 Latine,
371 2997 502 3074 qnoniam
517 3013 533 3054 a
548 3002 645 3054 mento
657 2995 719 3053 iere
733 2995 893 3066 oriebatur,
908 3023 949 3034 -
961 2986 1083 3048 insulari
1132 3007 1135 3011 ²

85 3081 214 3158 primum
231 3080 369 3152 lascivia,
389 3087 419 3138 ut
440 3087 484 3138 est
504 3095 614 3155 procax
634 3078 785 3136 multorum
810 3082 908 3132 natura
929 3074 959 3130 in
981 3071 1084 3130 aiieuis

51 3165 228 3239 omiseriis,
242 3179 313 3222 mox
327 3179 366 3220 ex
374 3169 511 3240 usurpato
527 3159 681 3233 vooabuio,
692 3191 734 3202 -
744 3166 926 3232 mentagram,
938 3170 1083 3233 oooupan·

84 3253 148 3304 iem
163 3247 261 3306 multis
276 3255 306 3306 et
321 3246 395 3304 intus
410 3253 486 3304 totos
504 3244 601 3319 utiquo
615 3241 726 3315 voltus,
742 3239 834 3299 oeulis
846 3245 951 3296 tantum
965 3237 1081 3295 inmuni·

85 3327 157 3404 bus,
170 3330 398 3390 descendentem
409 3345 480 3387 vero
492 3335 522 3386 et
532 3327 560 3383 iu
571 3325 648 3386 oolla
661 3331 820 3401 pectusque
829 3338 864 3380 ae
872 3337 981 3394 manus,
993 3315 1081 3377 ioeiu

85 3413 179 3489 eutis,
194 3413 314 3473 iuniore.
879 3483 921 3542 7*
