2484 3817
158 211 218 274 1⁰0
471 217 501 268 c.
522 219 619 266 eursu
640 214 789 265 saeuum

128 387 147 441 ι
218 373 282 452 (3.)
304 373 370 434 Nou
384 373 479 433 iuerat
495 359 568 432 baec
588 369 748 448 iussapui
765 371 892 430 susiorcs
912 377 1069 447 patresque
1092 383 1142 427 no·

155 466 247 532 utros,
270 466 299 517 ct
322 460 441 536 primum
462 455 560 516 Tiberi
583 453 685 516 Claudi
705 451 841 514 Caesaris
861 453 1023 530 principatu
1048 450 1142 510 melio

154 541 275 618 inrepsit
295 542 324 599 in
342 539 594 616 ltaliam-quodum
619 537 758 598 Perusino
785 536 883 613 equite
904 536 1036 596 Romano
1057 551 1142 612 quse·

154 625 244 684 storio
277 622 389 700 scriba,
415 640 479 682 cum
501 624 529 681 iu
550 621 621 682 Asia
644 621 839 697 sdpsruissct,
861 617 927 679 iude
942 619 1142 694 contagionem

154 708 216 768 ιιιιι
233 707 405 785 inportaute.
437 722 492 766 nec
509 705 673 766 sensereid
690 703 794 764 malum
815 704 937 764 feminae
958 709 1006 761 ant
1026 702 1169 760 seruitiaa

155 789 315 870 plebesque
332 789 446 850 humilis
470 796 516 848 aut
536 787 646 863 media,
671 786 723 847 scd
746 804 887 866 proceres
909 785 1006 844 veloci
1025 785 1144 844 transitu

54 890 57 896 ·
155 873 248 934 osculi
270 891 419 948 maxume,
445 872 578 932 foediore
598 870 750 931 multorum
770 872 818 949 qui
838 870 952 948 perpeti
976 867 1144 928 medicinam

154 957 351 1018 toleraverant
365 958 501 1016 cicatrice
515 972 599 1032 quam
612 953 725 1014 morbo.
769 954 904 1014 causticis
924 969 1044 1028 namque
1063 969 1143 1010 cura·

155 1039 248 1116 batur,
265 1042 292 1099 ni
304 1056 396 1118 usque
412 1041 439 1098 in
457 1056 524 1098 osso
542 1055 650 1116 corpus
660 1046 792 1097 exustum
807 1044 895 1112 esset,
910 1034 1070 1095 rebellante
1084 1043 1143 1094 tae·

128 1123 213 1186 edio.
232 1123 465 1200 adveneruntque
480 1140 517 1180 ex
530 1121 667 1200 Aegypto
679 1120 829 1198 genetrice
842 1119 939 1180 talium
947 1120 1079 1178 vitiorum
1086 1135 1144 1177 me·
1154 1133 1180 1173 ro

155 1207 213 1266 uici
229 1206 303 1265 hauc
318 1205 411 1265 solam
427 1222 544 1283 opernm
556 1204 721 1265 adferentes
735 1220 838 1280 magna
849 1220 900 1264 sua
913 1202 1036 1280 praeda,
1057 1202 1143 1279 siqui·

156 1290 221 1349 dem
247 1297 356 1347 certum
378 1297 421 1346 est
448 1287 593 1348 Manilium
615 1286 770 1347 Cornutum
798 1305 815 1345 e
842 1286 996 1365 praetoriis
1019 1284 1145 1361 legatum

156 1371 347 1448 Aquitanicae
362 1370 530 1449 provinciae
544 1371 600 1431 llS.
620 1369 669 1430 GC
684 1371 819 1430 elocasse
833 1370 862 1428 iu
873 1386 910 1429 so
925 1367 1027 1427 morbo
1045 1385 1144 1427 curau-

155 1455 219 1515 tlum
236 1472 321 1530 sese,
344 1452 506 1532 acciditque
521 1456 638 1532 saepius
659 1463 689 1514 ut
700 1471 776 1513 nora
792 1462 892 1512 contra
907 1469 1016 1529 genera
1030 1450 1144 1511 morbo·
1237 1495 1239 1521 ,

154 1555 216 1597 rum
230 1539 372 1613 gregatim
388 1540 569 1597 sentirentur.
615 1555 671 1615 quo
692 1536 849 1596 mirabilius
863 1537 931 1614 quid
947 1543 1044 1615 potest
1057 1551 1142 1612 repe·
1156 1548 1181 1588 ιι

154 1621 215 1697 riri,
231 1620 326 1698 aliqua
341 1622 421 1698 gigni
437 1631 558 1700 repente
575 1623 643 1681 vitia
657 1629 797 1680 terrarum
817 1622 846 1678 iu
865 1629 948 1698 parte
964 1627 1043 1678 certa
1058 1636 1144 1676 mem-

155 1703 273 1781 brisque
291 1703 434 1765 bominum
449 1707 536 1764 certis
552 1705 600 1764 vel
616 1703 756 1764 aetatibus
769 1712 817 1763 aut
830 1705 915 1764 ctiam
929 1703 1058 1777 iortuuis,
1074 1710 1143 1760 tam·

156 1804 239 1866 quum
254 1788 330 1847 malo
347 1789 488 1866 eligente,
513 1789 586 1848 haec
607 1790 635 1846 iu
649 1788 746 1866 pueris
760 1791 904 1864 grassari,
922 1785 972 1845 illa
985 1787 1013 1845 iu
1029 1784 1143 1860 adultis,

155 1870 228 1932 boec
244 1889 384 1948 proceres
400 1873 517 1947 sentire,
533 1872 581 1932 illa
597 1869 761 1950 pauperes?

125 1966 143 2017 5
218 1954 280 2031 (4.)
299 1955 427 2014 L.Paulo
441 1953 594 2026 Q.lilarcio
606 1954 775 2014 censoribus
786 1955 907 2032 primum
918 1954 945 2012 iu
957 1951 1066 2011 ltaliam
1079 1967 1142 2010 car·
1152 1962 1180 2002 2⁰

155 2036 307 2097 bunculum
315 2040 430 2096 venisse
438 2036 587 2096 annalibus
595 2045 720 2096 notatum
728 2035 1143 2116 est,peculiareNarboueusis

156 2121 323 2198 provinciae
343 2119 462 2195 malum,
484 2136 541 2196 quo
563 2118 620 2177 duo
642 2120 812 2178 consulares
833 2119 933 2179 obiere
954 2118 1144 2178 condentibus

154 2202 227 2262 baec
241 2199 325 2259 uobis
341 2200 443 2260 eodem
457 2217 547 2276 auno,
569 2201 657 2260 lulius
671 2202 762 2262 Rufus
778 2211 807 2259 et
821 2202 856 2275 Q.
871 2202 1011 2261 bocanius
1024 2201 1143 2275 Bassus,

153 2283 205 2342 ille
217 2282 392 2342 medicorum
404 2284 553 2344 inscientia
569 2293 677 2358 sectus,
694 2284 742 2343 hic
759 2301 831 2343 vero
848 2284 947 2362 pollici
970 2285 1072 2344 laevae
1085 2301 1143 2343 ma·

154 2382 207 2424 uus
227 2364 329 2425 evolso
344 2383 398 2425 acu
413 2367 449 2426 ab
469 2369 627 2446 semetipso
641 2376 698 2428 tam
714 2385 806 2446 parvo
822 2375 853 2426 ut
868 2368 917 2426 rix
936 2370 1014 2428 cerni
1030 2375 1142 2445 posset.
1152 2381 1182 2420 ιι

48 2481 56 2500 ι
126 2450 283 2511 enascitur
307 2450 335 2508 iu
363 2449 566 2510 occultissimis
591 2468 746 2531 corporum
768 2450 894 2530 partibus
922 2459 952 2510 et
972 2452 1145 2529 plerumque

154 2532 319 2609 sublingua
340 2532 440 2592 duritia
462 2533 567 2594 rubeus
589 2537 650 2594 vari
670 2534 772 2611 modo,
800 2535 852 2595 sed
871 2535 965 2614 capite
986 2535 1143 2610 nigricans,

155 2615 227 2676 alius
242 2615 338 2691 livida,
357 2617 385 2674 in
400 2633 506 2695 corpus
521 2617 673 2676 intendens
689 2635 784 2695 neque
794 2621 996 2692 intumescens,
1013 2619 1075 2676 siue
1091 2616 1144 2676 do·

154 2698 228 2772 lure,
245 2701 306 2757 siue
323 2700 441 2777 pruritu,
457 2701 518 2759 siue
532 2699 589 2758 alio
607 2715 691 2776 quam
702 2704 794 2760 somni
805 2701 921 2776 iudicio,
936 2718 993 2778 quo
1004 2709 1146 2777 gravatos

154 2781 183 2838 iu
196 2782 290 2842 triduo
305 2781 407 2856 aufert,
420 2782 571 2859 aliquando
586 2790 615 2840 et
630 2780 780 2842 horrorem
791 2783 924 2843 adicrcus
940 2786 1075 2861 circoque
1090 2802 1143 2862 pn·
1154 2803 1184 2844 so

156 2864 233 2923 sulas
249 2881 364 2944 parvas,
381 2865 473 2923 rarius
490 2864 612 2941 iebrem,
633 2866 809 2927 stomachum
821 2867 970 2944 iaucisque
985 2884 1046 2926 cum
1061 2868 1144 2926 iura·

155 2947 202 3023 sit,
219 2949 354 3006 ocissime
370 2948 544 3007 exanimans.

129 3037 146 3092 'l
221 3030 283 3108 (5.)
304 3029 433 3089 Diximus
447 3029 665 3108 elephantiasim
685 3039 751 3089 unte
765 3031 884 3110 Pompei
900 3032 996 3109 blagui
1017 3041 1145 3092 aetatem

112 3108 143 3150 ¹⁰·
156 3109 190 3147 ¹⁴⁴
210 3129 266 3171 non
283 3114 424 3173 accidisse
440 3112 579 3189 initalia,
598 3124 628 3173 et
641 3116 733 3190 ipsam
752 3114 858 3174 aiacis
873 3109 989 3194 saepius
1002 3116 1144 3193 iucipien-

154 3203 223 3268 tcm,
238 3197 265 3254 in
279 3213 349 3256 nare
364 3199 453 3276 prima
469 3197 557 3256 veluti
577 3197 728 3272 lenticula,
750 3213 819 3256 mox
833 3199 1012 3258 increscente
1027 3216 1082 3277 per
1096 3208 1143 3258 to·
1152 3218 1184 3259 ss

157 3285 215 3336 tum
231 3295 336 3355 corpus
350 3279 496 3340 maculosa
510 3282 597 3340 variis
613 3280 760 3340 coloribus
774 3290 804 3340 et
819 3281 961 3358 inaequali
976 3289 1052 3358 cute,
1070 3281 1142 3342 alibi

157 3375 263 3436 cressa,
280 3360 348 3420 alibi
363 3365 455 3441 tenui,
478 3363 547 3424 dura
565 3362 633 3422 alibi
650 3381 704 3423 cen
718 3365 818 3425 scsbie
831 3381 951 3443 aspera,
972 3364 1008 3423 ati
1025 3375 1143 3442 postre-

156 3458 230 3502 mum
245 3461 314 3504 vero
330 3446 513 3523 nigrescente
530 3447 608 3506 etad
623 3447 996 3527 ossac'aruisadprimeute,
1018 3449 1142 3508 intusne·
