2484 3817
152 179 193 242 58
360 218 362 223 -
499 185 820 237 c.ru1u1sucoao1

152 354 269 407 ventum
284 352 339 405 est.
369 352 490 404 uruntur
506 344 601 405 omnia
615 360 659 403 ¹ea
673 342 763 404 crudo
778 338 860 401 fictili
872 341 903 401 iu
915 340 1084 401 fornacibus
1103 342 1157 404 do·

153 449 208 491 nec
223 428 341 507 figulina
358 435 583 505 percoquuntur.

112 525 163 580 ibt
236 512 317 592 (36.)
334 510 369 571 Ιιι
384 512 506 571 aerariis
519 510 644 571 officinis
656 518 687 570 et
699 526 828 585 smegma
843 508 876 568 lit
886 510 942 569 ianr
957 509 1068 588 liquato
1084 530 1156 573 aere

154 616 188 659 ac
209 605 351 677 percocto
374 595 478 655 additia
502 596 655 655 etiamnum
679 592 857 653 carbonibus
880 592 1087 673 paullatimque
1109 614 1156 657 ao·
1226 603 1227 612 ’

153 683 267 759 censis,
288 698 322 741 ac
343 687 468 758 repente
482 679 703 739 vehementiore
719 676 789 737 latu
806 678 960 755 exspuitur
977 681 1054 739 aeris
1070 680 1178 758 paleas

154 765 300 845 quaedam.
342 763 437 824 solum
452 780 509 841 quo
527 763 690 840 excipiatur
703 769 826 821 stratum
839 780 909 821 esse
928 761 1018 821 debet
1034 764 1156 824 marilla.

112 863 163 916 135
237 850 318 928 (37.)
336 846 384 908 Ab
403 864 439 907 ea
454 848 629 907 discernitur
643 861 727 924 quam
744 846 775 903 iu
789 844 882 905 isdem
896 845 1021 906 officinis
1039 846 1158 925 dipbrp·

64 952 70 967 *
153 952 222 1012 gem
243 941 349 992 vocant
364 928 468 991 Graeci
490 930 526 991 ab
548 947 585 989 eo
607 929 686 1007 quod
710 929 756 989 bis
778 937 941 1005 torreatur,
964 932 1047 989 cuius
1069 932 1157 1008 origo

154 1018 272 1096 triplex.
303 1016 367 1075 lieri
387 1016 463 1073 enirn
479 1013 600 1073 traditur
622 1032 661 1073 ex
687 1012 784 1090 lapide
806 1014 903 1091 pyrite
919 1023 1048 1074 cremato
1065 1016 1095 1074 iu
1111 1033 1158 1075 ca-

154 1103 238 1161 minis
255 1098 350 1159 donec
364 1104 544 1175 excoquatur
556 1097 585 1155 in
601 1096 753 1157 rubricam.
784 1096 816 1156 dt
833 1106 863 1157 ct
877 1099 907 1155 in
924 1093 1023 1174 cypro
1039 1117 1078 1159 ex
1092 1099 1156 1159 luto
1170 1121 1192 1160 m

158 1183 306 1245 cuiusdam
326 1197 434 1259 specus
456 1179 586 1239 arefacto
603 1183 702 1257 prius,
722 1198 792 1241 mox
805 1180 953 1258 paullatim
972 1182 1158 1243 circumdatis

156 1267 317 1327 sarmentis.
347 1264 443 1324 tertio
466 1263 498 1321 fit
520 1263 606 1323 modo
626 1266 655 1323 iu
672 1264 840 1324 fornacibus
861 1267 938 1325 aeris
959 1265 1043 1327 faece
1063 1268 1159 1329 subsi-

156 1351 252 1410 dente.
283 1348 448 1408 differentia
458 1356 505 1406 cst
521 1346 598 1425 quod
614 1366 665 1408 aes
681 1350 775 1425 ipsum
790 1349 820 1406 in
834 1351 946 1409 catinos
961 1349 1073 1428 defluit,
1091 1369 1159 1411 soo-

116 1444 167 1500 136
178 1436 221 1492 ria
236 1440 320 1492 extra
331 1433 469 1508 fornacis,
486 1430 540 1491 flos
556 1439 738 1509 supernatat,
753 1430 912 1509 diphryges
929 1444 1067 1494 remanet.
1096 1438 1159 1514 qui-

159 1518 223 1577 dam
248 1516 363 1576 tradunt
384 1518 413 1575 in
428 1516 596 1576 fornacibus
613 1514 723 1592 globos
739 1514 844 1593 lapidis
859 1519 908 1594 qui
924 1527 1065 1596 coquatur
1079 1520 1193 1581 feru-1⁵

157 1602 278 1677 minari,
300 1603 377 1660 circa
401 1599 476 1658 huuc
500 1617 550 1660 aes
570 1601 707 1677 fervere,
729 1600 824 1678 ipsum
840 1618 913 1661 vero
936 1620 994 1663 uon
1014 1606 1159 1681 percoqui

158 1687 213 1745 nisi
230 1684 364 1746 tralatum
385 1684 415 1742 iu
436 1682 508 1742 alias
522 1685 667 1760 fornacis,
691 1692 721 1744 et
740 1702 807 1744 esse
823 1684 929 1743 nodum
945 1687 1086 1763 quendam
1101 1705 1159 1745 ma-

158 1770 267 1847 teriae,
290 1768 319 1829 id
343 1766 420 1845 quod
444 1784 483 1826 ex
504 1775 590 1835 oooto
612 1770 741 1847 supersit
763 1767 904 1845 diphryga
925 1772 1033 1830 vocari.
1069 1769 1159 1830 Ratio

160 1856 223 1914 eius
241 1856 271 1913 in
285 1850 427 1911 medicina
449 1851 551 1910 similis
573 1851 750 1930 praedictis,
771 1854 884 1912 siccare
907 1861 937 1916 et
954 1856 1160 1914 excrescentia

114 1960 117 1968 ’
160 1954 333 1998 consumere
345 1952 379 1993 ao
392 1952 562 2012 repurgare.
592 1935 733 2012 probatur
750 1934 849 2013 lingua
859 1944 890 1995 ut
902 1954 966 1997 cem
976 1939 1069 1999 siccet
1080 1946 1160 1998 tactu
1170 1967 1194 2006 ιι

160 2022 256 2081 statim
272 2035 464 2097 saporemque
481 2020 559 2079 aeris
572 2017 684 2078 reddat.

118 2116 170 2173 137
246 2101 329 2181 (38.)
346 2099 439 2162 Unum
459 2104 611 2163 etiamnum
633 2103 711 2161 aeris
726 2102 893 2163 miraculum
908 2121 967 2163 uon
983 2107 1159 2165 omittemus.

162 2187 287 2249 Servilia
303 2185 411 2246 familia
420 2185 550 2245 inlustris
561 2188 591 2246 iu
601 2184 685 2245 fastis
698 2186 833 2246 trientem
844 2204 962 2247 aereum
972 2190 1066 2267 pascit
1075 2205 1160 2264 auro,

161 2278 305 2348 argento,
328 2279 545 2331 consumentem
570 2278 731 2348 utrumque.
767 2271 853 2347 origo
870 2279 957 2349 atque
979 2280 1078 2332 nutura
1094 2273 1161 2331 eius

163 2359 341 2432 incomperta
365 2353 432 2413 mibi
457 2362 513 2413 est.
548 2352 640 2412 verba
661 2355 724 2431 ipsa
745 2352 782 2412 de
802 2371 837 2412 ea
853 2373 885 2415 re
909 2352 1064 2416 Messalae.
1077 2356 1197 2419 seuisas

164 2456 281 2519 ponam:
311 2436 563 2497 Serviliorum
588 2436 731 2496 familia
758 2435 869 2497 habet
896 2440 1080 2498 trientem
1103 2456 1163 2499 sa-

165 2540 265 2583 crum
289 2524 345 2581 cui
368 2538 589 2580 summacurn
611 2537 698 2580 cura
717 2522 1085 2601 magnificentiaque
1101 2540 1164 2583 aa·

164 2625 224 2668 cra
253 2605 455 2683 quotannis
483 2604 647 2679 faciunt,
676 2621 781 2681 quem
806 2606 936 2665 ferunt
962 2606 1053 2667 alias
1079 2625 1164 2666 ore-

165 2690 267 2750 visse
289 2688 378 2749 alias
400 2686 630 2746 decrevisse
652 2686 776 2746 videri
795 2691 831 2747 et
850 2687 1163 2767 exeoauthouo'·

166 2790 240 2833 rem
264 2781 324 2832 aut
344 2771 637 2831 deminutionem
657 2769 825 2830 familiae
845 2773 1073 2848 significari.
1172 2797 1198 2836 so

124 2868 176 2925 138
250 2854 392 2934 14.(39.)
404 2852 548 2913 Proxume
566 2853 686 2912 iudicari
698 2851 808 2912 debent
817 2853 933 2915 metalla
944 2856 1027 2934 ferri,
1040 2866 1163 2936 optumo

168 2955 365 3019 pessumoque
382 2939 461 2998 vitae
475 2937 685 3012 instrumento,
706 2937 849 3013 siquidem
864 2938 921 2998 boc
934 2940 1071 3001 tellurem
1086 2944 1163 3001 sciu-

168 3025 277 3099 dimus,
297 3021 419 3082 arbores
441 3022 581 3096 serimus,
603 3019 721 3079 arbusta
741 3021 908 3099 tondemus,
931 3024 1000 3084 uitis
1020 3024 1163 3101 squalore

169 3107 269 3169 deciso
287 3106 368 3164 aunis
390 3104 520 3164 omuibus
544 3104 675 3181 cogimus
687 3106 896 3184 iuvenescere,
917 3105 973 3167 boc
986 3110 1164 3168 exstruimus

171 3199 265 3267 tecta,
287 3187 431 3248 caedimus
452 3194 536 3265 saxa,
547 3187 710 3264 ‘omnisque
727 3188 763 3248 nd
776 3188 850 3247 ulios
865 3208 934 3250 usus
948 3190 1029 3251 ferro
1044 3194 1201 3267 utimor‚as

170 3273 223 3332 scd
239 3271 343 3331 eodem
354 3271 389 3333 ad
404 3270 497 3347 bella,
513 3270 628 3347 caedis,
644 3271 809 3348 latrocinia,
823 3288 882 3331 uon
895 3276 1051 3334 comminus
1067 3276 1165 3336 solum

171 3354 225 3414 sed
247 3356 332 3416 etiam
351 3354 453 3415 missili
469 3354 657 3433 volucrique,
682 3374 756 3416 nunc
772 3359 924 3417 tormentis
945 3374 1071 3419 excusso
1087 3376 1167 3419 nuuc

172 3437 309 3515 lacertis,
329 3454 404 3497 nuuc
423 3454 496 3497 vero
518 3445 646 3517 pensato
652 3480 664 3517 ,
682 3456 765 3518 quam
780 3434 1034 3501 sceleratissimam
1049 3442 1168 3502 bomani
