2484 3817
152 144 193 207 34
494 156 635 205 cunm
651 156 800 205 succum

152 310 252 372 Gallia.
282 320 433 389 utrumque
449 328 465 369 a
480 309 662 369 metallorum
675 310 796 371 dominis
813 310 1006 389 appellatum,
1019 310 1090 371 illud
1106 311 1144 371 ab

123 397 242 459 tamico
255 395 313 455 diri
327 395 468 471 Augusti,
484 394 540 452 boc
556 411 572 452 a
589 396 731 471 coniuge,
747 394 860 455 velocis
876 393 1020 454 deiectus.
1050 392 1144 455 Livia·

152 496 216 537 num
231 496 346 557 quoque
366 485 448 537 certe
464 475 612 536 admodum
627 480 762 553 exiguum
775 478 928 536 invenitur.
959 495 1065 546 summa
1079 477 1143 554 glo·

151 562 212 621 riae
227 580 301 641 nunc
314 563 344 620 iu
354 560 509 621 Marianum
524 577 678 636 conversa,
693 560 769 637 qnod
784 568 815 619 et
828 557 1017 620 Cordubense
1029 560 1142 621 dicitnr.

151 645 207 705 hoc
225 634 376 705 abiviauo
393 643 528 704 cadmean
549 661 678 703 maxume
694 643 796 703 sorbet
816 651 846 702 et
858 643 1012 703 aurichalci
1032 643 1143 704 bonita·
1132 668 1168 707 ·s

151 736 209 788 tem
227 729 377 788 imitatur
369 746 398 787 m
413 728 559 787 sestertiis
579 725 850 805 dupondiariisqne,
872 723 981 805 Cyprio
1002 744 1056 787 suo
1072 728 1142 787 assi·

150 811 204 872 bos
226 814 381 872 contentis.
424 809 462 869 Et
483 811 620 870 hactenus
641 810 816 870 nobilitas
806 828 837 869 ιιι
858 827 927 869 aere
949 810 1087 869 naturalis
1109 830 1143 871 se

150 893 246 955 habet.

122 990 139 1043 5
211 976 269 1062 (3.)
294 976 417 1054 Reliqua
432 992 542 1053 genera
556 993 624 1036 cura
640 985 794 1052 constant,
817 993 891 1055 quae
907 977 968 1035 suis
987 976 1060 1036 locis
1077 978 1143 1037 red·

150 1062 253 1122 dentur
272 1077 379 1119 summa
398 1060 530 1118 claritate
554 1068 620 1119 ante
645 1062 739 1121 omnia
760 1059 893 1119 indicata.
924 1057 1073 1130 Quondam
1089 1078 1140 1123 aes
1152 1084 1178 1125 ro

150 1144 299 1204 coniusum
312 1159 382 1201 auro
401 1150 584 1220 argentoque
599 1143 791 1219 miscebatur,
816 1151 847 1203 et
861 1151 956 1202 manen
970 1161 1017 1202 ars
1032 1146 1142 1221 pretio-

150 1229 211 1287 sior
228 1233 308 1301 erat,
330 1242 404 1284 nunc
425 1226 565 1284 incertum
585 1235 633 1287 est
653 1228 738 1304 peior
752 1226 824 1286 baec
838 1226 876 1285 sit
890 1244 926 1285 an
943 1229 1077 1303 materia,
1091 1230 1142 1288 mi-

150 1327 279 1387 rumque,
294 1326 356 1367 cum
372 1308 406 1367 ad
420 1308 557 1368 inlinitum
570 1326 690 1387 operum
701 1311 796 1387 pretia
810 1312 969 1387 creverint,
983 1314 1140 1371 auctoritas

150 1393 220 1453 artis
243 1393 384 1471 exstincta
405 1400 481 1468 est,
494 1402 631 1470 quaestus
654 1394 729 1452 enim
746 1401 879 1453 causant
896 1394 988 1453 omnia
1005 1399 1138 1454 exerceri

149 1484 254 1555 coepta
274 1484 320 1536 est
341 1493 414 1553 quae
433 1476 546 1553 gloriae
562 1476 685 1537 solebat.
716 1476 783 1537 ideo
800 1486 896 1537 autem
917 1478 1002 1537 etiam
1019 1477 1137 1536 deorum
1150 1505 1176 1542 ιι

149 1559 291 1638 adscripta
307 1561 411 1637 operi,
432 1578 494 1620 cum
511 1562 650 1637 proceres
665 1562 792 1637 gentium
806 1560 966 1621 claritatem
982 1569 1012 1620 et
1025 1560 1076 1619 bac
1090 1562 1137 1619 via

149 1652 341 1722 quaererent,
365 1643 498 1722 adeoque
517 1644 648 1704 exolevit
671 1644 807 1703 fundendi
830 1645 907 1703 aeris
923 1645 1046 1722 pretiosi
1061 1646 1137 1703 ratio

122 1735 180 1793 ont
201 1727 304 1788 iamdiu
326 1745 363 1786 ne
386 1728 499 1786 fortuna
522 1727 636 1805 quidem
657 1730 687 1787 in
703 1746 738 1787 ea
753 1746 786 1787 re
801 1729 844 1786 ius
861 1729 931 1787 artis
948 1727 1062 1787 babeat.
1093 1726 1139 1786 Ex

149 1810 197 1871 illa
214 1818 314 1871 autem
333 1812 446 1887 antiqua
460 1810 553 1887 gloria
569 1810 748 1871 Corinthium
765 1829 894 1871 maxume
909 1810 1052 1871 laudator.
1080 1810 1137 1870 boc

149 1913 232 1955 casus
253 1895 367 1954 miscuit
386 1892 543 1969 Corintho,
565 1912 628 1954 cum
654 1904 823 1972 caperetur,
846 1896 979 1972 incensa,
1005 1896 1174 1971 mirequeao

149 1979 224 2038 circa
241 1978 270 2037 id
285 1976 436 2035 multorum
451 1976 606 2037 adfectatio
628 1978 715 2052 lorit,
735 1979 844 2056 qnippe
857 1996 920 2037 cum
938 1979 1065 2038 tradatur
1079 1995 1136 2036 non

148 2061 203 2121 alia
226 2061 262 2119 de
284 2077 369 2120 causa
384 2059 507 2120 Verrem
528 2074 612 2137 quem
633 2059 673 2119 bl.
689 2058 794 2121 Cicero
814 2062 996 2121 damnaverat
1010 2062 1136 2139 proscri-

147 2152 226 2223 ptum
243 2160 305 2204 cum
322 2160 359 2202 eo
374 2143 410 2203 ab
429 2145 575 2219 Antonio,
590 2146 708 2220 quouim
720 2141 878 2204 Corinthiis
892 2162 1039 2205 cessurum
1053 2163 1087 2203 se
1105 2146 1133 2202 ei

148 2228 325 2303 negavisset
351 2245 385 2286 ac
395 2226 461 2285 milri
473 2229 564 2286 maior
580 2244 647 2304 pars
660 2245 760 2287 eorum
768 2227 902 2288 simulare
911 2246 973 2287 eam
985 2227 1133 2286 scientiam

147 2311 263 2370 videtur
276 2309 311 2369 ad
326 2310 525 2387 segregandos
537 2328 605 2369 sese
618 2312 752 2371 aceteris
763 2312 854 2387 magis
866 2330 948 2388 quam
958 2309 1133 2385 intellegere
1144 2328 1174 2368 aa

121 2402 137 2459 7
151 2393 256 2471 aliquid
269 2394 309 2453 ibi
325 2393 474 2471 suptilius,
499 2401 529 2453 et
545 2393 601 2453 buc
616 2396 714 2492 paucis
729 2394 851 2454 docebo.
883 2392 1036 2453 Corinthus
1050 2403 1136 2471 capta

149 2486 195 2537 est
216 2476 384 2559 olympiadis
400 2474 524 2535 GLVlll.
548 2495 623 2536 auno
645 2466 751 2554 tertio,
765 2485 883 2538 nostrae
898 2476 977 2536 urbis
991 2475 1136 2553 mcviii,

148 2579 211 2620 cum
230 2568 297 2620 ante
318 2554 431 2621 saecula
459 2560 577 2620 fictores
601 2561 717 2629 nobiles
739 2579 807 2620 esse
827 2560 993 2638 desissent,
1013 2579 1135 2639 quorum

148 2646 197 2703 isti
218 2645 311 2703 omnia
331 2645 413 2720 sigua
431 2643 518 2703 hodie
534 2641 682 2704 Corinthia
705 2643 860 2721 appellant.
896 2652 1075 2722 quapropter
1098 2643 1134 2703 ad

148 2727 347 2803 coarguendos
362 2744 415 2786 eos
431 2744 570 2805 ponemus
591 2728 728 2786 artificum
743 2735 865 2791 aetates·
906 2745 970 2786 nam
983 2727 1064 2786 urbis
1079 2745 1133 2787 no·
1143 2746 1172 2787 ao

149 2818 227 2870 strae
245 2828 335 2870 annos
358 2829 395 2869 ex
419 2829 504 2888 supra
524 2810 599 2869 dicta
618 2810 825 2887 conparatione
847 2809 1037 2888 olympiadum
1051 2810 1133 2869 colli-

148 2912 221 2970 gere
236 2893 321 2953 iacile
343 2896 406 2953 erit.
446 2904 511 2952 sunt
534 2909 605 2969 ergo
622 2908 690 2950 vasa
708 2899 814 2951 tantum
832 2891 978 2953 Corinthia
994 2910 1067 2970 quae
1082 2894 1133 2953 isti
1227 2897 1228 2906 ’

149 2977 346 3054 elegantiores
360 2977 445 3036 modo
465 2976 500 3035 ad
521 2974 669 3035 esculenta
687 2975 877 3051 transierunt,
891 2976 977 3035 modo
994 2979 1023 3034 in
1038 2976 1133 3037 lucer·
1209 2987 1227 3005 ·'

120 3069 201 3125 enas
222 3064 270 3118 aut
290 3059 411 3118 trulleos
435 3059 512 3118 nullo
531 3056 728 3117 munditiarum
750 3058 888 3136 dispectu.
926 3061 989 3119 eius
1006 3060 1061 3118 tria
1080 3078 1133 3136 ge·
1225 3071 1226 3074 ’

148 3159 234 3202 nera:
257 3141 403 3201 candidum
423 3150 544 3216 argento
565 3142 660 3199 nitore
680 3159 764 3218 quam
783 3160 921 3218 proxume
940 3141 1082 3202 accedens
1102 3144 1172 3204 iuss

149 3243 206 3302 quo
223 3224 271 3283 illa
284 3228 404 3283 mixtura
419 3224 589 3300 praevaluit,
600 3222 721 3283 alterum
736 3226 764 3283 in
780 3241 837 3300 quo
853 3228 914 3285 auri
928 3226 1007 3285 lnlva
1019 3235 1133 3301 natura,

149 3310 264 3367 tertium
295 3310 323 3365 in
348 3323 405 3383 quo
432 3306 557 3383 aequalis
582 3307 703 3365 omnium
735 3310 890 3384 temperies
916 3309 977 3370 luit.
1014 3318 1135 3387 praeter

146 3388 219 3448 baec
241 3398 286 3448 est
308 3390 388 3447 cuius
412 3390 486 3447 ratio
505 3406 562 3448 nou
585 3396 685 3466 potest
705 3387 805 3464 reddi,
826 3407 994 3468 quamquam
1009 3392 1136 3451 bominis
