2484 3817
326 199 406 245 usu.
423 198 515 245 rursu.
530 163 656 244 xxuuu.
672 195 776 248 8—10.
792 184 953 274 (al—tt.)
1090 184 1131 245 27

136 356 231 432 imago
247 371 329 431 quarn
343 351 457 429 digesta
474 351 606 410 claritate
621 352 759 411 materiae
773 351 942 428 accipientis
956 351 1065 412 umbra.
1090 359 1133 411 at·

137 457 193 518 que
215 445 245 496 ut
269 437 362 495 omnia
386 436 423 494 de
445 434 584 512 speculis·
597 442 774 510 peragantur
794 436 825 493 in
845 432 1000 510 hocloco,
1015 444 1132 513 optuma

137 504 211 600 apud
222 521 347 580 maiores
358 519 472 578 lucrant
482 515 662 592 Brundisina,
678 525 782 593 stagno
798 527 828 577 et
840 535 910 576 aere
920 520 1026 578 mixtis.
1047 537 1132 597 prae·

99 606 102 613 ’
137 604 194 665 lata
215 612 281 663 sunt
302 610 452 679 argentea.
497 602 604 677 primus
636 600 707 658 iecit
729 598 871 660 Pasiteles
892 598 988 677 Magni
1010 600 1132 683 Pompei

113 696 242 748 saetate.
268 704 360 765 nuper
378 683 458 745 credi
473 686 608 769 adeptum
624 684 781 742 certiorem
796 685 949 761 imaginem
960 683 1044 743 reddi
1059 703 1130 746 auro

138 773 276 850 opposito
295 771 417 830 aversis.

140 886 142 893 ν
198 853 282 933 (46.)
305 852 422 929 Tinguit
439 851 594 927 Aegyptus
615 857 766 931 argentum
785 859 816 909 ut
836 852 865 910 in
886 852 965 910 vasis
985 851 1110 911 Anubim
1123 863 1172 917 131

137 956 219 999 suum
233 945 364 1014 spectet,
381 936 551 1013 pingitque,
565 940 624 991 uon
639 932 732 992 caelat
748 943 908 1011 argentum.
937 935 1013 995 unde
1028 936 1131 994 transit

30 1086 34 1095 ,
135 1023 256 1081 materia
272 1028 301 1078 et
317 1018 353 1078 ad
368 1016 546 1096 triumphalis
565 1024 691 1094 statuas,
708 1018 867 1095 mirumque
884 1021 993 1079 crescit
1007 1020 1132 1097 pretium

79 1121 83 1131 ··
102 1128 126 1168 ro
136 1104 258 1180 fulgoris
280 1104 437 1161 excaecati.
472 1101 502 1160 id
522 1108 616 1159 autem
639 1101 671 1159 lit
692 1098 749 1160 hoc
777 1100 879 1161 modo:
910 1104 1066 1163 miscentur
1086 1119 1131 1161 ar-

135 1196 226 1265 geute
249 1188 354 1246 tertiae
376 1188 453 1246 aeris
471 1183 570 1262 Cyprii
592 1186 755 1244 tenuissimi
778 1185 855 1263 quod
876 1188 1058 1245 coronarium
1079 1202 1130 1244 vo·

135 1278 201 1330 caut
217 1278 247 1329 et
263 1269 388 1347 sulpuris
405 1269 463 1328 vivi
479 1272 613 1347 quantum
632 1270 758 1345 argenti,
774 1268 935 1329 condantur
946 1272 986 1329 ita
1001 1272 1030 1329 in
1048 1268 1129 1327 lictili

136 1354 295 1414 circumlito
315 1352 434 1430 argilla,
457 1352 557 1411 modus
580 1352 741 1429 coquendi,
757 1352 851 1412 donec
866 1372 899 1412 se
913 1355 976 1430 ipsa
992 1351 1130 1430 opercula

136 1440 277 1520 aperiant.
324 1438 464 1514 nigrescit
485 1436 532 1495 ovi
551 1434 677 1494 indurati
697 1435 797 1510 luteo,
825 1443 856 1491 ut
876 1443 970 1496 tamen
990 1445 1076 1495 aceto
1099 1443 1130 1494 et

101 1548 126 1587 aa
135 1530 215 1581 creta
231 1521 388 1581 deteratur.
419 1519 535 1597 Miscuit
548 1518 668 1577 denario
680 1519 816 1579 „triumvir
830 1517 974 1577 Antonius
988 1521 1107 1595 ferrum,
1121 1529 1173 1583 132

134 1607 256 1665 miscent
271 1602 340 1664 aera
355 1604 446 1663 falsae
460 1610 612 1690 monetqe,
631 1601 705 1659 aliae
722 1599 853 1677 pondere
870 1601 1054 1677 subtrahunt,
1066 1620 1130 1662 oum

135 1691 172 1749 sit
188 1690 292 1747 iustum
308 1684 478 1745 Lxxxtnt
494 1703 510 1742 e
528 1684 612 1742 libris
628 1684 747 1760 signari.
781 1685 870 1760 igitur
886 1702 933 1743 ars
950 1685 1026 1744 iacta
1043 1684 1129 1744 deua-

135 1774 196 1831 rios
210 1771 357 1848 probare,
379 1776 435 1841 tarn
459 1765 580 1824 iucunda
596 1765 694 1842 plebei
716 1766 784 1843 lege
806 1775 836 1825 ut
853 1766 946 1826 lllario
962 1766 1128 1827 Gratidiano
1229 1842 1233 1850 ⁵

135 1855 251 1913 uicatim
262 1860 338 1911 totas
354 1859 462 1909 statuas
478 1848 628 1907 dicaverit.
655 1850 825 1928 mirumque,
841 1852 869 1909 iu
884 1850 938 1911 hac
951 1852 1054 1921 artium
1065 1852 1129 1911 sola

99 1952 128 1992 ao
137 1938 206 1995 vitia
217 1936 364 1994 discuntur
376 1941 407 1993 et
421 1931 486 1992 falsi
498 1932 596 1991 denari
612 1939 761 2011 spectatur
775 1935 925 2012 exemplar
938 1935 1128 2014 pluribusque

136 2021 215 2079 veris
230 2018 356 2078 denariis
372 2016 548 2076 adulterinus
567 2017 679 2075 emitur.

211 2104 257 2163 10.
282 2101 365 2180 (47.)
378 2100 452 2159 ¹Non
472 2108 535 2160 erat
551 2099 626 2177 apud
647 2101 781 2178 antiquos
799 2101 1022 2162 uumerusultra
1037 2114 1171 2167 cen-133

137 2195 194 2249 tum
214 2186 308 2263 milia,
333 2186 430 2261 itaque
456 2191 486 2243 et
508 2183 595 2243 lrodie
610 2184 834 2262 multiplicantur
850 2186 937 2261 haec,
963 2195 994 2245 ut
1008 2186 1126 2247 deciens

136 2280 259 2331 centena
274 2277 322 2329 aut
336 2270 452 2346 saepius
469 2266 607 2327 dicantur.
652 2268 753 2327 laeuus
775 2268 831 2329 ltoc
851 2270 921 2329 lecit
941 2288 1127 2347 nummusque

98 2377 126 2417 es
136 2372 309 2433 percussus,
333 2360 362 2413 et
385 2353 428 2412 sic
453 2368 569 2428 quoque
585 2368 637 2409 aes
652 2351 775 2418 alienum
789 2354 940 2413 etiamnum
955 2353 1125 2432 appellatur.

34 2504 40 2511 ,
137 2445 241 2515 postea
263 2436 376 2495 Diuites
399 2436 611 2511 cognominati,
639 2434 790 2494 dummodo
812 2445 910 2495 uotum
933 2439 970 2495 sit
992 2455 1057 2496 eum
1076 2439 1125 2514 qui
1163 2482 1169 2503 ,

136 2521 243 2599 primus
263 2520 320 2579 hoc
335 2536 497 2596 cognomen
513 2518 661 2595 acceperit
677 2518 832 2579 decoxisse
848 2520 1041 2579 oreditoribus
1056 2523 1125 2581 suis.

137 2621 175 2663 ex
189 2601 289 2676 eadem
300 2610 388 2678 gente
403 2600 441 2661 ll.
458 2599 580 2661 Crassus
596 2601 721 2677 negabat
737 2602 911 2681 locupletem
929 2605 1038 2663 esseni
1057 2608 1170 2681 qui134

136 2684 230 2745 reditu
245 2702 337 2745 annuo
353 2684 500 2761 legionem
513 2686 588 2744 tucri
603 2692 713 2762 posset.
734 2687 764 2745 in
778 2689 856 2764 agris
871 2685 927 2745 llS.
947 2684 1043 2770 {5031
1058 2704 1126 2765 pos·
1207 2718 1210 2724 ·

100 2769 212 2833 aosedit
225 2765 379 2839 Quiritium
396 2777 464 2846 post
481 2766 588 2827 Sullam
609 2768 804 2829 divitissimus.
840 2787 895 2829 nec
908 2771 962 2829 fuit
982 2774 1053 2830 satis
1067 2774 1123 2832 uisi

136 2861 227 2912 totum
241 2850 411 2911 Parthorum
425 2854 593 2929 usurpasset
609 2869 723 2929 aurum,
740 2861 827 2930 atque
842 2861 872 2911 ut
885 2856 1050 2913 memoriam
1065 2857 1125 2932 qui-

135 2937 201 2996 dem
221 2953 307 3013 opum
317 2934 530 3012 occupaverit,
547 2968 590 2981 -
610 2936 688 2992 iuvat
708 2937 783 2995 euim
806 2937 944 2996 insectari
962 2938 1125 3016 inexplebi-

135 3019 192 3079 lem
206 3021 289 3079 istam
302 3017 426 3077 habendi
442 3018 619 3096 cupidinem,
636 3052 673 3062 -
688 3016 795 3077 multos
815 3028 918 3096 postea
936 3024 1124 3098 cognorimus

136 3105 277 3163 servitute
293 3102 434 3161 liberatos
453 3100 668 3178 opulentiores,
684 3102 849 3179 pariterque
864 3106 917 3164 tris
933 3102 1032 3164 Glaudi
1045 3109 1124 3185 priu-
1197 3094 1200 3109 '

99 3210 127 3250 ss
137 3188 243 3264 oipatu,
259 3184 345 3264 paulo
358 3192 435 3261 ante,
451 3182 609 3261 Callistum,
625 3184 800 3262 Pallantem,
815 3184 988 3249 Narcissum.
1017 3196 1104 3267 atque
1114 3201 1168 3256 135
1238 3195 1240 3246 J

136 3278 167 3329 ut
185 3269 214 3328 lui
237 3271 421 3345 omittantur,
443 3276 584 3345 tamquam
605 3266 695 3327 adhuc
712 3286 808 3328 rerum
823 3272 984 3349 potiantur,
1006 3268 1039 3332 G.
1057 3273 1124 3333 Asi·

135 3354 183 3413 nio
202 3350 285 3413 Gallo
303 3350 336 3417 0.
352 3352 461 3412 Marcio
478 3348 641 3411 Censorino
657 3370 734 3412 coss.
753 3371 780 3413 a.
795 3353 822 3414 d.
838 3352 887 3414 Vl.
904 3354 969 3415 lial.
983 3354 1072 3418 neor.
1089 3354 1123 3418 0.

134 3434 280 3499 Caecilius
295 3434 432 3497 Claudius
446 3434 577 3497 Isidorus
601 3442 775 3495 testamento
786 3426 848 3498 'suo
868 3438 975 3516 edixit,
992 3443 1124 3518 quamuis
