2484 3817
146 167 207 227 tot
509 177 539 226 c.
556 177 652 224 nonu
669 176 818 226 succum

145 332 272 410 coagulo
286 332 368 392 vituli
382 331 481 393 marini
502 331 603 408 aequis
617 329 758 407 partibas,
772 330 979 409 proserpinaca
998 345 1067 388 cam
1075 345 1135 388 ma·

144 417 186 474 ria
206 434 244 475 err
261 417 352 476 menis
367 424 396 474 et
411 414 478 474 oleo
494 415 558 472 trita
579 412 628 472 vel
644 412 698 472 sab
716 413 813 491 lingua
835 413 942 474 babitu.
967 413 1036 472 item
1050 429 1140 473 sucus

145 497 182 556 de
198 499 397 576 quinquefolio
412 505 497 576 potus
515 495 625 570 cyathis
642 495 741 556 tribus.
764 498 812 557 bic
825 505 855 556 et
869 493 1000 555 omnibus
1015 495 1138 554 lancium

146 581 223 640 vitiis
239 581 369 642 medetur
383 579 597 656 gargarizatus,
617 579 788 640 verbascum
806 581 937 658 privatim
962 577 1087 638 tonsillis
1109 579 1138 636 iu
1156 637 1160 642 .

102 671 221 740 btaqna
247 673 352 741 potum
398 664 428 722 5.
452 660 534 739 (12.)
564 663 678 722 sunnis
696 663 850 741 plantago,
884 660 1047 722 cbelidonia
1075 677 1172 720 cume

144 745 235 806 melle
250 756 279 806 et
292 748 425 822 axungia,
443 743 683 822 quinquefolium,
697 746 780 806 radix
795 744 972 823 persollatae
987 745 1055 803 item
1075 761 1140 802 cum

144 827 525 990 tttttotttltltl?
540 836 1037 972 :ltettttttntutatuta
1056 825 1140 970 tlt

146 994 506 1069 circumlusaadalligetur,
521 992 830 1068 cnuodienmsanatia,
844 1010 989 1052 nerursus
1000 1001 1064 1053 sata
1075 991 1138 1052 diro

146 1076 346 1146 herbariorum
362 1075 487 1147 scelere,
504 1084 534 1134 ut
547 1076 574 1134 in
584 1075 751 1153 qmbusdam
764 1077 895 1152 diximus,
909 1075 1046 1150 rebellet,
1060 1073 1140 1152 qnod
1149 1091 1180 1132 ro

100 1156 214 1238 {millet
232 1161 261 1220 in
273 1159 318 1220 bis
334 1175 407 1237 quos
422 1158 563 1218 artemisia
577 1161 722 1220 sanaverit
736 1159 866 1238 praedici
883 1160 1013 1237 reperio,
1028 1160 1097 1218 item
1110 1159 1140 1217 in

102 1251 137 1302 25
149 1242 194 1300 luis
215 1260 289 1320 quos
309 1242 455 1322 plantago.
491 1241 671 1318 damaeione,
693 1260 768 1320 qnae
783 1251 812 1301 et
828 1241 911 1302 alcea
927 1249 1064 1314 vocatur,
1086 1240 1139 1301 sub

146 1324 272 1384 solstitio
300 1325 425 1384 collecta
445 1325 591 1404 inponitur
613 1343 651 1384 ex
672 1343 746 1403 aqua
760 1325 898 1399 caelesti,
918 1324 1018 1384 folium
1043 1325 1140 1384 tritum

146 1405 197 1466 vel
211 1407 292 1467 radix
309 1416 390 1467 tunsa
405 1425 467 1468 cum
483 1407 607 1483 axungia
621 1408 659 1466 ita
678 1417 707 1468 ut
719 1410 844 1486 inposita
859 1407 932 1468 folio
949 1423 1002 1466 suo
1022 1409 1138 1484 operia·

23 1497 28 1504 '
146 1497 201 1546 tur.
233 1491 276 1549 sio
291 1499 321 1548 et
336 1489 371 1548 ad
386 1491 475 1549 omnis
492 1491 615 1550 cervicis
629 1489 747 1550 dolores
759 1500 944 1568 tumoresque
955 1506 1138 1567 quacumque
1150 1505 1178 1544 ιε

146 1571 174 1628 in
189 1581 281 1648 parte.

101 1662 138 1715 tn
211 1655 295 1734 (13.)
317 1655 405 1716 Bellis
426 1658 454 1716 in
476 1656 564 1733 pratis
583 1655 725 1731 nascitur,
751 1655 825 1716 dore
845 1654 929 1730 albo,
955 1654 1138 1732 aliquatenus

144 1735 276 1798 rubente.
335 1739 408 1800 lranc
443 1756 505 1798 cnm
535 1739 677 1800 artemisia
706 1738 813 1800 inlitam
840 1738 1038 1798 efficaciorem
1068 1755 1137 1796 esse

165 1819 279 1880 rodunt.

145 1837 163 1895 p
208 1905 293 1982 (14.)
316 1903 499 1966 condurdum
513 1921 629 1982 quoqne
644 1903 733 1965 herba
748 1903 924 1978 solstitialis,
945 1903 1018 1962 llore
1036 1900 1136 1978 rubro,
1148 1920 1180 1962 ao

145 2003 287 2064 suspensa
303 1989 331 2044 in
346 1987 424 2046 collo
438 1988 617 2064 conprimere
627 1987 730 2046 dicitur
743 1995 878 2062 strumas,
892 1987 959 2045 item
973 1985 1139 2046 verbenaca

144 2085 208 2126 oum
224 2067 401 2145 plantagine
439 2068 591 2142 digitorum
609 2071 686 2130 vitiis
700 2067 832 2128 omnibus
846 2078 877 2128 et
893 2069 1025 2147 privatim
1039 2077 1137 2147 ptery-

142 2150 200 2224 giis
216 2151 444 2228 quinquefolium
460 2150 598 2209 medetur.

99 2241 135 2294 at
215 2231 282 2306 (15
285 2234 300 2310 )
321 2231 353 2292 ln
368 2233 511 2310 pectoris
507 2233 589 2291 vitiis
602 2231 650 2290 vel
665 2233 864 2307 gravissimum
880 2243 926 2292 est
940 2235 1036 2292 tussis
1071 2191 1139 2294 buic

142 2312 275 2372 medetur
291 2316 407 2391 panacis
424 2313 529 2374 radix
522 2332 549 2373 ru
564 2314 632 2372 vino
646 2313 740 2391 dulci,
765 2333 851 2377 sucus
865 2316 1034 2391 hyoscyami
1048 2318 1136 2378 etiam
1146 2338 1178 2378 ee

142 2396 311 2470 sauguinem
328 2397 560 2473 exscreautibus,
578 2396 661 2456 nidor
674 2414 791 2476 quoque
805 2401 923 2459 accensi
938 2399 1135 2476 tussientibus,

141 2481 210 2538 item
222 2480 367 2540 scordotis
380 2481 467 2540 mixto
479 2481 616 2541 nasturtio
629 2489 659 2540 et
668 2482 764 2542 resina
776 2501 839 2542 cum
850 2483 937 2543 melle
950 2493 1033 2543 tunsa
1044 2482 1134 2542 arida

123 2622 125 2628 ,
142 2561 214 2620 lacit
229 2571 258 2620 et
279 2581 332 2640 per
352 2581 385 2622 se
401 2562 496 2622 facilis
516 2563 753 2639 exscreationes,
769 2567 836 2626 item
851 2567 1026 2626 centaurium
1043 2566 1136 2625 mains

141 2643 192 2704 vel
205 2647 372 2721 sanguinem
387 2645 581 2722 reicientibus,
600 2649 646 2706 cui
660 2649 729 2706 vitio
744 2659 774 2709 et
789 2649 962 2726 plantaginis
976 2666 1065 2709 sucus
1075 2666 1135 2708 rne-

99 2726 239 2788 tssdetnr.
268 2737 296 2788 et
311 2729 465 2788 Vettonica
486 2729 578 2790 obolis
594 2729 683 2790 tribus
704 2732 731 2788 in
751 2748 825 2810 aqua
846 2740 945 2792 contra
962 2730 1177 2810 purulentasao

143 2818 301 2889 contraque
316 2820 449 2870 cruentas
462 2814 689 2889 exscreationes,
699 2814 877 2891 persollatae
889 2814 972 2874 radix
980 2814 1135 2877 drachmae

142 2892 282 2968 ponderis
311 2913 374 2954 cum
405 2895 497 2971 pineis
530 2895 642 2954 nucleis
670 2896 818 2970 undecim,
846 2897 1006 2973 peucedani
1034 2915 1134 2957 sucus.

142 2978 273 3050 pectoris
288 2976 437 3037 doloribus
453 2995 568 3038 acorum
581 2977 732 3053 subvenit,
750 2988 781 3036 et
794 2978 861 3038 ideo
877 2980 1012 3040 antidotis
1028 2982 1133 3041 misce·

141 3065 199 3132 tur,
216 3061 288 3118 tussi
304 3059 434 3136 daucum,
453 3060 520 3120 item
536 3060 670 3135 Scythica
683 3059 784 3120 herba.
822 3061 983 3124 eudemum
1000 3063 1133 3124 omnibus

144 3144 273 3216 pectoris
283 3144 375 3217 vitiis,
391 3144 461 3202 tussi
477 3152 506 3203 et
526 3144 677 3221 purulenta
692 3144 911 3206 exscreautibus
928 3145 1024 3208 obolis
1040 3146 1174 3206 triburas

99 3223 174 3285 ²9in
191 3226 268 3299 passi
283 3226 415 3301 totidem,
436 3224 605 3286 verbascum
620 3227 700 3286 cuius
716 3235 761 3286 est
776 3227 831 3288 ilos
853 3246 968 3291 aureus.
1011 3229 1040 3290 6.
1064 3229 1131 3290 hnic

142 3313 219 3366 tauta
240 3307 285 3368 vis
306 3317 335 3368 nt
353 3311 484 3369 iumentis
507 3310 592 3368 etiam
612 3326 669 3367 uon
691 3309 877 3370 tussientibus
897 3310 982 3370 modo
1006 3310 1060 3372 sed
1082 3312 1131 3371 ilia

140 3404 259 3466 quoque
284 3391 459 3452 ualentibus
486 3391 639 3452 auxilietur
664 3401 749 3470 potu,
778 3394 857 3472 qnod
884 3404 914 3454 et
939 3393 976 3454 de
995 3395 1131 3470 gentiana
