2484 3817
199 188 260 249 212
545 195 848 247 c.rn1s1sncuun1

157 366 189 418 31
203 354 351 414 contunsis
365 351 604 430 tumentibusque.
635 350 739 411 halitus
760 367 876 428 quoqne
896 349 955 410 oris
978 351 1122 425 gratiores
1138 351 1177 411 ia-

199 456 267 497 cere
295 436 412 497 traditur
440 436 605 495 confricatis
634 434 765 495 dentibus
793 443 878 510 atque
903 434 1026 510 gingivis
1056 433 1178 494 admixto

198 520 295 579 melle.
324 520 443 598 prodest
458 528 486 577 et
501 518 677 598 phreneticis
692 517 796 576 suliitu.
826 518 992 592 sangninem
1014 517 1042 575 in
1064 517 1178 577 naribus

199 606 273 663 sistit
286 621 348 663 cum
360 604 427 662 oleo
441 619 576 677 rosaceo,
593 609 621 660 et
637 600 694 663 alio
709 599 794 659 modo
809 599 894 659 indita
910 599 1024 659 auribus
1038 603 1179 678 opturatis

198 688 329 763 spissius.
360 688 428 763 quin
454 693 484 744 et
507 684 653 743 ulceribus
679 683 800 753 vetustis
824 684 968 760 inponitur
995 700 1058 742 cum
1083 683 1201 744 melles

198 770 316 829 vulnera
338 787 375 827 ex
389 770 456 827 vino
472 767 519 826 vel
535 776 619 825 aceto
636 766 684 825 vel
696 784 769 845 aqua
789 765 891 841 lr'igida
913 775 942 824 et
957 765 1024 825 oleo
1040 784 1180 843 expressa

156 864 190 917 32
201 861 292 911 sanat.
316 853 415 911 arietis
425 850 537 929 vellera
554 849 612 909 luta
628 849 731 925 frigida
753 867 791 908 ex
809 849 876 907 oleo
896 848 1053 909 madefacta
1073 851 1101 908 in
1123 868 1180 908 nru-

198 934 336 995 liebr‘ibus
350 935 433 993 malis
446 932 680 992 inflammationes
691 933 795 992 volvae
809 932 908 991 sedant
922 941 966 1007 et,
984 932 1007 990 si
1020 932 1179 1009 procidant,

199 1019 294 1078 suilitu
315 1020 479 1093 reprimunt.
509 1016 609 1075 sucida
627 1016 691 1075 lana
714 1016 836 1093 inposita
857 1014 1025 1091 subditaque
1054 1026 1180 1075 mortuos

197 1110 296 1180 partus
311 1108 424 1158 evocat.
454 1099 527 1159 sistit
543 1099 627 1157 etiam
641 1098 782 1176 produvia
799 1114 913 1173 earnm,
937 1106 965 1156 at
979 1098 1056 1157 canis
1071 1098 1179 1160 rabiosi
1190 1114 1214 1154 ro

198 1182 341 1242 morsibus
364 1181 506 1242 inculcata
527 1190 594 1257 post
616 1180 690 1239 diem
710 1190 868 1263 septumum
887 1180 1017 1241 solvitur.
1048 1179 1180 1241 reduvias

199 1275 279 1325 sanat
290 1283 327 1323 ex
339 1282 412 1341 aqua
425 1265 538 1341 frigida,
555 1264 656 1323 eadem
669 1266 755 1339 nitro,
771 1264 899 1342 sulpure,
913 1264 990 1335 oleo,
1006 1273 1101 1339 aceto,
1117 1267 1181 1343 pice

197 1347 555 1426 liquida-fervescentibus
577 1349 664 1407 tincta
686 1365 769 1425 quanr
791 1346 961 1405 calidissima
988 1349 1116 1425 inposita
1136 1348 1182 1408 bis

199 1432 245 1491 die
257 1429 414 1490 lumborum
428 1431 546 1491 dolores
562 1430 652 1490 sedat.
668 1432 741 1489 sistit
753 1439 781 1489 et
795 1432 960 1505 sanguinem
977 1447 1014 1489 ex
1029 1433 1118 1489 ariete
1134 1450 1180 1491 su·

155 1526 190 1579 33
202 1514 265 1574 cida
281 1514 418 1573 articulos
439 1514 656 1573 extremitatium
678 1513 851 1591 praeligans.
883 1513 1073 1573 laudatissima
1090 1517 1181 1573 omnis
1191 1538 1213 1577 rs

197 1597 326 1672 acollo,
352 1599 467 1656 natione
488 1614 558 1655 vero
579 1596 723 1671 Galatica,
740 1596 908 1673 Tarentina,
925 1596 1035 1671 Attica,
1059 1597 1180 1657 lllilasia.

198 1681 323 1740 sucidam
338 1680 477 1759 inponunt
491 1688 522 1739 et
535 1680 736 1757 desquamatis,
754 1682 911 1758 percussis,
928 1680 1031 1754 lividis,
1048 1682 1180 1755 incussis,

198 1764 325 1838 conlisis,
338 1764 479 1840 contritis,
491 1763 621 1838 deiectis,
640 1765 741 1840 capitis
758 1772 787 1822 et
799 1762 862 1823 aliis
872 1762 1028 1837 doloribus,
1041 1766 1180 1824 stomachi

196 1847 406 1907 inflammationi
421 1866 458 1906 ex
475 1856 559 1907 aceto
580 1856 609 1905 et
630 1860 764 1906 rosaceo.
797 1847 868 1905 ciuis
884 1848 945 1905 eius
961 1846 1082 1907 inlinitur
1102 1849 1180 1906 attri-

195 1931 242 2005 tis,
260 1930 426 2004 volneratis,
442 1929 587 1989 ambustis.
617 1939 647 1988 et
666 1932 695 1989 in
719 1929 866 1997 oculorum
880 1929 1083 1989 medicamenta
1102 1932 1215 1991 addi-ao

155 2020 189 2074 34
200 2020 261 2085 tur,
284 2013 350 2069 item
370 2013 399 2070 in
414 2013 523 2072 listulas
537 2014 671 2090 aurisque
687 2022 867 2090 supputatas.
901 2012 936 2071 ad
960 2013 1015 2071 hoc
1030 2013 1181 2073 detonsam

198 2111 270 2169 eam,
286 2094 334 2153 alii
353 2094 497 2169 avolsam,
513 2096 618 2155 decisis
641 2096 755 2153 summis
774 2094 901 2172 partibus
925 2097 1033 2155 siccant
1049 2100 1181 2173 carpunt-

198 2194 254 2253 qne
270 2177 341 2235 etin
356 2176 435 2235 lictili
452 2178 540 2236 crudo
558 2186 722 2254 conponunt
741 2195 775 2237 ac
791 2177 877 2236 melle
894 2177 1065 2256 perfundunt
1084 2189 1181 2239 urunt·
1238 2228 1239 2232 ,

197 2276 263 2336 qne.
296 2259 343 2318 alii
359 2259 461 2318 assulis
475 2258 577 2320 taedae
593 2250 730 2321 subie'etis
746 2269 774 2320 et
787 2260 907 2320 subinde
922 2263 1093 2320 interstratis
1111 2262 1181 2321 oleo

196 2341 362 2419 adspersam
378 2342 537 2402 accendunt
548 2343 730 2420 cineremque
745 2345 773 2403 in
788 2343 901 2404 labellis
913 2362 985 2421 aqna
1001 2344 1096 2404 addita
1111 2362 1180 2404 cou-
1190 2370 1216 2409 as

196 2424 299 2484 iricant
311 2442 394 2483 manu
412 2433 442 2483 et
458 2424 609 2483 considere
625 2429 782 2505 patiuntur,
805 2426 890 2504 idque
906 2429 1021 2503 saeptus
1039 2435 1182 2488 mutantes

197 2524 313 2584 aquarn,
337 2507 431 2567 donec
447 2508 571 2583 linguam
587 2508 744 2585 adstringat
759 2510 861 2569 leniter
875 2526 930 2568 uec
953 2508 1091 2570 mordeat.
1122 2520 1183 2570 tum

198 2593 323 2649 cinerem
336 2599 486 2667 reponunt.
505 2589 557 2649 Vis
569 2592 632 2649 eius
644 2595 753 2670 septica
765 2602 809 2651 est
821 2592 1077 2670 efficacissimeque
1088 2611 1183 2671 genas

196 2680 309 2751 purgat.

155 2768 188 2820 35
252 2756 335 2832 (10.)
357 2755 432 2830 Quin
446 2757 528 2834 ipsae
549 2757 652 2819 sordes
674 2758 813 2836 pecudum
834 2757 977 2836 sudorque
998 2758 1133 2819 feminum
1153 2768 1217 2821 etan

198 2839 304 2898 alarum
320 2838 509 2899 adhaerentes
525 2840 597 2899 lanis
615 2874 659 2887 -
679 2858 819 2919 oesypum
834 2851 939 2901 vocant
953 2876 996 2887 -
1015 2844 1183 2901 innumeros

198 2938 292 3000 prope
311 2940 378 2981 usus
393 2921 508 2982 babent.
539 2925 566 2982 in
580 2925 683 2984 Atticis
699 2924 800 2983 ovibus
818 2927 917 3001 genito
938 2925 1040 3004 palma.
1072 2925 1102 2985 lit
1118 2925 1182 3002 plu·

197 3004 274 3063 ribus
291 3005 399 3079 modis,
416 3004 468 3065 sed
485 3006 714 3083 probatissimum
732 3006 795 3067 tana
812 3008 848 3066 ab
868 3008 911 3065 his
927 3008 1053 3086 partibus
1068 3010 1183 3067 recenti

198 3097 354 3167 concerpta
367 3096 416 3148 aut
434 3089 659 3168 quibuscumque
673 3089 805 3149 sordibus
825 3090 932 3150 sucidis
954 3092 1073 3167 primunr
1089 3091 1183 3150 colle·

197 3171 250 3227 ctis
265 3169 343 3230 lento
359 3172 418 3247 igni
432 3173 459 3230 in
476 3188 569 3231 aeneo
585 3171 804 3231 subfervefactis
823 3183 853 3232 et
872 3174 1050 3249 refrigeratis
1068 3175 1182 3253 pingul-
1193 3189 1218 3231 as

197 3270 254 3330 qne
268 3255 344 3330 quod
365 3264 531 3332 supernatet
551 3254 677 3314 collecto
697 3258 725 3315 in
741 3255 829 3315 fictile
850 3276 900 3317 vas
916 3258 1075 3334 iterumque
1092 3257 1183 3317 deco·

197 3345 243 3394 cta
259 3339 348 3415 priori
363 3340 497 3412 materia,
519 3355 592 3415 quae
607 3338 773 3415 pinguitudo
790 3348 910 3418 utraque
926 3339 1029 3415 frigida
1050 3357 1125 3417 aqua
1142 3340 1184 3399 la-

196 3428 278 3481 vatur
293 3429 322 3481 et
331 3422 361 3481 in
374 3421 463 3483 linteo
478 3430 652 3481 saccaturac
666 3423 729 3483 sole
744 3431 878 3499 torretur,
890 3423 984 3483 donec
996 3423 1117 3483 candida
1135 3424 1184 3483 suat
