2484 3817
233 193 238 199 ἱ
300 101 484 182 ΝΑΤῘΗΙΒΤ.
500 81 619 180 xxxva.
635 121 738 184 9-1t.
754 121 903 198 (lt—17.)
1043 119 1101 182 119

112 295 218 353 otiosa.
257 289 345 350 multa
367 289 443 347 circa
463 287 519 347 hoc
535 288 644 345 vanitas
662 285 806 345 hominum
829 285 942 344 illorum
956 286 1017 346 init.
1050 305 1101 348 ve·

112 377 197 452 stigia
213 373 391 453 conplurium
408 371 604 430 inchoatarum
618 377 745 429 exstant.
777 386 831 428 una
847 378 892 428 est
908 370 937 427 in
950 369 1101 432 Arsinoite

112 476 215 535 nomo,
230 458 303 518 duae
318 458 348 515 in
361 454 535 531 Memphite,
555 457 613 511 nod
628 452 730 528 procul
746 451 929 528 labyrintho,
945 453 981 513 de
997 473 1054 534 quo
1071 464 1133 532 et„

112 546 176 621 ipso
193 543 328 602 dicemus.
353 538 473 598 totidem
487 537 535 596 ubi
547 538 601 595 iuit
613 532 754 595 Moeridis
771 535 866 610 lacus,
883 535 939 596 hoc
954 547 1000 596 est
1017 539 1097 599 fossa
1109 551 1144 606 76

88 626 243 704 agrandis,
270 622 500 700 sed‘Aegyptiis
526 621 603 680 inter
623 620 694 678 mira
720 637 754 678 ac
778 619 960 679 memoranda
980 633 1128 686 narratae

111 711 208 770 barum
220 709 365 770 cacumina
382 704 423 739 ³²*
439 713 523 764 extra
538 720 640 781 aquam
654 703 782 762 eminere
797 702 942 762 dicuntur'.'
972 704 1101 782 reliquae

112 803 190 871 tres,
206 810 280 870 quae
298 791 399 851 orbem
415 797 555 848 terrarum
569 786 723 864 inplevere
738 785 826 861 lama,
843 803 912 845 saue
928 789 1102 865 conspicuae

112 878 236 955 unquue
259 872 513 951 adnavigantibus,
534 872 608 930 sitae
630 870 745 928 suntin
769 877 852 947 parte
870 868 989 930 Airicae
1004 880 1102 933 monte

111 978 202 1021 saxeo
224 959 376 1035 sterilique
395 959 470 1015 inter
485 952 640 1031 Memphim
659 952 795 1030 oppidum
816 959 846 1012 et
866 954 943 1031 quod
962 955 1104 1033 appellari

78 1067 103 1108 ro
111 1045 232 1103 diximus
246 1041 349 1115 Delta,
365 1058 382 1099 a
398 1038 466 1099 Nilo
482 1039 573 1096 minus
587 1036 644 1096 llll
661 1037 739 1096 milia
750 1053 895 1114 passuum,
913 1036 1143 1116 alllemphisfm

110 1129 163 1195 v‘f'r
173 1127 283 1203 D,vico
298 1123 432 1204 adposito
447 1140 532 1200 quem
546 1129 650 1189 vocant
664 1119 795 1197 Busirim,
812 1122 841 1180 in
856 1139 894 1181 eo
908 1131 973 1181 sunt
990 1122 1101 1184 adsueti

111 1210 250 1270 scandere
264 1208 338 1268 illas.
1102 1207 1106 1226 '

174 1294 255 1371 (17.)
271 1291 349 1351 Ante
362 1298 408 1350 est
423 1288 528 1368 sphinx
538 1288 586 1348 vel
600 1287 690 1363 magis
703 1289 841 1350 narranda
856 1289 892 1349 de
908 1306 963 1366 qua
976 1290 1097 1366 siluere,
1110 1300 1143 1356 tt

111 1395 214 1437 numen
232 1375 431 1436 adcolentium.
466 1370 599 1436 Harmain
620 1389 721 1448 regem
743 1381 843 1450 putant
861 1376 889 1432 in
906 1391 940 1432 ea
957 1374 1101 1434 conditum

76 1482 101 1523 ra
111 1470 141 1521 et
156 1460 256 1520 volunt
270 1462 412 1520 invectam
422 1457 525 1517 videri.
554 1464 600 1516 est
615 1463 711 1514 autem
722 1473 793 1514 saxo
805 1456 926 1515 naturali
943 1457 1100 1518 elaborata.

110 1545 224 1605 rubrica
244 1544 335 1604 lanies
356 1543 485 1622 monstri,
498 1541 620 1614 colitur,
644 1540 747 1615 capitis
768 1556 822 1615 per
839 1540 965 1598 frontem
981 1532 1101 1600 ambitus

109 1637 224 1688 centum
247 1628 320 1688 duos
340 1625 431 1704 pedes
455 1624 586 1701 colligit,
610 1621 761 1698 longitudo
783 1622 886 1700 pedum
908 1620 1024 1682 CXLlll
1044 1634 1100 1702 est,

109 1711 230 1772 altitudo
255 1729 272 1770 a
293 1718 397 1770 ventre
426 1707 461 1767 ad
475 1725 609 1766 summam
635 1706 763 1784 aspidem
788 1708 817 1766 in
847 1707 959 1786 capite,
984 1706 1048 1766 LXI
1069 1708 1099 1769 S.

109 1795 237 1872 Pyramia
257 1793 430 1872 amplissima
449 1810 487 1851 ex
500 1790 634 1850 Arabicis
650 1790 809 1868 lapicidinis
825 1799 948 1851 constat.
980 1793 1144 1860 (mre

75 1878 253 1938 rohominum
274 1878 355 1936 annis
377 1873 433 1933 XX
455 1893 518 1934 eam
534 1876 733 1934 construxisse
751 1873 918 1952 produntur.
952 1883 1011 1934 tres
1028 1894 1099 1936 vcro

109 1961 203 2021 iactae
220 1961 300 2020 anais
316 1958 475 2035 LXXVlll,
490 1958 638 2018 mensibus
653 1957 720 2018 llll.
744 1955 800 2029 out
816 1958 852 2018 de
868 1959 904 2017 iis
920 1960 1091 2037 scripserint
1103 1970 1138 2026 79

110 2053 175 2104 sunt
197 2043 381 2120 Herodotus,
410 2041 607 2119 Euhemerus,
636 2040 723 2100 Duris
746 2042 874 2118 Samius,
899 2042 1099 2120 Aristagoras,

109 2127 284 2204 Dionysius,
305 2126 526 2203 Artemidorus,
547 2125 716 2186 Alexander
731 2126 913 2204 polyhistor,
935 2125 1099 2204 Butoridas,

111 2211 319 2287 Antisthenes,
343 2209 527 2286 Demetrius,
554 2208 741 2287 Damoteles,
763 2210 869 2288 Apion.
912 2211 988 2271 inter
1009 2215 1099 2270 omnis

4 2346 6 2351 .
75 2316 100 2355 as
112 2313 164 2355 eos
184 2313 242 2354 non
257 2302 370 2360 constat
385 2293 517 2371 aquibus
531 2291 625 2353 iactae
640 2295 714 2370 sint,
727 2296 885 2353 iustissimo
900 2312 968 2354 casu
984 2295 1100 2355 oblitte-

111 2381 181 2437 ratis
204 2386 299 2438 tantae
319 2379 452 2438 vanitatis
473 2377 650 2437 auctoribus.
688 2377 776 2455 aliqui
798 2378 890 2437 exiis
912 2378 1100 2457 prodiderunt
1156 2439 1159 2456 ,

91 2526 93 2529 .
110 2463 139 2520 in
152 2459 294 2538 raphanos
309 2470 340 2520 et
354 2461 439 2521 ulium
460 2479 494 2520 ac
510 2478 598 2538 cepas
611 2460 676 2522 001)
690 2461 798 2521 talenta
813 2472 958 2538 erogata·
972 2462 1096 2540 Amplis·
1106 2473 1142 2528 so

111 2546 181 2602 sima
198 2551 265 2602 octo
288 2545 389 2621 iugera
405 2546 517 2622 optinet
540 2543 605 2604 soli.
647 2553 782 2621 quattuor
798 2545 966 2622 angulorum
980 2545 1097 2623 paribus

111 2625 270 2686 intervallis
288 2625 538 2688 occcuxxxtn
564 2628 655 2705 pedes
680 2629 858 2704 singulorum
879 2629 1016 2706 laterum,
1035 2629 1098 2688 alti-

75 2709 179 2769 sotudo
193 2727 211 2768 a
227 2711 371 2770 cacumine
388 2711 423 2771 ad
436 2711 530 2772 solum
548 2711 639 2790 pedes
657 2709 818 2794 DCGXXV
832 2711 960 2787 colligit,
975 2713 1096 2772 ambitus

110 2794 262 2853 cacuminis
277 2792 368 2869 pedes
383 2792 452 2852 XVl
468 2794 495 2853 S.
519 2795 638 2855 alterius
653 2795 805 2854 intervalla
820 2795 932 2870 singula
948 2813 1003 2872 per
1018 2804 1097 2874 quat·

111 2886 177 2935 tuor
190 2875 312 2952 angulos
327 2876 418 2954 pedes
435 2875 533 2937 DGCL
577 2878 590 2936 l
609 2878 638 2937 S.
654 2877 861 2958 conprendunt.
901 2881 987 2938 tertia
1005 2883 1097 2940 minor

111 2959 223 3037 quidem
247 2958 420 3036 praedictis,
444 2961 498 3020 sed
510 2978 555 3020 mu
569 2970 599 3021 to
615 2963 776 3038 spectatior
793 2960 975 3039 Aethiopicis
997 2962 1096 3041 lapidi-

109 3042 164 3110 bus
190 3041 319 3119 adsurgit
345 3039 510 3102 cccuxru
536 3044 658 3121 pedibus
686 3047 763 3103 inter
785 3045 917 3121 angulos.
961 3045 1137 3124 Vestigiasl

76 3125 336 3193 assedilioationum
355 3125 432 3186 nulla
454 3133 577 3187 exstant.
612 3128 719 3187 harena
742 3126 800 3187 late
825 3146 895 3206 pura
914 3131 990 3190 circa
1009 3129 1095 3190 lentis

110 3209 311 3286 similitudine,
337 3208 428 3288 qualis
451 3211 480 3268 in
499 3212 608 3270 maiore
631 3218 712 3289 parte
733 3212 859 3272 Airicac.
887 3205 1095 3292 'quaestionum

111 3311 215 3351 summa
237 3301 282 3352 est
302 3310 421 3372 quanam
448 3294 563 3371 ratione
589 3298 745 3354 intantum
768 3295 944 3355 altitudinem
964 3297 1094 3358 subiecta
1196 3365 1199 3372 ,

110 3378 167 3436 sint
181 3386 336 3439 caementa.
371 3377 420 3437 alii
440 3379 517 3438 nitro
533 3394 566 3438 ac
584 3376 646 3438 sale
661 3376 844 3454 adaggeratis
860 3395 924 3438 cum
941 3389 1094 3442 crescente
