<?xml version="1.0" encoding="UTF-8"?>
<!DOCTYPE html PUBLIC "-//W3C//DTD XHTML 1.0 Transitional//EN"
    "http://www.w3.org/TR/xhtml1/DTD/xhtml1-transitional.dtd">
<html xmlns="http://www.w3.org/1999/xhtml" xml:lang="en" lang="en">
 <head>
  <title>
</title>
<meta http-equiv="Content-Type" content="text/html;charset=utf-8" />
  <meta name='ocr-system' content='tesseract 3.04.00' />
  <meta name='ocr-capabilities' content='ocr_page ocr_carea ocr_par ocr_line ocrx_word'/>
</head>
<body>
  <div class='ocr_page' id='page_1' title='image "./cplinisecundina24plingoog_0379.png"; bbox 0 0 2484 3817; ppageno 0'>
   <div class='ocr_carea' id='block_1_1' title="bbox 304 162 1081 273">
    <p class='ocr_par' dir='ltr' id='par_1_1' title="bbox 304 162 1081 273">
     <span class='ocr_line' id='line_1_1' title="bbox 304 162 1081 273; baseline 0 -13"><span class='ocrx_word' id='word_1_1' title='bbox 304 162 309 170; x_wconf 28' lang='grc' dir='ltr'>Ι</span> <span class='ocrx_word' id='word_1_2' title='bbox 326 215 404 260; x_wconf 78' lang='lat' dir='ltr'><strong>unu.</strong></span> <span class='ocrx_word' id='word_1_3' title='bbox 420 213 511 262; x_wconf 83' lang='lat' dir='ltr'><strong>ursa.</strong></span> <span class='ocrx_word' id='word_1_4' title='bbox 528 203 862 273; x_wconf 80' lang='lat' dir='ltr'><strong>xxx11.1o.(as-4s.)</strong></span> <span class='ocrx_word' id='word_1_5' title='bbox 1019 197 1081 260; x_wconf 77' lang='lat' dir='ltr'><strong>tot</strong></span> 
     </span>
    </p>
   </div>
   <div class='ocr_carea' id='block_1_2' title="bbox 54 364 1189 3516">
    <p class='ocr_par' dir='ltr' id='par_1_2' title="bbox 89 364 1124 694">
     <span class='ocr_line' id='line_1_2' title="bbox 89 364 1082 444; baseline -0.003 -16"><span class='ocrx_word' id='word_1_6' title='bbox 89 365 274 428; x_wconf 74' lang='lat' dir='ltr'><strong>Messalinam</strong></span> <span class='ocrx_word' id='word_1_7' title='bbox 287 367 509 427; x_wconf 88' lang='lat' dir='ltr'><strong>ecouaularibus</strong></span> <span class='ocrx_word' id='word_1_8' title='bbox 523 367 662 444; x_wconf 84' lang='lat' dir='ltr'><strong>patriciis,</strong></span> <span class='ocrx_word' id='word_1_9' title='bbox 674 365 864 443; x_wconf 75' lang='lat' dir='ltr'><strong>cumadgaan</strong></span> <span class='ocrx_word' id='word_1_10' title='bbox 873 364 1082 426; x_wconf 84' lang='lat' dir='ltr'><strong>admisisset-</strong></span> 
     </span>
     <span class='ocr_line' id='line_1_3' title="bbox 90 448 1124 524; baseline 0.003 -15"><span class='ocrx_word' id='word_1_11' title='bbox 90 452 118 509; x_wconf 88' lang='lat' dir='ltr'><strong>in</strong></span> <span class='ocrx_word' id='word_1_12' title='bbox 134 450 237 510; x_wconf 85' lang='lat' dir='ltr'><strong>ueneni</strong></span> <span class='ocrx_word' id='word_1_13' title='bbox 248 450 324 510; x_wconf 84' lang='lat' dir='ltr'><strong>virus</strong></span> <span class='ocrx_word' id='word_1_14' title='bbox 335 451 463 510; x_wconf 87' lang='lat' dir='ltr'><strong>remedio</strong></span> <span class='ocrx_word' id='word_1_15' title='bbox 474 467 572 524; x_wconf 83' lang='lat' dir='ltr'><strong>verso,</strong></span> <span class='ocrx_word' id='word_1_16' title='bbox 584 465 716 508; x_wconf 81' lang='lat' dir='ltr'><strong>maxume</strong></span> <span class='ocrx_word' id='word_1_17' title='bbox 726 449 807 508; x_wconf 83' lang='lat' dir='ltr'><strong>raiae</strong></span> <span class='ocrx_word' id='word_1_18' title='bbox 818 448 1059 508; x_wconf 82' lang='lat' dir='ltr'><strong>italormidaatar.</strong></span> <span class='ocrx_word' id='word_1_19' title='bbox 1073 458 1124 512; x_wconf 81' lang='lat' dir='ltr'><strong>tas</strong></span> 
     </span>
     <span class='ocr_line' id='line_1_4' title="bbox 89 531 1081 616; baseline 0.001 -24"><span class='ocrx_word' id='word_1_20' title='bbox 89 549 164 609; x_wconf 86' lang='lat' dir='ltr'><strong>ergo</strong></span> <span class='ocrx_word' id='word_1_21' title='bbox 176 535 329 609; x_wconf 55' lang='lat' dir='ltr'><strong>sagunen</strong></span> <span class='ocrx_word' id='word_1_22' title='bbox 340 533 421 616; x_wconf 82' lang='lat' dir='ltr'><strong>ruins</strong></span> <span class='ocrx_word' id='word_1_23' title='bbox 430 533 578 593; x_wconf 84' lang='lat' dir='ltr'><strong>iorlicibaa</strong></span> <span class='ocrx_word' id='word_1_24' title='bbox 590 531 769 610; x_wconf 78' lang='lat' dir='ltr'><strong>praecidunt,</strong></span> <span class='ocrx_word' id='word_1_25' title='bbox 777 549 813 592; x_wconf 89' lang='lat' dir='ltr'><strong>ac</strong></span> <span class='ocrx_word' id='word_1_26' title='bbox 822 532 902 591; x_wconf 86' lang='lat' dir='ltr'><strong>velat</strong></span> <span class='ocrx_word' id='word_1_27' title='bbox 912 531 1081 610; x_wconf 70' lang='lat' dir='ltr'><strong>siphonibus</strong></span> 
     </span>
     <span class='ocr_line' id='line_1_5' title="bbox 89 615 1081 694; baseline -0.001 -18"><span class='ocrx_word' id='word_1_28' title='bbox 89 615 189 676; x_wconf 88' lang='lat' dir='ltr'><strong>deiluit</strong></span> <span class='ocrx_word' id='word_1_29' title='bbox 200 615 327 692; x_wconf 77' lang='lat' dir='ltr'><strong>sanguis,</strong></span> <span class='ocrx_word' id='word_1_30' title='bbox 345 616 537 694; x_wconf 79' lang='lat' dir='ltr'><strong>paulatimque</strong></span> <span class='ocrx_word' id='word_1_31' title='bbox 549 617 728 675; x_wconf 85' lang='lat' dir='ltr'><strong>moriontium</strong></span> <span class='ocrx_word' id='word_1_32' title='bbox 743 616 838 693; x_wconf 86' lang='lat' dir='ltr'><strong>capita</strong></span> <span class='ocrx_word' id='word_1_33' title='bbox 855 632 888 675; x_wconf 90' lang='lat' dir='ltr'><strong>se</strong></span> <span class='ocrx_word' id='word_1_34' title='bbox 902 615 1081 692; x_wconf 86' lang='lat' dir='ltr'><strong>contrabant,</strong></span> 
     </span>
    </p>

    <p class='ocr_par' dir='ltr' id='par_1_3' title="bbox 66 696 1082 943">
     <span class='ocr_line' id='line_1_6' title="bbox 66 696 1081 777; baseline -0.005 -13"><span class='ocrx_word' id='word_1_35' title='bbox 66 717 144 764; x_wconf 81' lang='lat' dir='ltr'><strong>nnec</strong></span> <span class='ocrx_word' id='word_1_36' title='bbox 161 698 366 777; x_wconf 87' lang='lat' dir='ltr'><strong>relinquuntur.</strong></span> <span class='ocrx_word' id='word_1_37' title='bbox 394 708 493 759; x_wconf 83' lang='lat' dir='ltr'><strong>namra</strong></span> <span class='ocrx_word' id='word_1_38' title='bbox 507 715 603 758; x_wconf 86' lang='lat' dir='ltr'><strong>earnm</strong></span> <span class='ocrx_word' id='word_1_39' title='bbox 619 698 789 758; x_wconf 78' lang='lat' dir='ltr'><strong>aduersamr</strong></span> <span class='ocrx_word' id='word_1_40' title='bbox 805 696 969 772; x_wconf 78' lang='lat' dir='ltr'><strong>cimicibus,</strong></span> <span class='ocrx_word' id='word_1_41' title='bbox 985 698 1081 759; x_wconf 86' lang='lat' dir='ltr'><strong>suliitn</strong></span> 
     </span>
     <span class='ocr_line' id='line_1_7' title="bbox 88 779 1082 860; baseline 0 -18"><span class='ocrx_word' id='word_1_42' title='bbox 88 792 174 842; x_wconf 86' lang='lat' dir='ltr'><strong>necat</strong></span> <span class='ocrx_word' id='word_1_43' title='bbox 190 799 252 842; x_wconf 90' lang='lat' dir='ltr'><strong>eos.</strong></span> <span class='ocrx_word' id='word_1_44' title='bbox 271 781 449 842; x_wconf 84' lang='lat' dir='ltr'><strong>Fibrinsrum</strong></span> <span class='ocrx_word' id='word_1_45' title='bbox 461 782 579 860; x_wconf 88' lang='lat' dir='ltr'><strong>pellium</strong></span> <span class='ocrx_word' id='word_1_46' title='bbox 593 799 657 840; x_wconf 88' lang='lat' dir='ltr'><strong>cum</strong></span> <span class='ocrx_word' id='word_1_47' title='bbox 668 783 735 860; x_wconf 89' lang='lat' dir='ltr'><strong>pice</strong></span> <span class='ocrx_word' id='word_1_48' title='bbox 748 780 855 859; x_wconf 88' lang='lat' dir='ltr'><strong>liquida</strong></span> <span class='ocrx_word' id='word_1_49' title='bbox 870 779 1082 842; x_wconf 84' lang='lat' dir='ltr'><strong>combusturam</strong></span> 
     </span>
     <span class='ocr_line' id='line_1_8' title="bbox 89 864 860 943; baseline -0.004 -16"><span class='ocrx_word' id='word_1_50' title='bbox 89 867 162 927; x_wconf 90' lang='lat' dir='ltr'><strong>cinis</strong></span> <span class='ocrx_word' id='word_1_51' title='bbox 176 866 283 924; x_wconf 89' lang='lat' dir='ltr'><strong>narium</strong></span> <span class='ocrx_word' id='word_1_52' title='bbox 298 865 438 943; x_wconf 79' lang='lat' dir='ltr'><strong>profluvia</strong></span> <span class='ocrx_word' id='word_1_53' title='bbox 454 867 529 926; x_wconf 87' lang='lat' dir='ltr'><strong>sistit</strong></span> <span class='ocrx_word' id='word_1_54' title='bbox 545 881 616 924; x_wconf 89' lang='lat' dir='ltr'><strong>suco</strong></span> <span class='ocrx_word' id='word_1_55' title='bbox 631 867 710 942; x_wconf 89' lang='lat' dir='ltr'><strong>porri</strong></span> <span class='ocrx_word' id='word_1_56' title='bbox 724 864 860 924; x_wconf 90' lang='lat' dir='ltr'><strong>mollitus.</strong></span> 
     </span>
    </p>

    <p class='ocr_par' dir='ltr' id='par_1_4' title="bbox 89 947 1122 1110">
     <span class='ocr_line' id='line_1_9' title="bbox 152 947 1122 1027; baseline 0.004 -19"><span class='ocrx_word' id='word_1_57' title='bbox 152 947 236 1027; x_wconf 81' lang='lat'>(43.)</span> <span class='ocrx_word' id='word_1_58' title='bbox 257 948 390 1008; x_wconf 73' lang='lat' dir='ltr'><strong>Extrahit</strong></span> <span class='ocrx_word' id='word_1_59' title='bbox 402 951 519 1027; x_wconf 85' lang='lat' dir='ltr'><strong>corpori</strong></span> <span class='ocrx_word' id='word_1_60' title='bbox 532 950 591 1008; x_wconf 86' lang='lat' dir='ltr'><strong>tela</strong></span> <span class='ocrx_word' id='word_1_61' title='bbox 603 949 781 1008; x_wconf 70' lang='lat' dir='ltr'><strong>inhaerentia</strong></span> <span class='ocrx_word' id='word_1_62' title='bbox 789 949 954 1026; x_wconf 77' lang='lat' dir='ltr'><strong>saepiarum</strong></span> <span class='ocrx_word' id='word_1_63' title='bbox 966 956 1061 1007; x_wconf 87' lang='lat' dir='ltr'><strong>testae</strong></span> <span class='ocrx_word' id='word_1_64' title='bbox 1072 957 1122 1012; x_wconf 71' lang='lat'><strong>125</strong></span> 
     </span>
     <span class='ocr_line' id='line_1_10' title="bbox 89 1031 1082 1110; baseline -0.002 -18"><span class='ocrx_word' id='word_1_65' title='bbox 89 1034 171 1110; x_wconf 86' lang='lat' dir='ltr'><strong>cinis,</strong></span> <span class='ocrx_word' id='word_1_66' title='bbox 187 1033 255 1090; x_wconf 90' lang='lat' dir='ltr'><strong>item</strong></span> <span class='ocrx_word' id='word_1_67' title='bbox 267 1048 455 1110; x_wconf 78' lang='lat' dir='ltr'><strong>purpurarum</strong></span> <span class='ocrx_word' id='word_1_68' title='bbox 469 1041 561 1093; x_wconf 88' lang='lat' dir='ltr'><strong>testae</strong></span> <span class='ocrx_word' id='word_1_69' title='bbox 573 1049 611 1091; x_wconf 83' lang='lat' dir='ltr'><strong>ex</strong></span> <span class='ocrx_word' id='word_1_70' title='bbox 622 1049 707 1110; x_wconf 83' lang='lat' dir='ltr'><strong>aqna,</strong></span> <span class='ocrx_word' id='word_1_71' title='bbox 718 1031 956 1092; x_wconf 85' lang='lat' dir='ltr'><strong>salsamentorum</strong></span> <span class='ocrx_word' id='word_1_72' title='bbox 968 1048 1082 1108; x_wconf 71' lang='lat' dir='ltr'><strong>munes,</strong></span> 
     </span>
    </p>

    <p class='ocr_par' dir='ltr' id='par_1_5' title="bbox 55 1109 1082 1361">
     <span class='ocr_line' id='line_1_11' title="bbox 55 1109 1082 1193; baseline 0.002 -22"><span class='ocrx_word' id='word_1_73' title='bbox 55 1129 79 1172; x_wconf 80' lang='lat' dir='ltr'><strong>nu</strong></span> <span class='ocrx_word' id='word_1_74' title='bbox 91 1116 188 1175; x_wconf 85' lang='lat' dir='ltr'><strong>cancri</strong></span> <span class='ocrx_word' id='word_1_75' title='bbox 203 1109 356 1175; x_wconf 80' lang='lat' dir='ltr'><strong>fluviatiles</strong></span> <span class='ocrx_word' id='word_1_76' title='bbox 372 1115 446 1191; x_wconf 85' lang='lat' dir='ltr'><strong>triti,</strong></span> <span class='ocrx_word' id='word_1_77' title='bbox 472 1116 552 1176; x_wconf 89' lang='lat' dir='ltr'><strong>siluri</strong></span> <span class='ocrx_word' id='word_1_78' title='bbox 572 1115 734 1189; x_wconf 63' lang='lat' dir='ltr'><strong>darriatilis⁹</strong></span> <span class='ocrx_word' id='word_1_79' title='bbox 756 1116 804 1193; x_wconf 90' lang='lat' dir='ltr'><strong>qni</strong></span> <span class='ocrx_word' id='word_1_80' title='bbox 821 1123 851 1174; x_wconf 91' lang='lat' dir='ltr'><strong>et</strong></span> <span class='ocrx_word' id='word_1_81' title='bbox 869 1113 937 1175; x_wconf 79' lang='lat' dir='ltr'><strong>alibi</strong></span> <span class='ocrx_word' id='word_1_82' title='bbox 951 1131 1037 1192; x_wconf 88' lang='lat' dir='ltr'><strong>quam</strong></span> <span class='ocrx_word' id='word_1_83' title='bbox 1052 1115 1082 1173; x_wconf 91' lang='lat' dir='ltr'><strong>in</strong></span> 
     </span>
     <span class='ocr_line' id='line_1_12' title="bbox 88 1189 1082 1277; baseline -0.002 -19"><span class='ocrx_word' id='word_1_84' title='bbox 88 1197 156 1258; x_wconf 90' lang='lat' dir='ltr'><strong>Nilo</strong></span> <span class='ocrx_word' id='word_1_85' title='bbox 170 1199 313 1274; x_wconf 86' lang='lat' dir='ltr'><strong>nascitur,</strong></span> <span class='ocrx_word' id='word_1_86' title='bbox 339 1215 442 1258; x_wconf 83' lang='lat' dir='ltr'><strong>carnes</strong></span> <span class='ocrx_word' id='word_1_87' title='bbox 457 1189 606 1277; x_wconf 79' lang='lat' dir='ltr'><strong>inpositae</strong></span> <span class='ocrx_word' id='word_1_88' title='bbox 620 1197 749 1259; x_wconf 85' lang='lat' dir='ltr'><strong>recentis</strong></span> <span class='ocrx_word' id='word_1_89' title='bbox 764 1200 828 1258; x_wconf 84' lang='lat' dir='ltr'><strong>sire</strong></span> <span class='ocrx_word' id='word_1_90' title='bbox 843 1198 922 1258; x_wconf 86' lang='lat' dir='ltr'><strong>salsi.</strong></span> <span class='ocrx_word' id='word_1_91' title='bbox 951 1197 1082 1258; x_wconf 87' lang='lat' dir='ltr'><strong>eiusdem</strong></span> 
     </span>
     <span class='ocr_line' id='line_1_13' title="bbox 90 1280 1079 1361; baseline -0.003 -19"><span class='ocrx_word' id='word_1_92' title='bbox 90 1284 161 1342; x_wconf 89' lang='lat' dir='ltr'><strong>cinis</strong></span> <span class='ocrx_word' id='word_1_93' title='bbox 174 1283 308 1358; x_wconf 85' lang='lat' dir='ltr'><strong>extrahit,</strong></span> <span class='ocrx_word' id='word_1_94' title='bbox 323 1281 405 1361; x_wconf 88' lang='lat' dir='ltr'><strong>adips</strong></span> <span class='ocrx_word' id='word_1_95' title='bbox 420 1291 450 1358; x_wconf 86' lang='lat' dir='ltr'><strong>et</strong></span> <span class='ocrx_word' id='word_1_96' title='bbox 465 1284 537 1342; x_wconf 86' lang='lat' dir='ltr'><strong>ninia</strong></span> <span class='ocrx_word' id='word_1_97' title='bbox 552 1284 653 1361; x_wconf 85' lang='lat' dir='ltr'><strong>spinae</strong></span> <span class='ocrx_word' id='word_1_98' title='bbox 668 1283 730 1341; x_wconf 89' lang='lat' dir='ltr'><strong>cius</strong></span> <span class='ocrx_word' id='word_1_99' title='bbox 741 1283 835 1342; x_wconf 86' lang='lat' dir='ltr'><strong>ricem</strong></span> <span class='ocrx_word' id='word_1_100' title='bbox 848 1280 933 1359; x_wconf 87' lang='lat' dir='ltr'><strong>spodi</strong></span> <span class='ocrx_word' id='word_1_101' title='bbox 947 1280 1079 1359; x_wconf 87' lang='lat' dir='ltr'><strong>praebet.</strong></span> 
     </span>
    </p>

    <p class='ocr_par' dir='ltr' id='par_1_6' title="bbox 89 1364 1123 1527">
     <span class='ocr_line' id='line_1_14' title="bbox 153 1364 1123 1445; baseline 0 -19"><span class='ocrx_word' id='word_1_102' title='bbox 153 1365 236 1442; x_wconf 86' lang='grc'>(44.)</span> <span class='ocrx_word' id='word_1_103' title='bbox 258 1364 365 1426; x_wconf 86' lang='lat' dir='ltr'><strong>Ulcera</strong></span> <span class='ocrx_word' id='word_1_104' title='bbox 377 1383 451 1443; x_wconf 86' lang='lat' dir='ltr'><strong>quae</strong></span> <span class='ocrx_word' id='word_1_105' title='bbox 467 1375 587 1445; x_wconf 86' lang='lat' dir='ltr'><strong>serpunt</strong></span> <span class='ocrx_word' id='word_1_106' title='bbox 602 1375 632 1424; x_wconf 89' lang='lat' dir='ltr'><strong>et</strong></span> <span class='ocrx_word' id='word_1_107' title='bbox 649 1367 763 1444; x_wconf 83' lang='lat' dir='ltr'><strong>quaein</strong></span> <span class='ocrx_word' id='word_1_108' title='bbox 778 1366 814 1424; x_wconf 94' lang='lat' dir='ltr'><strong>iis</strong></span> <span class='ocrx_word' id='word_1_109' title='bbox 824 1373 999 1424; x_wconf 77' lang='lat' dir='ltr'><strong>exarescant</strong></span> <span class='ocrx_word' id='word_1_110' title='bbox 1013 1381 1060 1424; x_wconf 87' lang='lat' dir='ltr'><strong>na·</strong></span> <span class='ocrx_word' id='word_1_111' title='bbox 1073 1372 1123 1426; x_wconf 74' lang='lat' dir='ltr'><strong>ito</strong></span> 
     </span>
     <span class='ocr_line' id='line_1_15' title="bbox 89 1449 1081 1527; baseline 0 -21"><span class='ocrx_word' id='word_1_112' title='bbox 89 1449 158 1527; x_wconf 89' lang='lat' dir='ltr'><strong>pitia</strong></span> <span class='ocrx_word' id='word_1_113' title='bbox 172 1465 315 1508; x_wconf 88' lang='lat' dir='ltr'><strong>menarum</strong></span> <span class='ocrx_word' id='word_1_114' title='bbox 332 1451 404 1509; x_wconf 90' lang='lat' dir='ltr'><strong>cinis</strong></span> <span class='ocrx_word' id='word_1_115' title='bbox 419 1449 467 1510; x_wconf 84' lang='lat' dir='ltr'><strong>rel</strong></span> <span class='ocrx_word' id='word_1_116' title='bbox 482 1450 561 1509; x_wconf 87' lang='lat' dir='ltr'><strong>siluri</strong></span> <span class='ocrx_word' id='word_1_117' title='bbox 577 1458 706 1525; x_wconf 86' lang='lat' dir='ltr'><strong>coercet,</strong></span> <span class='ocrx_word' id='word_1_118' title='bbox 721 1450 913 1508; x_wconf 76' lang='lat' dir='ltr'><strong>carcinomata</strong></span> <span class='ocrx_word' id='word_1_119' title='bbox 929 1463 1081 1525; x_wconf 87' lang='lat' dir='ltr'><strong>percarum</strong></span> 
     </span>
    </p>

    <p class='ocr_par' dir='ltr' id='par_1_7' title="bbox 54 1529 1189 2851">
     <span class='ocr_line' id='line_1_16' title="bbox 55 1529 1083 1608; baseline -0.001 -18"><span class='ocrx_word' id='word_1_120' title='bbox 55 1549 81 1590; x_wconf 80' lang='lat' dir='ltr'><strong>aa</strong></span> <span class='ocrx_word' id='word_1_121' title='bbox 92 1532 185 1608; x_wconf 85' lang='lat' dir='ltr'><strong>capita</strong></span> <span class='ocrx_word' id='word_1_122' title='bbox 200 1532 354 1608; x_wconf 83' lang='lat' dir='ltr'><strong>salsarum,</strong></span> <span class='ocrx_word' id='word_1_123' title='bbox 376 1533 527 1593; x_wconf 84' lang='lat' dir='ltr'><strong>eibcaoias</strong></span> <span class='ocrx_word' id='word_1_124' title='bbox 547 1535 570 1592; x_wconf 86' lang='lat' dir='ltr'><strong>si</strong></span> <span class='ocrx_word' id='word_1_125' title='bbox 587 1534 687 1592; x_wconf 78' lang='lat' dir='ltr'><strong>ninere</strong></span> <span class='ocrx_word' id='word_1_126' title='bbox 706 1549 804 1592; x_wconf 86' lang='lat' dir='ltr'><strong>earam</strong></span> <span class='ocrx_word' id='word_1_127' title='bbox 820 1531 976 1590; x_wconf 82' lang='lat' dir='ltr'><strong>misceatur</strong></span> <span class='ocrx_word' id='word_1_128' title='bbox 992 1529 1037 1590; x_wconf 91' lang='lat' dir='ltr'><strong>sal</strong></span> <span class='ocrx_word' id='word_1_129' title='bbox 1052 1537 1083 1589; x_wconf 89' lang='lat' dir='ltr'><strong>et</strong></span> 
     </span>
     <span class='ocr_line' id='line_1_17' title="bbox 90 1613 1082 1693; baseline -0.002 -18"><span class='ocrx_word' id='word_1_130' title='bbox 90 1615 182 1676; x_wconf 87' lang='lat' dir='ltr'><strong>cunila</strong></span> <span class='ocrx_word' id='word_1_131' title='bbox 200 1616 322 1692; x_wconf 90' lang='lat' dir='ltr'><strong>capitata</strong></span> <span class='ocrx_word' id='word_1_132' title='bbox 339 1617 466 1693; x_wconf 87' lang='lat' dir='ltr'><strong>oleoque</strong></span> <span class='ocrx_word' id='word_1_133' title='bbox 487 1614 664 1691; x_wconf 77' lang='lat' dir='ltr'><strong>subigantur.</strong></span> <span class='ocrx_word' id='word_1_134' title='bbox 694 1616 791 1674; x_wconf 87' lang='lat' dir='ltr'><strong>cancri</strong></span> <span class='ocrx_word' id='word_1_135' title='bbox 812 1615 912 1672; x_wconf 91' lang='lat' dir='ltr'><strong>marini</strong></span> <span class='ocrx_word' id='word_1_136' title='bbox 936 1615 1008 1672; x_wconf 91' lang='lat' dir='ltr'><strong>cinis</strong></span> <span class='ocrx_word' id='word_1_137' title='bbox 1024 1613 1082 1675; x_wconf 86' lang='lat' dir='ltr'><strong>uati</strong></span> 
     </span>
     <span class='ocr_line' id='line_1_18' title="bbox 89 1694 1081 1776; baseline -0.002 -19"><span class='ocrx_word' id='word_1_138' title='bbox 89 1715 151 1758; x_wconf 89' lang='lat' dir='ltr'><strong>cum</strong></span> <span class='ocrx_word' id='word_1_139' title='bbox 184 1697 301 1776; x_wconf 89' lang='lat' dir='ltr'><strong>plumbo</strong></span> <span class='ocrx_word' id='word_1_140' title='bbox 325 1699 516 1756; x_wconf 89' lang='lat' dir='ltr'><strong>carcinomata</strong></span> <span class='ocrx_word' id='word_1_141' title='bbox 539 1698 701 1774; x_wconf 84' lang='lat' dir='ltr'><strong>conpescit.</strong></span> <span class='ocrx_word' id='word_1_142' title='bbox 730 1697 767 1755; x_wconf 88' lang='lat' dir='ltr'><strong>ad</strong></span> <span class='ocrx_word' id='word_1_143' title='bbox 790 1695 847 1754; x_wconf 90' lang='lat' dir='ltr'><strong>hoc</strong></span> <span class='ocrx_word' id='word_1_144' title='bbox 875 1703 906 1752; x_wconf 88' lang='lat' dir='ltr'><strong>et</strong></span> <span class='ocrx_word' id='word_1_145' title='bbox 935 1694 1081 1756; x_wconf 78' lang='lat' dir='ltr'><strong>fluviatilis</strong></span> 
     </span>
     <span class='ocr_line' id='line_1_19' title="bbox 88 1777 1189 1856; baseline -0.002 -16"><span class='ocrx_word' id='word_1_146' title='bbox 88 1781 194 1841; x_wconf 78' lang='lat' dir='ltr'><strong>suflicit</strong></span> <span class='ocrx_word' id='word_1_147' title='bbox 215 1797 278 1839; x_wconf 90' lang='lat' dir='ltr'><strong>oum</strong></span> <span class='ocrx_word' id='word_1_148' title='bbox 294 1780 381 1839; x_wconf 88' lang='lat' dir='ltr'><strong>melle</strong></span> <span class='ocrx_word' id='word_1_149' title='bbox 401 1779 536 1856; x_wconf 85' lang='lat' dir='ltr'><strong>lineaque</strong></span> <span class='ocrx_word' id='word_1_150' title='bbox 555 1779 707 1854; x_wconf 74' lang='lat' dir='ltr'><strong>lanugine,</strong></span> <span class='ocrx_word' id='word_1_151' title='bbox 730 1778 817 1855; x_wconf 89' lang='lat' dir='ltr'><strong>aliqui</strong></span> <span class='ocrx_word' id='word_1_152' title='bbox 837 1777 945 1836; x_wconf 90' lang='lat' dir='ltr'><strong>malunt</strong></span> <span class='ocrx_word' id='word_1_153' title='bbox 967 1777 1081 1838; x_wconf 86' lang='lat' dir='ltr'><strong>alumen</strong></span> <span class='ocrx_word' id='word_1_154' title='bbox 1186 1848 1189 1853; x_wconf 11' lang='lat' dir='ltr'>y</span> 
     </span>
     <span class='ocr_line' id='line_1_20' title="bbox 87 1858 1081 1940; baseline -0.004 -16"><span class='ocrx_word' id='word_1_155' title='bbox 87 1862 203 1940; x_wconf 87' lang='lat' dir='ltr'><strong>melque</strong></span> <span class='ocrx_word' id='word_1_156' title='bbox 225 1863 342 1921; x_wconf 89' lang='lat' dir='ltr'><strong>misceri</strong></span> <span class='ocrx_word' id='word_1_157' title='bbox 367 1861 465 1920; x_wconf 91' lang='lat' dir='ltr'><strong>cineri.</strong></span> <span class='ocrx_word' id='word_1_158' title='bbox 498 1858 706 1939; x_wconf 82' lang='lat' dir='ltr'><strong>phagedaenae</strong></span> <span class='ocrx_word' id='word_1_159' title='bbox 739 1860 828 1921; x_wconf 90' lang='lat' dir='ltr'><strong>siluro</strong></span> <span class='ocrx_word' id='word_1_160' title='bbox 857 1862 1020 1920; x_wconf 82' lang='lat' dir='ltr'><strong>inveterato</strong></span> <span class='ocrx_word' id='word_1_161' title='bbox 1051 1868 1081 1921; x_wconf 89' lang='lat' dir='ltr'><strong>et</strong></span> 
     </span>
     <span class='ocr_line' id='line_1_21' title="bbox 55 1942 1080 2023; baseline 0.002 -21"><span class='ocrx_word' id='word_1_162' title='bbox 55 1961 153 2008; x_wconf 85' lang='lat' dir='ltr'><strong>nocam</strong></span> <span class='ocrx_word' id='word_1_163' title='bbox 181 1942 338 2004; x_wconf 87' lang='lat' dir='ltr'><strong>sandaraca</strong></span> <span class='ocrx_word' id='word_1_164' title='bbox 365 1943 432 2002; x_wconf 91' lang='lat' dir='ltr'><strong>trito</strong></span> <span class='ocrx_word' id='word_1_165' title='bbox 463 1943 604 2003; x_wconf 88' lang='lat' dir='ltr'><strong>cacoatbe</strong></span> <span class='ocrx_word' id='word_1_166' title='bbox 632 1953 663 2002; x_wconf 91' lang='lat' dir='ltr'><strong>et</strong></span> <span class='ocrx_word' id='word_1_167' title='bbox 691 1960 794 2004; x_wconf 86' lang='lat' dir='ltr'><strong>nomae</strong></span> <span class='ocrx_word' id='word_1_168' title='bbox 825 1953 855 2005; x_wconf 91' lang='lat' dir='ltr'><strong>et</strong></span> <span class='ocrx_word' id='word_1_169' title='bbox 884 1944 1080 2023; x_wconf 84' lang='lat' dir='ltr'><strong>putrescentia</strong></span> 
     </span>
     <span class='ocr_line' id='line_1_22' title="bbox 89 2027 1121 2105; baseline 0.002 -14"><span class='ocrx_word' id='word_1_170' title='bbox 89 2029 176 2105; x_wconf 77' lang='lat' dir='ltr'><strong>cybio</strong></span> <span class='ocrx_word' id='word_1_171' title='bbox 198 2035 300 2086; x_wconf 86' lang='lat' dir='ltr'><strong>vetere</strong></span> <span class='ocrx_word' id='word_1_172' title='bbox 322 2036 466 2086; x_wconf 89' lang='lat' dir='ltr'><strong>sanantur.</strong></span> <span class='ocrx_word' id='word_1_173' title='bbox 507 2044 623 2086; x_wconf 87' lang='lat' dir='ltr'><strong>vermes</strong></span> <span class='ocrx_word' id='word_1_174' title='bbox 642 2028 730 2100; x_wconf 84' lang='lat' dir='ltr'><strong>innati</strong></span> <span class='ocrx_word' id='word_1_175' title='bbox 755 2045 887 2088; x_wconf 75' lang='lat' dir='ltr'><strong>rammam</strong></span> <span class='ocrx_word' id='word_1_176' title='bbox 911 2027 984 2087; x_wconf 87' lang='lat' dir='ltr'><strong>ielle</strong></span> <span class='ocrx_word' id='word_1_177' title='bbox 1005 2028 1121 2093; x_wconf 74' lang='lat' dir='ltr'><strong>tol-127</strong></span> 
     </span>
     <span class='ocr_line' id='line_1_23' title="bbox 88 2109 1080 2188; baseline -0.004 -14"><span class='ocrx_word' id='word_1_178' title='bbox 88 2115 200 2183; x_wconf 78' lang='lat' dir='ltr'><strong>luntas,</strong></span> <span class='ocrx_word' id='word_1_179' title='bbox 236 2109 350 2170; x_wconf 87' lang='lat' dir='ltr'><strong>batulac</strong></span> <span class='ocrx_word' id='word_1_180' title='bbox 382 2111 548 2188; x_wconf 84' lang='lat' dir='ltr'><strong>aperiuntur</strong></span> <span class='ocrx_word' id='word_1_181' title='bbox 575 2111 775 2188; x_wconf 87' lang='lat' dir='ltr'><strong>siccanturque</strong></span> <span class='ocrx_word' id='word_1_182' title='bbox 804 2111 987 2172; x_wconf 83' lang='lat' dir='ltr'><strong>salsamentis</strong></span> <span class='ocrx_word' id='word_1_183' title='bbox 1017 2129 1080 2171; x_wconf 84' lang='lat' dir='ltr'><strong>coar</strong></span> 
     </span>
     <span class='ocr_line' id='line_1_24' title="bbox 88 2193 1079 2273; baseline -0.001 -17"><span class='ocrx_word' id='word_1_184' title='bbox 88 2194 209 2256; x_wconf 86' lang='lat' dir='ltr'><strong>linteolo</strong></span> <span class='ocrx_word' id='word_1_185' title='bbox 226 2194 365 2270; x_wconf 86' lang='lat' dir='ltr'><strong>inmissis,</strong></span> <span class='ocrx_word' id='word_1_186' title='bbox 381 2195 511 2273; x_wconf 87' lang='lat' dir='ltr'><strong>intraque</strong></span> <span class='ocrx_word' id='word_1_187' title='bbox 528 2193 648 2254; x_wconf 85' lang='lat' dir='ltr'><strong>alteram</strong></span> <span class='ocrx_word' id='word_1_188' title='bbox 660 2193 737 2254; x_wconf 88' lang='lat' dir='ltr'><strong>diem</strong></span> <span class='ocrx_word' id='word_1_189' title='bbox 754 2195 859 2256; x_wconf 90' lang='lat' dir='ltr'><strong>callum</strong></span> <span class='ocrx_word' id='word_1_190' title='bbox 873 2211 985 2255; x_wconf 82' lang='lat' dir='ltr'><strong>omnent</strong></span> <span class='ocrx_word' id='word_1_191' title='bbox 1000 2195 1079 2256; x_wconf 83' lang='lat' dir='ltr'><strong>anic·</strong></span> 
     </span>
     <span class='ocr_line' id='line_1_25' title="bbox 89 2277 1094 2357; baseline -0.001 -18"><span class='ocrx_word' id='word_1_192' title='bbox 89 2289 155 2339; x_wconf 87' lang='lat' dir='ltr'><strong>runt</strong></span> <span class='ocrx_word' id='word_1_193' title='bbox 169 2287 199 2338; x_wconf 91' lang='lat' dir='ltr'><strong>et</strong></span> <span class='ocrx_word' id='word_1_194' title='bbox 212 2277 406 2356; x_wconf 82' lang='lat' dir='ltr'><strong>putrescentia</strong></span> <span class='ocrx_word' id='word_1_195' title='bbox 418 2277 545 2336; x_wconf 86' lang='lat' dir='ltr'><strong>ulcerum</strong></span> <span class='ocrx_word' id='word_1_196' title='bbox 561 2295 692 2356; x_wconf 83' lang='lat' dir='ltr'><strong>qusaqne</strong></span> <span class='ocrx_word' id='word_1_197' title='bbox 705 2287 823 2357; x_wconf 90' lang='lat' dir='ltr'><strong>serpant</strong></span> <span class='ocrx_word' id='word_1_198' title='bbox 832 2279 981 2356; x_wconf 86' lang='lat' dir='ltr'><strong>emplastri</strong></span> <span class='ocrx_word' id='word_1_199' title='bbox 993 2278 1094 2350; x_wconf 51' lang='lat' dir='ltr'><strong>modo,</strong></span> 
     </span>
     <span class='ocr_line' id='line_1_26' title="bbox 54 2359 1079 2438; baseline 0.001 -18"><span class='ocrx_word' id='word_1_200' title='bbox 54 2379 81 2420; x_wconf 81' lang='lat' dir='ltr'><strong>aa</strong></span> <span class='ocrx_word' id='word_1_201' title='bbox 93 2363 209 2422; x_wconf 88' lang='lat' dir='ltr'><strong>subactu</strong></span> <span class='ocrx_word' id='word_1_202' title='bbox 225 2370 253 2420; x_wconf 86' lang='lat' dir='ltr'><strong>et</strong></span> <span class='ocrx_word' id='word_1_203' title='bbox 270 2361 357 2420; x_wconf 90' lang='lat' dir='ltr'><strong>inlita.</strong></span> <span class='ocrx_word' id='word_1_204' title='bbox 386 2369 416 2420; x_wconf 87' lang='lat' dir='ltr'><strong>et</strong></span> <span class='ocrx_word' id='word_1_205' title='bbox 436 2359 514 2420; x_wconf 85' lang='lat' dir='ltr'><strong>allex</strong></span> <span class='ocrx_word' id='word_1_206' title='bbox 538 2369 643 2438; x_wconf 76' lang='lat' dir='ltr'><strong>purgat</strong></span> <span class='ocrx_word' id='word_1_207' title='bbox 656 2362 755 2422; x_wconf 88' lang='lat' dir='ltr'><strong>ulcera</strong></span> <span class='ocrx_word' id='word_1_208' title='bbox 769 2362 798 2421; x_wconf 88' lang='lat' dir='ltr'><strong>iu</strong></span> <span class='ocrx_word' id='word_1_209' title='bbox 814 2361 942 2422; x_wconf 89' lang='lat' dir='ltr'><strong>linteolis</strong></span> <span class='ocrx_word' id='word_1_210' title='bbox 958 2378 1079 2421; x_wconf 91' lang='lat' dir='ltr'><strong>concer-</strong></span> 
     </span>
     <span class='ocr_line' id='line_1_27' title="bbox 91 2443 1079 2524; baseline -0.001 -19"><span class='ocrx_word' id='word_1_211' title='bbox 91 2446 164 2524; x_wconf 87' lang='lat' dir='ltr'><strong>ptis,</strong></span> <span class='ocrx_word' id='word_1_212' title='bbox 186 2445 252 2503; x_wconf 89' lang='lat' dir='ltr'><strong>item</strong></span> <span class='ocrx_word' id='word_1_213' title='bbox 266 2444 433 2504; x_wconf 85' lang='lat' dir='ltr'><strong>echinorum</strong></span> <span class='ocrx_word' id='word_1_214' title='bbox 448 2452 540 2504; x_wconf 87' lang='lat' dir='ltr'><strong>testae</strong></span> <span class='ocrx_word' id='word_1_215' title='bbox 562 2445 644 2504; x_wconf 87' lang='lat' dir='ltr'><strong>cinis.</strong></span> <span class='ocrx_word' id='word_1_216' title='bbox 670 2443 862 2506; x_wconf 82' lang='lat' dir='ltr'><strong>carbunculos</strong></span> <span class='ocrx_word' id='word_1_217' title='bbox 878 2445 1079 2505; x_wconf 86' lang='lat' dir='ltr'><strong>coracinorum</strong></span> 
     </span>
     <span class='ocr_line' id='line_1_28' title="bbox 91 2527 1079 2604; baseline -0.003 -16"><span class='ocrx_word' id='word_1_218' title='bbox 91 2527 262 2588; x_wconf 83' lang='lat' dir='ltr'><strong>salsamenta</strong></span> <span class='ocrx_word' id='word_1_219' title='bbox 273 2527 353 2588; x_wconf 91' lang='lat' dir='ltr'><strong>inlita</strong></span> <span class='ocrx_word' id='word_1_220' title='bbox 362 2527 525 2604; x_wconf 85' lang='lat' dir='ltr'><strong>discutiunt,</strong></span> <span class='ocrx_word' id='word_1_221' title='bbox 535 2528 602 2586; x_wconf 84' lang='lat' dir='ltr'><strong>item</strong></span> <span class='ocrx_word' id='word_1_222' title='bbox 613 2527 764 2588; x_wconf 87' lang='lat' dir='ltr'><strong>mullorum</strong></span> <span class='ocrx_word' id='word_1_223' title='bbox 772 2527 937 2590; x_wconf 81' lang='lat' dir='ltr'><strong>salsamemi</strong></span> <span class='ocrx_word' id='word_1_224' title='bbox 950 2528 1079 2602; x_wconf 65' lang='lat' dir='ltr'><strong>ciria-</strong></span> 
     </span>
     <span class='ocr_line' id='line_1_29' title="bbox 92 2609 1080 2689; baseline 0.002 -21"><span class='ocrx_word' id='word_1_225' title='bbox 92 2609 204 2689; x_wconf 84' lang='lat' dir='ltr'><strong>quidam</strong></span> <span class='ocrx_word' id='word_1_226' title='bbox 220 2612 314 2688; x_wconf 89' lang='lat' dir='ltr'><strong>capite</strong></span> <span class='ocrx_word' id='word_1_227' title='bbox 327 2619 433 2670; x_wconf 84' lang='lat' dir='ltr'><strong>tanturn</strong></span> <span class='ocrx_word' id='word_1_228' title='bbox 445 2619 559 2670; x_wconf 88' lang='lat' dir='ltr'><strong>utuntur</strong></span> <span class='ocrx_word' id='word_1_229' title='bbox 576 2627 640 2669; x_wconf 88' lang='lat' dir='ltr'><strong>cam</strong></span> <span class='ocrx_word' id='word_1_230' title='bbox 653 2611 800 2688; x_wconf 84' lang='lat' dir='ltr'><strong>melle‚·-</strong></span> <span class='ocrx_word' id='word_1_231' title='bbox 811 2612 860 2672; x_wconf 87' lang='lat' dir='ltr'><strong>rel</strong></span> <span class='ocrx_word' id='word_1_232' title='bbox 879 2611 1080 2670; x_wconf 86' lang='lat' dir='ltr'><strong>coracinorum</strong></span> 
     </span>
     <span class='ocr_line' id='line_1_30' title="bbox 92 2693 1078 2770; baseline 0.002 -18"><span class='ocrx_word' id='word_1_233' title='bbox 92 2709 204 2753; x_wconf 89' lang='lat' dir='ltr'><strong>carnes.</strong></span> <span class='ocrx_word' id='word_1_234' title='bbox 226 2693 362 2752; x_wconf 88' lang='lat' dir='ltr'><strong>maricam</strong></span> <span class='ocrx_word' id='word_1_235' title='bbox 376 2694 448 2752; x_wconf 90' lang='lat' dir='ltr'><strong>ciuis</strong></span> <span class='ocrx_word' id='word_1_236' title='bbox 462 2710 525 2752; x_wconf 90' lang='lat' dir='ltr'><strong>cnm</strong></span> <span class='ocrx_word' id='word_1_237' title='bbox 540 2693 610 2752; x_wconf 92' lang='lat' dir='ltr'><strong>oleo</strong></span> <span class='ocrx_word' id='word_1_238' title='bbox 622 2701 762 2754; x_wconf 85' lang='lat' dir='ltr'><strong>tumorem</strong></span> <span class='ocrx_word' id='word_1_239' title='bbox 772 2694 857 2770; x_wconf 85' lang='lat' dir='ltr'><strong>tollit,</strong></span> <span class='ocrx_word' id='word_1_240' title='bbox 874 2694 1026 2754; x_wconf 77' lang='lat' dir='ltr'><strong>cicatrices</strong></span> <span class='ocrx_word' id='word_1_241' title='bbox 1036 2693 1078 2754; x_wconf 89' lang='lat' dir='ltr'><strong>iel</strong></span> 
     </span>
     <span class='ocr_line' id='line_1_31' title="bbox 54 2775 380 2851; baseline -0.025 -11"><span class='ocrx_word' id='word_1_242' title='bbox 54 2793 83 2841; x_wconf 82' lang='lat' dir='ltr'><strong>oo</strong></span> <span class='ocrx_word' id='word_1_243' title='bbox 92 2776 256 2851; x_wconf 75' lang='lat' dir='ltr'><strong>scorpionis</strong></span> <span class='ocrx_word' id='word_1_244' title='bbox 272 2775 380 2834; x_wconf 87' lang='lat' dir='ltr'><strong>marini.</strong></span> 
     </span>
    </p>

    <p class='ocr_par' dir='ltr' id='par_1_8' title="bbox 90 2857 1121 3186">
     <span class='ocr_line' id='line_1_32' title="bbox 155 2857 1121 2938; baseline 0.007 -21"><span class='ocrx_word' id='word_1_245' title='bbox 155 2859 236 2936; x_wconf 81' lang='lat'>(45.)</span> <span class='ocrx_word' id='word_1_246' title='bbox 259 2857 1121 2938; x_wconf 73' lang='lat' dir='ltr'><strong>Venncasnottuglanttocmtnlitamcapittsnenaranrna</strong></span> 
     </span>
     <span class='ocr_line' id='line_1_33' title="bbox 92 2940 1077 3018; baseline 0 -15"><span class='ocrx_word' id='word_1_247' title='bbox 92 2945 161 3004; x_wconf 86' lang='lat' dir='ltr'><strong>cinis</strong></span> <span class='ocrx_word' id='word_1_248' title='bbox 178 2959 240 3002; x_wconf 89' lang='lat' dir='ltr'><strong>cam</strong></span> <span class='ocrx_word' id='word_1_249' title='bbox 253 2940 309 3001; x_wconf 87' lang='lat' dir='ltr'><strong>alio</strong></span> <span class='ocrx_word' id='word_1_250' title='bbox 320 2941 401 3000; x_wconf 87' lang='lat' dir='ltr'><strong>tritus</strong></span> <span class='ocrx_word' id='word_1_251' title='bbox 410 2971 453 2988; x_wconf 85' lang='lat'><strong>-·-</strong></span> <span class='ocrx_word' id='word_1_252' title='bbox 469 2942 504 3002; x_wconf 88' lang='lat' dir='ltr'><strong>ad</strong></span> <span class='ocrx_word' id='word_1_253' title='bbox 521 2942 627 3016; x_wconf 77' lang='lat' dir='ltr'><strong>thymia</strong></span> <span class='ocrx_word' id='word_1_254' title='bbox 640 2943 737 3003; x_wconf 88' lang='lat' dir='ltr'><strong>oradis</strong></span> <span class='ocrx_word' id='word_1_255' title='bbox 751 2952 930 3018; x_wconf 79' lang='lat' dir='ltr'><strong>utuntur-,</strong></span> <span class='ocrx_word' id='word_1_256' title='bbox 945 2941 986 3002; x_wconf 89' lang='lat' dir='ltr'><strong>iel</strong></span> <span class='ocrx_word' id='word_1_257' title='bbox 998 2959 1077 3003; x_wconf 88' lang='lat' dir='ltr'><strong>scor·</strong></span> 
     </span>
     <span class='ocr_line' id='line_1_34' title="bbox 91 3024 1076 3105; baseline 0 -20"><span class='ocrx_word' id='word_1_258' title='bbox 91 3028 185 3105; x_wconf 90' lang='lat' dir='ltr'><strong>pionis</strong></span> <span class='ocrx_word' id='word_1_259' title='bbox 199 3025 298 3084; x_wconf 87' lang='lat' dir='ltr'><strong>marini</strong></span> <span class='ocrx_word' id='word_1_260' title='bbox 314 3025 382 3099; x_wconf 85' lang='lat' dir='ltr'><strong>ruli,</strong></span> <span class='ocrx_word' id='word_1_261' title='bbox 400 3025 538 3085; x_wconf 80' lang='lat' dir='ltr'><strong>zmarides</strong></span> <span class='ocrx_word' id='word_1_262' title='bbox 553 3027 637 3085; x_wconf 87' lang='lat' dir='ltr'><strong>tritae</strong></span> <span class='ocrx_word' id='word_1_263' title='bbox 652 3026 761 3103; x_wconf 85' lang='lat' dir='ltr'><strong>inlitae,</strong></span> <span class='ocrx_word' id='word_1_264' title='bbox 776 3027 855 3086; x_wconf 82' lang='lat' dir='ltr'><strong>aller</strong></span> <span class='ocrx_word' id='word_1_265' title='bbox 869 3024 1076 3086; x_wconf 80' lang='lat' dir='ltr'><strong>defervefacta.</strong></span> 
     </span>
     <span class='ocr_line' id='line_1_35' title="bbox 90 3107 954 3186; baseline -0.002 -18"><span class='ocrx_word' id='word_1_266' title='bbox 90 3110 223 3185; x_wconf 69' lang='lat' dir='ltr'><strong>unquam</strong></span> <span class='ocrx_word' id='word_1_267' title='bbox 238 3107 399 3168; x_wconf 84' lang='lat' dir='ltr'><strong>scabritiam</strong></span> <span class='ocrx_word' id='word_1_268' title='bbox 419 3109 490 3167; x_wconf 87' lang='lat' dir='ltr'><strong>cinis</strong></span> <span class='ocrx_word' id='word_1_269' title='bbox 505 3125 523 3165; x_wconf 92' lang='lat' dir='ltr'><strong>c</strong></span> <span class='ocrx_word' id='word_1_270' title='bbox 538 3110 791 3186; x_wconf 82' lang='lat' dir='ltr'><strong>capitemenarum</strong></span> <span class='ocrx_word' id='word_1_271' title='bbox 809 3117 954 3169; x_wconf 71' lang='lat' dir='ltr'><strong>emanat.</strong></span> 
     </span>
    </p>

    <p class='ocr_par' dir='ltr' id='par_1_9' title="bbox 57 3190 1119 3516">
     <span class='ocr_line' id='line_1_36' title="bbox 57 3190 1119 3270; baseline 0.004 -19"><span class='ocrx_word' id='word_1_272' title='bbox 57 3207 83 3251; x_wconf 79' lang='lat' dir='ltr'><strong>aa</strong></span> <span class='ocrx_word' id='word_1_273' title='bbox 152 3191 233 3270; x_wconf 84' lang='grc'>(46.)</span> <span class='ocrx_word' id='word_1_274' title='bbox 255 3190 424 3252; x_wconf 86' lang='lat' dir='ltr'><strong>llulieribus</strong></span> <span class='ocrx_word' id='word_1_275' title='bbox 444 3191 528 3250; x_wconf 89' lang='lat' dir='ltr'><strong>lactis</strong></span> <span class='ocrx_word' id='word_1_276' title='bbox 553 3194 666 3268; x_wconf 81' lang='lat' dir='ltr'><strong>copiam</strong></span> <span class='ocrx_word' id='word_1_277' title='bbox 684 3191 755 3252; x_wconf 86' lang='lat' dir='ltr'><strong>lacit</strong></span> <span class='ocrx_word' id='word_1_278' title='bbox 774 3192 938 3269; x_wconf 72' lang='lat' dir='ltr'><strong>glauciscus</strong></span> <span class='ocrx_word' id='word_1_279' title='bbox 959 3209 977 3252; x_wconf 89' lang='lat' dir='ltr'><strong>c</strong></span> <span class='ocrx_word' id='word_1_280' title='bbox 995 3193 1057 3252; x_wconf 87' lang='lat' dir='ltr'><strong>iure</strong></span> <span class='ocrx_word' id='word_1_281' title='bbox 1069 3201 1119 3256; x_wconf 79' lang='lat'><strong>129</strong></span> 
     </span>
     <span class='ocr_line' id='line_1_37' title="bbox 91 3273 1076 3353; baseline 0.002 -19"><span class='ocrx_word' id='word_1_282' title='bbox 91 3283 220 3352; x_wconf 85' lang='lat' dir='ltr'><strong>sumptas</strong></span> <span class='ocrx_word' id='word_1_283' title='bbox 235 3284 265 3334; x_wconf 88' lang='lat' dir='ltr'><strong>et</strong></span> <span class='ocrx_word' id='word_1_284' title='bbox 279 3273 419 3336; x_wconf 78' lang='lat' dir='ltr'><strong>merides</strong></span> <span class='ocrx_word' id='word_1_285' title='bbox 435 3291 498 3334; x_wconf 91' lang='lat' dir='ltr'><strong>cnm</strong></span> <span class='ocrx_word' id='word_1_286' title='bbox 512 3275 602 3334; x_wconf 74' lang='lat' dir='ltr'><strong>baana</strong></span> <span class='ocrx_word' id='word_1_287' title='bbox 613 3283 744 3353; x_wconf 80' lang='lat' dir='ltr'><strong>sumptae</strong></span> <span class='ocrx_word' id='word_1_288' title='bbox 752 3275 801 3335; x_wconf 84' lang='lat' dir='ltr'><strong>rel</strong></span> <span class='ocrx_word' id='word_1_289' title='bbox 813 3291 876 3334; x_wconf 87' lang='lat' dir='ltr'><strong>cam</strong></span> <span class='ocrx_word' id='word_1_290' title='bbox 889 3274 1017 3336; x_wconf 73' lang='lat' dir='ltr'><strong>lenicmo</strong></span> <span class='ocrx_word' id='word_1_291' title='bbox 1027 3275 1076 3336; x_wconf 86' lang='lat' dir='ltr'><strong>de·</strong></span> 
     </span>
     <span class='ocr_line' id='line_1_38' title="bbox 92 3357 1077 3437; baseline -0.001 -19"><span class='ocrx_word' id='word_1_292' title='bbox 92 3367 203 3418; x_wconf 86' lang='lat' dir='ltr'><strong>coctae.</strong></span> <span class='ocrx_word' id='word_1_293' title='bbox 234 3375 368 3418; x_wconf 86' lang='lat' dir='ltr'><strong>mammas</strong></span> <span class='ocrx_word' id='word_1_294' title='bbox 381 3359 460 3436; x_wconf 89' lang='lat' dir='ltr'><strong>ipsas</strong></span> <span class='ocrx_word' id='word_1_295' title='bbox 479 3358 616 3418; x_wconf 80' lang='lat' dir='ltr'><strong>muricum</strong></span> <span class='ocrx_word' id='word_1_296' title='bbox 633 3358 680 3418; x_wconf 82' lang='lat' dir='ltr'><strong>rel</strong></span> <span class='ocrx_word' id='word_1_297' title='bbox 696 3373 840 3437; x_wconf 83' lang='lat' dir='ltr'><strong>purpurae</strong></span> <span class='ocrx_word' id='word_1_298' title='bbox 854 3365 990 3418; x_wconf 73' lang='lat' dir='ltr'><strong>tutorum</strong></span> <span class='ocrx_word' id='word_1_299' title='bbox 1004 3357 1077 3418; x_wconf 86' lang='lat' dir='ltr'><strong>cinis</strong></span> 
     </span>
     <span class='ocr_line' id='line_1_39' title="bbox 91 3439 1078 3516; baseline -0.002 -16"><span class='ocrx_word' id='word_1_300' title='bbox 91 3457 154 3500; x_wconf 85' lang='lat' dir='ltr'><strong>cam</strong></span> <span class='ocrx_word' id='word_1_301' title='bbox 170 3439 256 3500; x_wconf 86' lang='lat' dir='ltr'><strong>melle</strong></span> <span class='ocrx_word' id='word_1_302' title='bbox 277 3441 435 3500; x_wconf 76' lang='lat' dir='ltr'><strong>elimcitcr</strong></span> <span class='ocrx_word' id='word_1_303' title='bbox 452 3447 546 3516; x_wconf 81' lang='lat' dir='ltr'><strong>sanat,</strong></span> <span class='ocrx_word' id='word_1_304' title='bbox 567 3439 635 3500; x_wconf 88' lang='lat' dir='ltr'><strong>item</strong></span> <span class='ocrx_word' id='word_1_305' title='bbox 652 3442 749 3502; x_wconf 84' lang='lat' dir='ltr'><strong>cancri</strong></span> <span class='ocrx_word' id='word_1_306' title='bbox 765 3441 836 3502; x_wconf 85' lang='lat' dir='ltr'><strong>inliti</strong></span> <span class='ocrx_word' id='word_1_307' title='bbox 856 3440 1008 3502; x_wconf 69' lang='lat' dir='ltr'><strong>hamatiles</strong></span> <span class='ocrx_word' id='word_1_308' title='bbox 1029 3440 1078 3498; x_wconf 81' lang='lat' dir='ltr'><strong>vel</strong></span> 
     </span>
    </p>
   </div>
   <div class='ocr_carea' id='block_1_3' title="bbox 793 3523 914 3618">
    <p class='ocr_par' dir='ltr' id='par_1_10' title="bbox 793 3523 914 3618">
     <span class='ocr_line' id='line_1_40' title="bbox 793 3523 914 3618; baseline 0.017 -35"><span class='ocrx_word' id='word_1_309' title='bbox 793 3611 797 3618; x_wconf 76' lang='lat'>.</span> <span class='ocrx_word' id='word_1_310' title='bbox 852 3523 914 3585; x_wconf 79' lang='lat' dir='ltr'><strong>uo*</strong></span> 
     </span>
    </p>
   </div>
   <div class='ocr_carea' id='block_1_4' title="bbox 0 0 1246 3817">
    <p class='ocr_par' dir='ltr' id='par_1_11' title="bbox 0 0 1246 3817">
     <span class='ocr_line' id='line_1_41' title="bbox 0 0 1246 3817; baseline 0 1"><span class='ocrx_word' id='word_1_311' title='bbox 0 0 1246 3817; x_wconf 95' lang='lat' dir='ltr'><strong> </strong></span> 
     </span>
    </p>
   </div>
  </div>
 </body>
</html>
