2484 3817
165 144 223 202 174
500 150 529 198 c.
552 151 648 198 rcum
670 149 817 200 saccum

161 308 304 385 pulvereo
318 306 466 384 adspectu.
495 305 548 365 lon
563 304 638 382 apud
656 303 744 364 lndos
765 304 897 366 violacea
918 315 982 384 est,
1009 327 1100 370 rarum
1122 322 1153 372 ut

160 400 259 450 saturo
273 390 377 450 colore
396 390 500 450 luceat.

118 483 166 539 171
222 474 304 553 (62.)
315 473 466 552 lepidotis
480 490 612 551 squamas
629 472 748 550 piscium
759 474 848 534 uariis
860 473 1009 535 coloribus
1020 478 1150 540 imitatur.
1214 449 1215 524 l

158 557 264 618 Lesbia
279 557 385 636 glaeba
396 558 507 635 patriae
518 555 628 616 babens
641 565 746 616 nomeu
760 558 908 618 iuvenitur
920 567 1015 620 mmor
1028 569 1058 620 et
1073 565 1101 621 in
1109 563 1151 622 ln·
1214 617 1215 630 ,

159 641 213 701 dia.
240 641 519 720 Leucophtbalmos,
534 639 618 700 rutila
630 638 718 731 alias,
730 639 807 700 oculi
818 641 948 720 speciem
958 643 1102 706 candidam
1113 649 1175 706 nis
1214 637 1215 648 ’

41 756 63 794 ,-
158 743 296 803 gramque
316 726 455 786 continet.
496 723 729 802 leucopoecilos
750 723 903 784 candorem
924 727 992 786 mini
1012 730 1100 806 guttis
1115 749 1151 789 ex

158 826 228 868 auro
243 809 402 886 distinguit.
431 807 630 869 libanochrus
655 809 728 867 turis
747 807 961 868 similitudinem
982 811 1109 872 ostendit
1123 822 1151 873 ct

116 902 167 958 171
178 893 273 953 mellis
283 910 392 953 sucum.
410 891 578 952 limoniatis
588 890 689 951 eadem
702 891 816 951 videtur
828 908 901 969 quae
913 894 1093 971 zmaragdos.
1110 894 1152 956 lte

131 1028 136 1036 ,
158 977 269 1055 liparea
283 975 340 1036 hoc
355 984 463 1035 tantum
477 975 614 1052 traditur,
630 975 725 1034 sutilia
742 993 777 1034 ea
793 976 885 1035 omnis
901 976 1013 1038 bestias
1027 982 1150 1040 avocari.

157 1059 344 1136 lysimachos
356 1057 472 1120 Rhodio
485 1060 618 1119 marmori
635 1059 737 1118 similis
752 1059 878 1120 aureatis
892 1061 977 1120 venis
993 1062 1100 1140 politur
1116 1082 1152 1122 cr
1162 1083 1186 1122 m

158 1149 268 1206 maiore
283 1143 468 1221 amplitudine
483 1145 512 1202 iu
526 1145 674 1220 angustias
699 1151 728 1202 ut
743 1141 856 1203 inutilia
868 1151 1049 1220 eximantur.
1081 1145 1153 1206 beu-

157 1230 317 1304 cocirrpsos
333 1227 364 1285 iit
381 1245 399 1286 e
413 1225 595 1302 chrysolitho
609 1225 843 1286 iuteralbicaute.

116 1322 168 1377 173
220 1312 304 1390 (63.)
318 1309 482 1370 Memnonia
497 1309 589 1388 qualis
604 1311 645 1370 sit
659 1328 717 1370 uon
731 1310 862 1372 traditur.
890 1309 985 1372 bledla
1000 1313 1081 1390 nigra
1096 1323 1153 1390 cst,

157 1397 192 1456 ab
205 1395 300 1455 bledla
315 1394 364 1454 illa
377 1393 511 1455 fabulosa
524 1395 652 1470 inventa,
668 1393 757 1454 babet
770 1412 861 1454 venas
875 1396 955 1456 aurei
971 1395 1091 1473 coloris,
1107 1416 1153 1457 su-

157 1479 258 1540 dorem
278 1477 373 1539 reddit
391 1480 487 1555 croci,
508 1495 644 1556 saporem
660 1478 727 1538 vini.
768 1474 922 1539 Maronitis
937 1496 1080 1556 papavera
1102 1499 1189 1540 err-15

158 1566 262 1643 primit.
300 1561 426 1623 llitbrax
447 1581 465 1624 c
486 1561 587 1622 Persis
609 1563 689 1622 veuit
715 1569 745 1622 et
765 1560 858 1622 Rubri
881 1563 964 1621 maris
991 1562 1149 1640 montibus,

157 1648 322 1708 multicolor
352 1665 386 1706 ac
413 1654 516 1707 contra
540 1644 634 1706 solem
654 1647 734 1706 varie
755 1645 913 1723 refulgens.
961 1642 1147 1704 lioroclrtbos

157 1732 282 1811 [colore]
297 1748 438 1810 porracca
453 1730 528 1790 lacto
540 1730 631 1790 sudat.
657 1728 836 1790 Mormoriou
851 1730 887 1790 ab
899 1729 977 1790 ludia
993 1729 1147 1806 nigerrimo

157 1816 260 1877 colore
275 1814 417 1892 tralucet,
434 1822 554 1873 vocatur
564 1822 595 1874 et
609 1816 779 1891 promnion,
794 1830 857 1874 cum
874 1815 904 1874 in
922 1832 957 1874 ca
971 1814 1104 1873 miscetur
1120 1821 1152 1873 et

157 1899 322 1960 carbunculi
337 1899 436 1973 color,
456 1897 698 1974 Alexandrinum,
723 1897 771 1956 ubi
786 1896 908 1975 sardae,
928 1895 1070 1976 Cyprium.
1103 1913 1191 1957 uaso
1214 1953 1215 1970 ,

158 1985 247 2044 scitur
262 1991 293 2043 et
312 1984 340 2042 in
355 1982 434 2059 'lyro
455 1991 485 2041 et
502 1983 532 2041 iu
547 1979 665 2040 Galatia.
702 1980 884 2041 Xenocrates
908 1990 939 2042 et
961 1981 1014 2040 sub
1029 1980 1155 2058 Alpibus
1214 2031 1215 2052 ,

157 2069 236 2128 nasci
251 2066 346 2128 tradit.
385 2066 440 2126 bae
462 2073 528 2125 sunt
548 2083 678 2143 gemmae
704 2083 778 2142 quae
796 2064 831 2145 ad
854 2073 974 2142 ectypas
994 2064 1157 2142 scalpturas

116 2162 167 2217 lta
176 2159 317 2228 aptantur.
355 2148 504 2224 llyrrbitis
525 2166 639 2208 murrae
659 2149 789 2209 colorem
809 2147 898 2209 habet
922 2150 1084 2226 faciemque
1105 2149 1158 2207 mi·
1214 2167 1215 2204 t

158 2253 240 2294 nume
257 2251 402 2311 gemmae,
424 2233 545 2294 odorem
558 2234 716 2309 auguranti,
733 2234 831 2292 attrita
854 2233 939 2292 etiam
960 2231 1048 2292 nardi.
1078 2230 1160 2307 Myr-

157 2319 263 2378 mecias
289 2318 371 2394 nigra
393 2316 481 2377 habet
507 2317 677 2377 eminentias
699 2316 800 2375 similis
820 2317 969 2392 verrucis,
994 2317 1194 2390 myrsinitisas

154 2402 291 2461 melleum
311 2400 457 2477 colorem,
481 2400 601 2461 odorem
624 2400 716 2475 myrti.
754 2398 940 2460 bl'csoleucos
965 2406 1011 2458 est
1030 2397 1161 2458 madiam

157 2503 296 2562 gemmam
311 2484 431 2544 candido
451 2484 648 2560 distinguente
663 2482 769 2560 limbo,
789 2481 961 2544 mesomelas
976 2483 1058 2559 nigra
1079 2501 1162 2544 vena

158 2569 317 2648 quemlibet
329 2567 460 2628 colorem
478 2575 597 2628 secante
613 2585 667 2646 per
684 2567 815 2628 modium.

116 2663 166 2719 175
219 2647 308 2731 (64.)
319 2650 511 2713 Nasamonitis
532 2658 579 2712 est
598 2652 755 2728 sanguinea
777 2652 868 2728 nigris
890 2651 982 2710 venis.
1020 2647 1162 2710 Nebritis

156 2737 265 2797 Libero
276 2737 351 2815 patri
364 2754 446 2796 sacra
460 2753 565 2796 nomen
579 2737 667 2794 traxit
682 2751 698 2794 a
713 2734 863 2794 nebridum
877 2733 1069 2812 similitudine.
1097 2733 1163 2794 alia
1173 2749 1198 2790 ao

159 2829 205 2881 est
220 2822 304 2897 nigra
321 2821 440 2897 generis
455 2819 593 2879 eiusdem.
633 2817 800 2896 Nipparenc
822 2818 902 2877 urbis
924 2827 955 2878 et
973 2819 1069 2894 gantis
1084 2815 1163 2877 Per·

158 2907 237 2965 sicae
251 2903 340 2964 babet
355 2920 475 2980 nomon,
491 2901 591 2962 similis
608 2902 806 2981 hippopotami
822 2901 967 2962 dentibus.

115 3000 167 3054 176
222 2987 304 3066 (65.)
323 2986 392 3046 Oica
407 2986 523 3046 barbari
542 2987 665 3046 nominis
682 3004 699 3046 e
716 2987 800 3063 nigro
819 2985 944 3044 et‘lulvo
958 2985 1101 3062 viridique
1124 2995 1165 3044 et

157 3071 278 3132 candido
295 3070 399 3149 placet.
437 3069 569 3146 Ombria,
593 3087 676 3146 quam
690 3069 738 3128 alii
759 3069 866 3128 notiam
883 3077 1004 3143 vocant,
1025 3071 1100 3128 sicut
1125 3077 1164 3128 et

158 3155 292 3215 ceraunia
307 3162 337 3214 ct
350 3153 473 3213 brontca
483 3152 588 3225 cadere
602 3169 666 3211 cum
677 3152 816 3212 imbribus
831 3160 861 3212 et
871 3151 1035 3212 fulminibus
1047 3151 1165 3211 dicitur
1177 3168 1204 3208 ss

148 3238 337 3314 eundemque
356 3236 491 3296 effectum
510 3234 629 3296 babere.
669 3244 824 3313 praeterea
844 3235 897 3295 bac
919 3236 949 3294 iu
969 3253 1034 3294 aras
1056 3233 1166 3295 addita

159 3319 313 3378 libamenta
329 3336 387 3379 non
401 3319 526 3378 amburi:
555 3318 715 3381 Onocardia
737 3335 825 3380 cocco
848 3318 948 3377 similis
970 3327 1034 3395 est,
1054 3335 1167 3395 neque

158 3401 233 3459 aliud
248 3400 284 3459 de
301 3419 336 3461 ea
353 3402 480 3462 traditur.
521 3401 609 3461 Oritis
627 3403 750 3479 globosa
772 3402 871 3482 specie
893 3419 909 3462 a
929 3402 1101 3478 quibusdam
1129 3411 1168 3462 ct
