2484 3817
264 169 603 223 cannamomum.
619 174 647 225 6.
662 171 688 226 o.
706 159 856 244 (la—aa.)
997 159 1056 222 167

124 329 153 390 6.
174 325 256 408 (21.)
276 325 431 388 Hinummn
450 327 596 405 iidemque
616 327 777 405 plurumum
798 328 834 387 ab
857 329 894 386 iis
917 327 1099 392 (1666666686)

63 412 151 492 opali,
168 413 331 490 smaragdis
342 419 450 472 tantum
463 410 612 471 cedentes
632 410 711 472 India
728 410 793 471 sola
808 418 838 470 et
852 410 952 470 horum
965 419 1057 472 mater

63 505 116 558 est.
137 505 169 555 ut
183 496 458 574 pretiosissimarum
471 493 566 571 gloria
578 495 724 572 conpositi
740 512 913 572 gemmarum
925 513 1056 555 maxume

61 564 282 640 inenarrabilem
296 577 493 639 dilllcultatem
506 578 647 638 adierunt
672 581 743 638 666·
735 597 763 637 na
781 578 825 636 his
838 578 1003 638 carbunculi
1015 611 1058 625 -

40 663 164 742 aquibus
179 665 353 724 tenuior-
369 663 462 739 ignis,
485 671 531 722 est
546 661 700 738 amethysti
716 662 832 738 lulgens
846 678 989 738 purpura,
1011 670 1058 722 est

45 747 203 824 smaragdi
217 749 317 806 uirens
331 763 429 822 mare,
450 754 555 805 cuncta
572 747 683 824 pariter
701 744 864 804 incredibili
879 747 1001 804 mixtura
1017 745 1058 804 lu·

61 833 162 891 centia.
198 830 247 890 alii
267 847 402 889 summam
423 829 547 906 fulgoris
562 829 702 889 Armenio
724 829 818 888 dolori
841 831 1055 906 pigmentorum
1065 839 1098 893 81

60 932 186 992 aequare
197 913 336 992 creduut,
352 913 400 975 alii
416 913 542 990 sulpuris
555 913 683 973 ardentis
696 912 823 972 dammae
837 921 885 970 666
901 913 976 988 ignis
990 911 1058 970 6166

61 1000 184 1058 accensi.
213 999 380 1074 magnitudo
395 996 555 1056 abellanam
569 1015 671 1056 nucem
687 1005 808 1074 aequat,
828 997 950 1073 insignis
972 997 1059 1055 66666

26 1101 50 1142 so
60 1081 135 1160 apud
159 1081 316 1158 historias,
351 1081 492 1158 siquidem
527 1090 624 1141 exstat
651 1081 797 1158 hodieque
829 1079 912 1139 huius
940 1081 1059 1157 generis
1136 1073 1139 1080 '

59 1183 171 1245 gemma
198 1173 321 1244 propter
348 1182 431 1242 quam
453 1164 489 1223 ab
512 1166 641 1224 Antonio
669 1165 851 1245 proscriptus
876 1173 922 1224 est
947 1163 1058 1223 Nonius

61 1258 198 1324 senator,
224 1248 301 1307 lilius
325 1247 457 1307 Strumae
480 1247 556 1308 Noni
581 1251 645 1308 eius
666 1267 752 1327 quem
775 1246 904 1307 Catullus
924 1257 1014 1326 poeta
1029 1248 1059 1305 in

61 1332 134 1393 sella
161 1332 253 1391 curuli
275 1334 368 1391 visum
396 1333 514 1409 indigne
530 1324 620 1410 tulit,
646 1351 777 1410 avosque
804 1332 912 1392 Servili
933 1331 1059 1391 Noniani

61 1433 147 1493 quem
174 1415 324 1475 consulem
348 1415 478 1475 vidimus.
518 1417 569 1476 6616
596 1419 780 1495 proscriptus
802 1417 918 1491 lugiens
944 1416 1102 1479 16666686

24 1523 50 1563 aa
60 1500 185 1558 fortunis
199 1500 331 1560 omnihus
345 1500 460 1560 anulum
474 1500 594 1560 abstulit
609 1517 716 1559 secum.
741 1506 851 1557 certum
867 1507 912 1557 est
930 1501 1059 1558 sesterio

59 1583 169 1642 viciens
183 1586 387 1659 6666666666,
410 1583 463 1643 sed
483 1587 555 1642 mira
571 1584 681 1642 Antoni
707 1582 809 1641 feritas
835 1589 921 1658 atque
946 1581 1059 1641 luxuria

60 1675 184 1746 propter
198 1685 339 1744 gemmam
355 1665 587 1744 proscribentis,
608 1684 669 1725 neo
680 1661 771 1724 minus
789 1664 865 1724 Noni
881 1667 1059 1740 contumacia

60 1751 306 1830 proscriptionem
321 1766 400 1808 suam
421 1752 559 1823 amantis,
581 1767 644 1808 cum
660 1751 698 1808 eti
702 1768 745 1810 am
760 1749 842 1808 16666
857 1749 961 1808 abrosa
977 1758 1060 1826 parte

60 1836 196 1912 corporis
213 1842 337 1912 propter
355 1850 438 1910 quam
453 1792 613 1930 periclitari
629 1851 662 1892 se
679 1835 770 1892 sciant
797 1833 900 1893 relicta
914 1831 1060 1892 redimere
1128 1843 1130 1856 ’

20 1940 51 1979 ae
61 1937 94 1977 se
110 1917 273 1977 credantur.

120 2001 203 2080 (22.)
225 2000 303 2060 Vitia
322 2002 417 2078 opali,
440 2003 465 2060 si
482 1999 591 2060 color·
581 2017 611 2059 ru
627 1999 729 2059 dorem
750 1999 859 2060 herbae
877 2018 949 2078 quae
971 2016 1058 2058 voca·
1067 2010 1103 2064 83

61 2094 108 2145 tur
127 2083 336 2162 heliotropium
355 2094 443 2146 exeat
462 2092 511 2144 aut
534 2085 562 2142 in
583 2083 750 2159 crystallum
765 2093 813 2143 aut
832 2084 1017 2161 grandinem,
1034 2085 1058 2142 si

60 2169 104 2230 sal
130 2171 306 2228 interveniat
329 2176 378 2228 aut
400 2169 537 2228 scabritia
556 2175 603 2227 aut
628 2175 732 2245 puncta
755 2167 847 2227 oculis
868 2169 1058 2227 occursantia.

60 2253 165 2312 nullos
183 2254 274 2329 magis
300 2252 380 2312 fraus
409 2252 565 2312 indiscreta
591 2250 777 2310 similitudine
803 2254 881 2311 vitro
906 2250 1058 2310 adulterat.
1110 2257 1112 2266 ’

20 2338 294 2413 asexperimentupr
321 2338 351 2395 in
376 2336 441 2396 sole
472 2343 596 2411 tantum,
624 2334 705 2393 lalsis
733 2337 806 2394 enim
833 2345 934 2395 contra
961 2334 1059 2395 radios

60 2418 177 2479 libratis
192 2421 284 2497 digito
300 2439 333 2480 ac
350 2421 476 2499 pollice,
499 2437 571 2477 unus
587 2425 675 2496 atque
691 2417 768 2478 idem
784 2419 908 2478 tralucet
928 2418 1011 2477 colos
1030 2421 1059 2476 in

60 2519 96 2561 se
113 2511 307 2580 consumptus
327 2507 391 2564 reri
406 2505 506 2580 lulgor
522 2503 644 2562 subinde
658 2505 786 2563 variatur
800 2510 830 2562 et
847 2503 933 2561 modo
951 2519 988 2560 ex
1004 2502 1060 2561 boc

60 2583 129 2663 plus
146 2583 233 2644 modo
256 2603 294 2645 cx
311 2587 362 2647 6116
379 2589 508 2668 spargit,
530 2586 685 2686 fulgorque
705 2587 809 2646 lueis
800 2605 829 2646 rn
845 2587 953 2662 digitos
969 2585 1076 2652 tundi.

61 2677 118 2727 tur.
155 2666 234 2727 11666
250 2687 390 2745 gemmam
414 2679 536 2769 propter
558 2672 690 2730 eximiam
715 2674 835 2749 gratiam
855 2669 988 2748 plerique
1009 2686 1056 2746 ap·
1067 2679 1103 2734 64

21 2775 52 2817 66
62 2750 217 2832 pellavere
230 2752 400 2829 paederota.
424 2755 471 2833 qui
487 2756 628 2832 privatum
645 2767 737 2826 genus
753 2754 816 2810 eius
834 2749 1060 2830 1666666666-
1134 2770 1138 2773 ·

62 2853 123 2895 666
143 2835 179 2894 ab
194 2833 272 2894 16166
288 2838 385 2895 vocari
403 2836 524 2897 tradunt.
559 2839 638 2896 nasci
656 2836 788 2897 dicitur
779 2855 808 2896 m
824 2837 961 2914 Aegypto
982 2839 1060 2896 etin

61 2918 192 2996 Arabia,
213 2927 244 2978 et
263 2918 427 2979 vilissima'
418 2939 448 2980 m
468 2919 580 2996 Ponto,
602 2923 695 2980 item
684 2941 715 2990 an
732 2920 841 2980 Galatia
861 2938 895 2980 ac
909 2919 1005 2980 Thaso
1029 2929 1059 2980 et

63 3001 173 3080 Cypro.
207 3004 256 3079 qui
277 3003 432 3081 praecellit
453 3021 491 3062 ex
511 3004 556 3063 his
577 3005 655 3082 opali
676 3005 790 3083 quidem
816 3006 939 3082 gratiam
959 3003 1059 3081 babet,

62 3087 118 3146 sed
133 3085 249 3146 mollius
271 3089 361 3164 66666,
384 3105 451 3146 raro
475 3105 533 3146 non
554 3088 668 3148 scaber.
701 3106 806 3146 summa
828 3089 870 3148 illi
891 3087 1000 3147 coloris
1022 3105 1060 3146 ex

19 3187 139 3230 soaere
169 3179 197 3230 66
228 3187 355 3250 purpura
382 3178 512 3246 constat,
540 3172 671 3231 viriditas
700 3172 841 3248 zmaragdi
869 3172 960 3231 deest.
1000 3189 1059 3230 me·

62 3252 123 3312 lior
142 3253 194 3312 ille
215 3255 297 3314 cuius
317 3255 417 3332 fulgor
437 3255 496 3313 vini
520 3256 623 3315 colore
647 3256 775 3315 fuscatur
801 3272 883 3332 quam
908 3258 956 3332 qui
977 3255 1066 3315 dilui-³

61 3345 142 3396 tura
163 3354 226 3397 uae.

124 3355 208 3502 (616.)
230 3421 375 3485 Hactenus
390 3424 427 3484 de
442 3424 603 3502 principatu
615 3423 752 3484 convenit
763 3421 915 3482 'mulierum
926 3432 1101 3486 manumetis
