2484 3817
327 191 407 239 nur.
432 145 520 240 111er
541 191 662 238 xxxvr.
683 188 708 243 a.
724 187 748 242 t.
765 180 895 256 (t-tt.)
1050 179 1107 240 115

117 345 280 424 scalpendis
298 354 384 423 atque
404 345 535 406 linandis
552 342 674 404 Naxium
695 344 742 404 diu
763 343 871 423 placuit
888 352 955 404 ante
972 345 1037 407 alia.
1068 348 1108 406 ita
1197 337 1202 352 ⁸

116 438 255 489 vocantur
266 438 349 490 cotes
363 431 393 488 in
407 427 504 507 Cypro
520 427 611 488 insula
627 430 754 504 genitae.
775 428 875 488 vicere
890 438 994 506 postea
1006 448 1044 490 ex
1056 430 1110 490 Ar·

97 519 99 523 ’
116 515 207 573 menia
221 523 332 574 rectae.
351 523 355 536 ’

57 599 66 622 ‘
177 598 258 677 (ll.)
279 595 452 657 llarnorum
469 594 579 673 genera
592 602 623 654 et
639 595 755 654 colores
772 613 830 654 non
848 595 951 654 attinet
966 595 1064 656 dicere
1082 600 1110 657 in

93 689 191 740 etanta
205 682 324 758 notitia,
345 699 401 741 neo
420 680 506 740 facile
529 687 576 740 est
599 696 769 738 enumerare
783 681 812 737 in
829 686 906 737 tanta
921 677 1108 740 multitudine.

115 773 204 842 quoto
223 766 327 843 cuique
341 766 418 824 enim
429 763 497 822 loco
513 780 571 823 non
588 779 670 821 suum
685 779 808 822 marmor
825 758 990 846 invenitur?
1025 771 1111 822 etta·

113 866 179 908 men
194 847 379 908 celeberrimi
401 847 520 925 generis
541 845 616 905 dicta
639 847 747 905 suntin
762 845 869 905 ambitu
885 852 1026 904 terrarum
1048 864 1111 905 cum

113 932 250 1008 gentihus
272 934 340 991 suis.
378 949 437 991 non
458 931 552 990 onnia
579 937 674 989 autem
700 930 729 988 in
757 928 919 1007 lapicidinis
940 930 1108 1005 gignuntur,
1119 941 1153 994 55

113 1016 167 1075 scd
181 1014 268 1074 multa
286 1024 316 1074 et
330 1015 383 1075 sub
398 1024 476 1074 terra
490 1030 606 1092 sparsa,
628 1012 832 1091 pretiosissimi
851 1011 965 1090 quidem
979 1014 1109 1090 generis,

80 1101 189 1158 rosicut
218 1098 475 1158 Lacedaemonium
500 1097 593 1158 viride
618 1097 788 1175 cunctisque
813 1094 951 1173 hilarius,
978 1097 1052 1155 sicut
1082 1105 1112 1156 et

114 1182 295 1259 Augusteum
316 1199 349 1242 ac
370 1181 475 1242 deinde
492 1180 648 1241 Tibereum
668 1182 697 1240 in
715 1181 856 1258 Aegypto
872 1180 997 1258 Augusti
1015 1197 1049 1239 ac
1065 1179 1111 1238 Ti·

114 1267 177 1325 heri
201 1266 320 1343 primum
341 1266 503 1344 principatu
522 1273 651 1344 reperta.
699 1263 863 1324 differentia
886 1281 986 1324 eorum
1008 1273 1054 1323 est
1075 1264 1110 1324 ab

114 1349 233 1428 ophite,
248 1367 312 1408 cum
326 1351 366 1408 sit
380 1348 450 1408 illud
468 1350 646 1427 serpentium
661 1347 780 1409 maculis
799 1348 912 1424 simile,
928 1347 1002 1408 unde
1019 1357 1049 1407 et
1062 1365 1113 1407 no·

113 1451 179 1492 men
202 1435 331 1511 accepit,
354 1432 432 1510 quod
458 1432 531 1493 haec
552 1431 679 1492 maculas
701 1432 818 1492 diverso
847 1431 933 1490 modo
959 1432 1111 1508 colligunt,

80 1530 105 1569 1⁵
115 1517 295 1594 Augusteum
317 1515 442 1576 undatim
462 1519 589 1594 crispum
611 1517 641 1575 in
658 1516 804 1590 vertices,
827 1513 983 1574 Tibereum
999 1533 1110 1592 sparsa,

115 1618 173 1661 uon
187 1600 343 1660 convoluta
358 1602 473 1659 canitie.
495 1599 598 1676 Neque
611 1616 649 1657 ex
662 1598 762 1676 ophite
772 1597 922 1658 columnae
934 1598 988 1657 nisi
1001 1616 1107 1676 parvae
1120 1608 1154 1664 56

114 1684 262 1744 admodum
277 1684 472 1742 inveniuntur.
493 1682 550 1741 duo
562 1683 626 1740 eius
638 1698 764 1757 genera:
781 1681 1008 1757 molle‘oaodidh
1024 1683 1112 1758 nigri-

114 1786 182 1828 cans
204 1767 276 1826 duri.
312 1766 444 1824 dicuntur
465 1765 549 1824 ambo
570 1765 674 1842 capitis
696 1763 815 1824 dolores
839 1764 943 1825 sedare
965 1765 1112 1842 adalligati

115 1860 146 1910 et
161 1850 337 1928 serpentium
353 1850 436 1907 ictus.
473 1847 585 1926 quidam
607 1846 786 1926 phreneticis
804 1865 837 1908 ac
851 1848 1019 1926 lethargicis
1036 1849 1112 1908 adal·

79 1948 106 1986 ao
115 1935 198 2011 ligari
207 1933 307 1991 iubent
318 1931 522 1992 candicantem.
538 1939 640 1992 contra
652 1933 799 2011 serpentis
808 1927 903 1992 auteur
914 1950 930 1992 a
943 1931 1112 2010 quibusdam

115 2017 273 2096 praecipue
289 2015 419 2075 laudatur
435 2034 474 2076 ex
489 2017 525 2075 iis
540 2033 626 2093 quem
649 2016 782 2095 tephrian
802 2017 950 2095 appellant
972 2033 988 2076 a
1010 2016 1111 2077 colore

114 2102 231 2161 cineris.
277 2098 407 2158 Vocatur
421 2109 451 2159 et
465 2098 642 2178 Memphites
660 2100 775 2176 eloco,
796 2102 966 2177 gemmantis
982 2109 1109 2160 naturae.

114 2185 198 2244 huius
222 2203 291 2243 usus
313 2185 427 2243 conteri
451 2194 481 2244 et
501 2185 536 2243 iis
560 2201 634 2261 quae
660 2185 767 2244 urenda
788 2186 844 2244 sint
863 2193 912 2245 aut
934 2183 1057 2244 secanda
1074 2203 1112 2244 ex

115 2277 200 2329 aceto
222 2268 315 2331 inlini.
358 2266 542 2359 obsqupescit
565 2269 605 2326 ita
625 2285 733 2346 corpus
756 2287 810 2328 uec
832 2269 921 2329 sentit
946 2269 1110 2329 cruciatum.

79 2352 213 2414 aslluhet
233 2351 421 2431 porphyrites
438 2353 468 2411 iu
485 2351 590 2412 eadem
606 2350 762 2430 Aegypto,
797 2371 835 2412 ex
855 2351 1107 2413 eodemrcandidis
1118 2362 1151 2417 st

115 2437 377 2496 intervenientibus
397 2438 509 2513 punctis
531 2435 745 2514 leptopsephos
761 2444 890 2497 vocatur.
923 2436 1109 2515 quantislibet

91 2555 96 2562 -
115 2518 401 2580 molihoscaedendis
414 2520 557 2579 sufiiciunt
571 2518 752 2598 lapicidinae.
771 2528 879 2580 statuas
893 2538 931 2579 ex
944 2536 980 2579 eo
990 2516 1108 2579 Claudio

117 2600 234 2662 Caesari
251 2611 424 2680 procurator
440 2605 503 2667 eius
528 2605 557 2662 in
580 2603 682 2663 urhem
705 2623 742 2664 ex
760 2605 900 2682 Aegypto
921 2602 1037 2663 advexit
1059 2603 1109 2662 Vi·

117 2688 221 2745 trasius
237 2685 339 2762 Polio,
360 2704 418 2746 non
441 2686 591 2747 admodum
612 2687 734 2766 probata
754 2691 892 2749 novitate.
927 2705 1011 2747 nemo
1028 2696 1110 2747 certe

80 2778 220 2848 aopostea
234 2771 360 2828 imitatus
378 2778 432 2829 est.
481 2771 595 2831 luvenit
615 2770 719 2830 eadem
733 2772 887 2850 Aegyptus
903 2772 931 2829 in
948 2770 1107 2850 Aethiopia
1118 2782 1153 2838 58

116 2871 201 2931 quem
216 2861 320 2913 vocant
335 2852 502 2932 basaniten,
526 2855 616 2915 ierrei
637 2854 747 2915 eoloris
771 2864 857 2932 atque
876 2853 1015 2930 duritiae,
1033 2855 1109 2916 uude

117 2946 146 2997 et
162 2953 265 2996 nomen
282 2937 309 2996 ei
325 2935 411 2997 dedit.
443 2955 592 3015 numquam
604 2938 652 2998 hic
665 2939 757 2998 maior
771 2945 906 3015 repertus
923 2945 969 2998 est
983 2955 1066 3015 quam
1080 2939 1109 2998 in

117 3021 225 3099 templo
241 3019 325 3080 Pacis
342 3020 377 3081 ah
398 3022 574 3097 imperatore
590 3020 774 3099 Vespasiano
789 3021 923 3097 Augusto
940 3020 1050 3080 dicatus
1066 3041 1109 3082 ar·

116 3113 254 3182 gumento
269 3103 344 3180 Nili,
362 3104 488 3164 sedecim
504 3104 605 3164 liberis
619 3108 696 3165 circa
713 3103 878 3165 ludentibus
895 3122 948 3182 per
964 3121 1037 3182 quos
1054 3112 1109 3164 tot·

84 3213 109 3254 ³5
119 3189 195 3248 idem
212 3189 309 3248 cubita
324 3189 422 3247 summi
447 3190 615 3248 incrementi
632 3189 766 3265 augentis
782 3205 816 3248 se
831 3189 920 3246 amois
935 3187 1108 3264 intellegun-

118 3281 173 3334 tur.
204 3290 261 3332 non
275 3272 414 3334 absimilis
429 3272 471 3333 illi
486 3279 616 3331 narratur
631 3274 660 3330 in
674 3270 783 3332 'lhehis
799 3270 921 3331 delubro
937 3271 1067 3349 Serapis,
1078 3281 1110 3331 ut

117 3364 228 3434 putant,
242 3353 402 3418 llemuonis
419 3365 530 3417 statuae
547 3355 675 3434 dicatus,
692 3374 776 3434 quem
792 3354 937 3416 cotidiano
956 3354 1027 3416 solis
1043 3364 1109 3416 ortu

118 3448 278 3500 contactum
296 3442 382 3502 radiis
397 3458 519 3520 crepare
534 3438 657 3499 tradunt.
932 3520 949 3558 ι
