2484 3817
336 184 416 231 una.
433 183 524 232 fflsr.
540 185 623 233 xxm
639 181 705 236 aa
734 170 883 256 (ae—49.)
1057 175 1099 240 88

166 337 251 415 (45.)
270 335 487 396 ischaemonem
504 335 625 397 Thracia
648 340 776 414 invenit,
799 341 968 418 quaterent
985 345 1100 422 sangui·

101 439 170 481 aem
190 422 255 479 sisti
277 437 336 480 non
352 429 452 498 aperta
466 420 552 481 modo
568 439 643 480 vena
663 421 714 480 scd
731 425 817 481 etiam
832 427 972 500 praecisa,
1004 430 1098 506 serpit

102 525 119 564 e
142 514 223 563 terra
245 502 325 564 milio
349 503 461 579 similis,
482 503 561 563 loliis
583 507 697 582 asperis
715 513 747 564 et
763 505 951 583 lanuginosis.
980 508 1099 570 farcitur

102 591 131 646 in
150 588 231 646 naris
246 588 370 664 quae-iu
386 586 468 646 ltalia
491 589 620 647 nascitur
643 590 865 666 ctxsauguiuem
884 591 985 650 eadem
1001 593 1099 653 adalli-

81 680 170 748 sgata
185 672 272 729 sistit.

166 754 248 832 (46.)
269 753 414 813 Vettones
436 756 464 812 in
479 751 616 832 Hispania
638 773 702 814 eam
724 773 800 833 quae
815 754 971 816 Vettonica
992 757 1143 825 diciturst

101 841 131 896 in
153 835 257 913 Gallia,
277 839 307 896 iu
327 836 409 896 ltalia
430 845 525 896 autem
549 838 702 913 serratula,
730 837 886 898 aGraecis
911 847 1027 899 cestros
1050 850 1098 901 aut

101 919 362 999 psycbotrophon,
391 928 458 980 ante
486 929 602 980 cunctas
630 921 832 981 laudatissima.
869 924 932 982 exit
955 923 1098 999 anguloso

102 1003 186 1064 caule
205 1004 369 1063 cubitorum
384 1003 467 1063 duum
484 1023 501 1064 e
522 1004 618 1064 radice
636 1022 778 1082 spargens
798 1005 868 1065 lolia
890 1006 956 1067 lere
979 1006 1098 1084 lapathi,

69 1103 93 1142 uo
103 1096 228 1163 serrata,
249 1089 360 1146 semine
378 1105 534 1166 purpureo,
565 1088 635 1148 lolia
654 1090 799 1147 siccantur
818 1091 847 1146 in
867 1089 986 1149 lamnam
1002 1090 1099 1167 pluru-

102 1189 165 1230 mos
186 1169 223 1228 ad
239 1189 317 1229 usus.
353 1170 383 1229 iit
398 1171 492 1230 vinum
508 1189 545 1230 ex
560 1189 595 1230 ea
611 1179 642 1230 et
660 1180 772 1230 acetum
790 1172 938 1232 stomacho
962 1181 993 1232 et
1014 1174 1098 1232 clari·

102 1255 154 1312 tati
171 1253 332 1330 oculorum,
355 1261 520 1332 tantumque
542 1254 657 1331 gloriae
679 1254 765 1314 babet
780 1262 811 1312 ut
826 1255 927 1316 domus
942 1258 972 1315 in
987 1273 1043 1335 qua
1059 1259 1098 1317 sit

103 1346 164 1396 tuta
179 1339 363 1396 existimetur
380 1355 397 1395 a
412 1338 533 1414 piaculis
550 1338 691 1396 omnibus,

163 1421 246 1499 (47.)
270 1419 302 1478 ln
317 1420 417 1480 eadem
431 1419 567 1498 Hispania
589 1424 705 1481 inventa
722 1430 768 1480 est
780 1418 949 1482 Cantabrica
965 1441 1019 1501 per
1034 1424 1092 1484 diri
1104 1435 1139 1489 85

67 1501 235 1582 usbugusti'
247 1513 380 1580 tempora
396 1521 412 1562 a
429 1501 579 1564 Cantabris
596 1513 723 1582 reperta.
748 1508 874 1564 nascitur
888 1505 996 1584 ubique
1013 1508 1096 1568 caule

101 1591 208 1648 iunceo
225 1585 332 1664 pedali,
349 1589 379 1645 iu
396 1604 453 1664 quo
472 1596 537 1646 sunt
554 1587 666 1648 llosculi
688 1587 807 1664 oblongi
824 1588 914 1646 veluti
931 1589 1046 1666 calathi,
1067 1593 1097 1650 in

101 1672 147 1731 bis
174 1689 276 1730 semen
296 1687 435 1747 perquam
455 1673 599 1730 minutum.
630 1669 693 1728 Nec
713 1670 784 1728 alias
800 1671 922 1729 deluere
940 1669 1095 1748 Hispaniae

101 1755 204 1814 herbis
228 1753 427 1831 exquirendis,
448 1762 479 1812 at
500 1755 530 1812 in
551 1753 656 1830 quibus
676 1754 838 1811 etiamnunc
859 1751 947 1812 hodie
970 1756 999 1811 in
1014 1772 1096 1814 more

103 1841 142 1898 sit
159 1837 284 1896 laetiore
302 1839 438 1896 convictu
456 1838 605 1914 potionem
621 1855 638 1895 e
653 1843 767 1893 centurn
784 1834 884 1894 herbis
904 1836 997 1895 mulso
1020 1836 1097 1896 addi·

64 1924 142 1979 aotis
171 1919 290 1979 credere
318 1920 535 1978 saluberrimam
561 1919 824 1995 suavissimumque.
867 1937 922 1978 nec
946 1921 1096 1998 quisquam

101 2019 219 2080 genera
241 2021 335 2071 earum
357 2005 412 2062 iam
433 2004 514 2062 novit
537 2011 585 2061 aut
604 2001 823 2078 multitudinem,
844 2020 978 2061 numerus
1001 2012 1095 2064 tamen

102 2093 221 2148 constat
235 2087 263 2144 in
278 2087 402 2146 nomine.

168 2167 250 2247 (48.)
269 2167 376 2228 Nostra
393 2178 474 2228 aetas
490 2169 618 2229 meminit
634 2169 752 2228 herbam
769 2170 799 2227 iu
813 2167 917 2228 blarsis
934 2180 1089 2247 repertam,
1101 2181 1137 2238 8⁶

102 2255 232 2312 uescitur
251 2255 281 2310 in
296 2252 468 2330 Aequicolis
489 2255 565 2312 circa
585 2255 679 2312 vicum
692 2251 865 2328 Neruesiae,
885 2263 1006 2312 vocatur
1026 2273 1095 2315 con·

67 2349 93 2388 ²⁵
102 2337 198 2414 siligo.
233 2335 373 2414 prodest,
397 2343 430 2394 ut
445 2335 704 2395 demonstrabimus
721 2353 774 2396 suo
790 2336 868 2412 loco,
891 2337 1051 2417 deploratis
1072 2357 1137 2400 mu

102 2422 130 2478 in
148 2419 266 2497 phthisi.

164 2503 246 2580 (49.)
273 2501 387 2562 lnvenit
411 2521 503 2580 nuper
528 2511 559 2562 et
580 2500 721 2562 Servilius
742 2501 931 2564 Democrates
951 2523 968 2563 e
989 2504 1135 2582 primissa

99 2586 277 2646 medentium
293 2603 376 2664 quam
395 2586 552 2663 appellavit
572 2586 697 2661 iberida,
718 2603 887 2664 quamquam
901 2589 968 2647 licto
985 2587 1093 2647 acarini

100 2671 271 2729 inventione
293 2671 356 2728 eius
380 2669 527 2746 adsignata
547 2671 681 2728 carmine.
712 2671 839 2729 nascitur
859 2689 989 2732 maxume
1016 2671 1094 2729 circa

66 2762 205 2813 muslera
223 2755 397 2812 monimenta
418 2755 634 2830 parietinasque
657 2761 688 2811 et
707 2752 815 2812 inculta
827 2755 970 2813 itinerum.
1005 2753 1093 2812 floret

101 2853 231 2913 semper,
248 2835 321 2895 lolio
338 2838 477 2912 nasturti,
494 2836 576 2895 caule
591 2835 725 2912 cubitali,
743 2838 854 2896 semiue
870 2839 921 2894 vix
935 2846 966 2895 ut
981 2836 1091 2914 adspici

101 2921 203 2996 possit.
239 2919 327 2978 radici
350 2917 424 2978 odor
447 2921 575 2979 nasturti.
606 2937 676 2978 usus
698 2928 810 2980 aestate
832 2919 980 2979 efficacior
1001 2927 1031 2978 et
1046 2937 1092 2979 re·

101 3005 178 3062 canti
197 3011 313 3062 tantum.
348 3002 474 3062 tunditur
490 3001 654 3062 difficulter.
685 3002 892 3062 coxendicibus
912 3011 942 3060 et
960 3002 1134 3068 articulisffl

102 3086 234 3144 omnibus
248 3104 312 3146 cum
328 3088 449 3162 axungia
464 3086 575 3146 modica
590 3084 752 3161 utilissima,
767 3087 839 3144 viris
854 3083 1011 3163 plurumum
1023 3103 1091 3163 qua·

69 3182 93 3222 ³⁵
102 3171 192 3228 terni
215 3168 308 3245 boris,
333 3167 447 3229 feminis
464 3172 556 3228 minus
573 3167 688 3229 dimidio
706 3168 869 3245 adalligata,
894 3175 925 3224 ut
940 3168 1044 3229 deinde
1060 3172 1090 3229 in

103 3251 223 3312 balineis
247 3252 441 3312 descendatur
460 3255 489 3312 iu
506 3250 623 3311 calidam
638 3261 668 3310 et
683 3258 788 3330 postea
806 3251 874 3310 oleo
893 3268 927 3309 ac
939 3254 1007 3312 rino
1023 3271 1089 3330 per·

105 3344 244 3412 unguatur
258 3353 378 3414 corpus,
394 3335 554 3414 diebusque
569 3336 679 3394 vicenis
695 3335 878 3410 interpositis
893 3333 968 3394 idem
983 3337 1047 3410 liat,
1063 3337 1089 3394 si

105 3433 159 3494 qua
187 3419 342 3480 admonitio
360 3418 483 3480 doloris
512 3420 647 3497 supersit.
684 3416 741 3476 hoc
761 3414 848 3474 modo
868 3417 1089 3558 rlpqumatismos
