2484 3817
172 215 213 279 32
278 203 280 208 ’
526 225 667 275 crunu
681 226 833 275 succum

172 399 239 442 vom
258 381 347 442 solvit
368 380 416 440 vol
432 382 544 440 recenti
556 380 629 440 lolio
648 380 697 441 vol
716 381 818 456 arido,
836 377 977 439 machmis
992 378 1086 438 tribus
1104 396 1166 438 oum

173 466 235 525 sale
256 468 286 524 in
303 465 505 541 hydromelite.
535 464 702 525 manducata
722 466 841 542 pituitas
856 461 995 538 extrahit,
1016 460 1117 522 lolium
1136 469 1167 520 et

172 551 317 626 vomitus,
339 547 487 608 stomacho
507 547 617 608 inutile.
649 549 694 608 sic
712 556 745 608 et
760 547 850 609 bacae
867 547 970 624 quinae
985 545 1078 606 denae
1100 563 1165 624 pur·

171 635 297 708 gationis
311 649 397 692 causa
411 639 566 691 merantur.

132 725 182 780 159
224 717 252 776 9.
272 717 356 794 (81.)
386 714 497 791 llyrtus
520 716 612 773 satius
641 714 761 774 candida
786 716 879 773 minus
903 713 984 772 utilis
1007 710 1192 771 medicinales

173 815 256 875 quam
278 801 368 876 nigra.
395 815 496 858 senten
519 798 584 856 etus
598 797 731 858 medetur
749 799 919 875 sanfflinem
932 794 1166 871 exscreantibus,

172 883 243 941 item
254 890 354 942 contra
365 881 474 958 iunges
488 881 518 940 ia
530 881 600 940 vino
622 888 729 958 potum.
761 882 883 941 odorem
901 882 962 940 cris
987 878 1168 939 commendat

171 965 220 1025 vel
240 964 334 1044 pridie
351 965 610 1025 commanducatum.
641 962 1168 1042 itemapudblonendrurnsynaristo-

174 1065 225 1108 sae
238 1047 295 1108 boc
309 1047 405 1108 odunt.
436 1048 518 1106 datur
533 1055 564 1108 et
579 1047 764 1122 dysintericis
781 1046 858 1107 idem
873 1048 973 1108 denari
990 1045 1122 1124 pondere
1134 1047 1168 1116 ‚in

171 1134 249 1191 vino.
287 1131 385 1190 ulcera
406 1129 534 1190 diflicilia
556 1132 586 1190 in
608 1131 839 1191 extremitatibus
853 1132 988 1208 eorporis
1009 1137 1090 1189 sanat
1103 1146 1200 1194 sumto

132 1215 535 1278 1oovinosubtorvetaotum.
565 1215 713 1292 inponitur
726 1214 890 1292 lippitudini
910 1232 975 1273 oum
993 1213 1114 1291 polenta
1137 1220 1168 1272 ct

173 1295 312 1358 cardiacis
340 1299 370 1357 in
389 1313 507 1357 mamma
529 1297 665 1373 sinistra,
685 1306 717 1357 et
736 1307 838 1356 contra
856 1299 1021 1375 scorpionis
1035 1297 1124 1356 ictum
1137 1298 1169 1355 in

172 1397 269 1456 mero,
286 1389 316 1440 et
333 1380 369 1440 ad
383 1383 499 1440 vesicae
514 1383 602 1457 vitia,
621 1383 726 1459 capitis
741 1381 877 1457 dolores,
897 1381 1068 1458 aegilopas,
1087 1388 1169 1439 anto·

173 1477 255 1539 qnam
271 1473 448 1542 suppurent,
476 1467 546 1524 item
569 1465 750 1541 tumoribus,
779 1466 982 1543 exemptisqnc
1002 1463 1114 1523 nucleis
1138 1465 1170 1522 in

171 1547 240 1605 vino
261 1555 365 1606 uetere
385 1549 485 1607 tritum
508 1549 710 1626 eruptionibus
731 1549 861 1626 pituitae.
892 1566 977 1606 micus
991 1548 1106 1606 leminis
1121 1547 1200 1613 nl-15

171 1643 239 1689 vom
260 1633 352 1707 sistit,
370 1630 487 1690 'urinam
511 1633 578 1691 ciet.
610 1632 646 1691 ad
668 1633 838 1709 eruptiones
852 1631 1017 1709 pusularum
1032 1632 1168 1708 pituitae-

173 1729 230 1789 que
255 1731 319 1773 oum
334 1723 435 1774 cerato
450 1715 596 1791 inlinitur,
623 1723 653 1774 et
667 1724 770 1775 eontra
784 1715 949 1793 phalangia,
966 1714 1099 1792 capillum
1117 1715 1169 1775 dc-

131 1798 295 1874 161nigrat.
329 1797 423 1857 lenius
446 1815 520 1858 *suco
538 1798 634 1858 oleam
649 1807 698 1858 cst
713 1817 752 1858 ex
772 1799 873 1859 eadem
884 1806 996 1875 myrto,
1022 1797 1119 1857 leuius
1136 1807 1169 1857 et

173 1881 285 1957 vinam,
308 1891 365 1959 qno
388 1899 537 1959 numquam
552 1882 740 1942 inebriantur.
770 1884 962 1944 inveterabunt
978 1882 1056 1941 sistit
1070 1881 1169 1941 alvom

170 1971 204 2022 et
228 1964 419 2040 stomachum,
447 1966 570 2024 tormina
596 1975 693 2043 sanat,
717 1967 865 2026 fastidium
889 1965 991 2042 abigit.
1029 1960 1201 2024 loliornm'oo

174 2050 315 2106 arentium
329 2047 420 2106 iarina
436 2047 559 2107 sudores
577 2049 698 2108 cohibet
712 2051 846 2129 inspersa
860 2047 910 2109 vel
927 2051 957 2107 in
970 2048 1067 2124 febri,
1084 2048 1168 2108 utilis

172 2137 201 2188 et
217 2128 372 2206 coeliacis,
397 2131 596 2207 procidentiae
612 2131 778 2209 volvarum,
800 2133 879 2191 sedis
893 2132 989 2206 vitiis,
1018 2131 1168 2192 ulceribus

171 2212 367 2288 manantibus,
390 2214 449 2290 igni
466 2231 549 2275 sacro
574 2216 654 2291 fotu,
669 2216 781 2293 capillis
800 2214 973 2289 fluentibus,
995 2213 1169 2290 furfuribus,

131 2305 181 2359 162
192 2297 262 2353 item
285 2294 348 2354 aliis
371 2299 591 2376 eruptionibus,
605 2298 754 2358 ambustis.
772 2297 884 2356 additur
907 2298 937 2354 in
958 2296 1170 2356 medicamenta

171 2394 246 2455 quae
262 2378 368 2455 liparas
382 2390 488 2440 vocant
502 2380 603 2441 cadem
617 2381 654 2440 de
667 2397 754 2440 causa
772 2397 827 2456 qna
843 2378 939 2438 oleam
956 2397 995 2438 cx
1008 2379 1053 2438 bis
1068 2381 1203 2441 silica-os

171 2463 315 2521 dissimum
328 2463 364 2524 ad
376 2483 410 2524 ea
422 2483 496 2542 quae
509 2467 539 2524 in
553 2480 654 2522 umore
669 2470 746 2537 sunt,
757 2471 901 2539 tamquam
914 2463 945 2521 in
961 2479 1014 2522 ore
1025 2471 1057 2521 et
1067 2462 1168 2524 solra

169 2544 241 2604 lolia
258 2547 321 2623 ipsa
342 2547 439 2624 iungis
461 2548 649 2606 adversantur
665 2547 732 2604 trita
750 2563 788 2604 ex
802 2547 887 2619 vino,
916 2563 980 2604 cum
999 2562 1066 2603 cera
1089 2564 1169 2606 vero

173 2629 346 2689 articulariis
361 2631 470 2689 morbis
487 2637 516 2688 ct
531 2628 765 2708 collectionibus.
796 2627 898 2686 cadem
912 2629 942 2686 in
958 2629 1027 2686 rino
1042 2627 1171 2690 decocta

170 2709 355 2787 dysintericis
365 2714 402 2771 'et
414 2710 580 2788 hydropicis
598 2712 679 2786 potui
694 2711 804 2770 danim.
834 2713 979 2770 siccantur
996 2712 1027 2769 in
1044 2710 1170 2772 larinum

85 2821 87 2826 ·
129 2803 180 2858 163
192 2812 266 2872 quae
281 2795 459 2872 inspergitur
470 2793 617 2852 ulceribus
637 2803 687 2852 aut
706 2793 952 2871 bacnombugiae.
989 2803 1113 2872 purgant
1133 2806 1204 2857 etse

169 2876 343 2955 lentigines,
356 2876 491 2952 pterygia
506 2883 537 2935 et
553 2877 743 2954 paronychias
761 2886 792 2937 et
805 2878 1001 2956 epinyctidas,
1024 2878 1169 2954 condylo-

169 2969 255 3037 mata,
271 2961 367 3034 testls,
385 2966 478 3017 taetra
491 2958 600 3034 ulcera,
616 2961 686 3019 item
700 2961 829 3021 ambusta
844 2979 907 3020 cum
921 2961 1030 3022 'corato
1063 2961 1099 3021 ad
1114 2980 1167 3030 an-

168 3047 210 3104 ris
226 3041 439 3120 purulentaset
455 3041 534 3103 loliis
549 3046 683 3103 crematis
705 3053 822 3104 ntunbrr
843 3053 956 3104 ctsuco
975 3053 1007 3104 et
1026 3045 1165 3106 decocto.

170 3127 375 3187 comburuntur
388 3135 420 3186 et
430 3128 461 3185 in
474 3126 619 3203 antidota,
633 3130 703 3187 item
721 3128 854 3190 cauliculi
879 3129 953 3189 doro
970 3129 1114 3206 decerpti,
1131 3131 1167 3189 in

169 3209 250 3268 iictili
266 3225 343 3269 noro
368 3218 472 3289 oporto
495 3213 612 3272 cremati
634 3213 663 3271 in
686 3212 782 3289 furno,
799 3213 866 3273 dein
887 3215 947 3272 triti
962 3231 1001 3273 cx
1021 3213 1098 3272 vino.
1129 3223 1205 3274 etas

169 3291 308 3352 ambustis
324 3292 459 3354 loliorum
481 3297 554 3356 cinis
574 3295 715 3357 medetur.
744 3299 853 3374 inguen
865 3315 907 3357 ne
925 3298 1098 3355 intumescat
1120 3315 1168 3357 ex

168 3375 285 3450 ulcere,
315 3380 385 3436 satis
405 3386 451 3437 est
475 3380 619 3440 surculum
636 3388 745 3441 tantam
760 3383 847 3458 myrti
861 3380 972 3442 tatere
991 3397 1091 3440 secum
1101 3397 1167 3442 nec

168 3457 248 3518 lerro
262 3477 319 3519 noc
335 3469 413 3522 terra
428 3472 596 3525 contactum.
