2484 3817
153 201 193 266 es
463 207 494 256 n.
517 207 614 256 anun
634 201 786 254 sucum
1075 219 1082 232 ·

153 367 245 428 venda
259 367 317 426 ritu
335 379 433 424 mores
450 361 571 438 absunt,
585 375 781 436 summe
802 372 877 434 opus
895 357 1081 432 impioram
1095 355 1144 414 dia
1235 382 1236 429 u

154 453 211 512 iarn
220 449 278 510 loc
291 449 345 509 luit
361 453 393 506 ut
407 447 482 504 intra
500 458 728 522 unumquenque
741 449 826 500 recte
840 439 916 499 iacta
932 447 1066 500 veteru
1078 456 1145 518 per·

153 535 238 594 irent.
277 540 317 608 at,
337 528 496 603 Hercules,
520 525 635 603 singula
652 524 792 603 quosdam
816 525 934 582 inventa
954 522 1075 582 deornm
1095 541 1144 582 nu·

153 633 236 677 nero
249 613 398 689 addidere,
413 613 536 671 omnium
547 611 648 686 utique
662 609 748 668 vitam
758 607 913 666 clariorem
923 607 1025 666 iecere
1036 622 1146 683 coquo·
1236 568 1237 653 l

154 700 277 760 munus
293 697 464 772 herbarum,
481 703 537 754 tam
553 693 685 769 benigne
695 691 817 769 quadarn
831 691 971 750 memoria
984 689 1174 749 relerentes

128 794 216 848 enon
237 800 332 860 aeque
351 780 425 840 haec
445 794 514 838 enra
530 793 633 838 eorum
645 776 718 835 mira
732 783 780 835 est
792 776 823 834 in
837 772 883 832 luis
898 791 973 850 quae
988 781 1053 832 autu
1067 771 1146 832 blau·

154 867 271 926 diuum
285 873 334 925 aut
349 863 416 922 cibo
430 861 568 936 invitant,
586 858 708 918 eulmina
726 875 843 936 qnoque
861 857 1000 917 mondum
1018 857 1095 915 invia
1116 863 1147 915 et
1237 912 1238 925 ,

155 950 326 1010 solitudines
342 944 453 1006 abditas
470 945 620 1024 omnisque
635 949 734 1002 terrae
751 941 840 1000 libras
859 942 978 1000 tentati
1006 940 1147 1000 invenere
1237 950 1238 999 ζ

155 1033 224 1110 qnid
239 1049 373 1111 quaeque
388 1027 470 1088 radin
483 1026 625 1104 polleret,
634 1024 671 1084 ad
681 1043 757 1103 quos
774 1041 843 1084 nsua
856 1023 1010 1084 lenbmuru
1020 1022 1068 1082 lila
1079 1040 1146 1102 per·

155 1118 298 1190 tinemut,
315 1115 403 1174 etiam
425 1109 630 1188 quadripedum
648 1108 757 1186 pabulo
778 1109 885 1168 intucta
899 1107 1056 1182 adsalntia
1076 1123 1185 1167 usuum

155 1205 315 1258 vertnutes.

128 1293 147 1346 4
218 1281 247 1340 2.
267 1279 329 1358 (2.)
358 1276 452 1338 lliuus
478 1276 535 1337 hoc
561 1295 644 1354 quam
671 1293 725 1355 par
749 1281 813 1334 erat
837 1275 931 1333 nostri
955 1272 1148 1334 celebravere

157 1365 281 1424 omnium
299 1361 464 1422 utilitatium
474 1370 505 1420 et
515 1362 652 1420 virtutum
668 1359 858 1437 rapacissimi,
874 1358 1042 1435 primusque
1058 1357 1149 1417 etdiu

157 1447 237 1508 solus
256 1446 333 1506 idem
348 1444 400 1504 ille
416 1442 455 1503 ll.
472 1441 562 1520 Gato,
580 1446 704 1504 omnium
720 1442 858 1502 bonarum
873 1442 977 1501 artium
996 1443 1148 1517 magister,

157 1532 257 1609 paucis
274 1527 420 1589 dumtaxat
437 1529 550 1604 attigit,
572 1527 660 1587 boum
680 1527 767 1586 etiam
786 1525 927 1584 medicina
949 1542 1008 1584 nou
1030 1525 1146 1584 omissa.
1159 1547 1187 1587 15

156 1621 226 1692 post
247 1631 312 1672 eum
333 1630 405 1672 uuus
429 1611 591 1670 inlustrium
612 1605 811 1688 temptauit-C.
835 1607 957 1685 Valgius
983 1607 1148 1668 eruditione

158 1704 306 1775 spectatus
322 1695 486 1773 inperfecto
502 1693 648 1754 volumine
664 1693 698 1754 ad
710 1693 807 1752 divom
820 1691 999 1768 Augustum,
1013 1691 1149 1750 inchoata

159 1782 246 1840 etiam
259 1779 444 1858 praelatione
458 1777 599 1854 religiosa
614 1786 646 1836 ut
662 1775 793 1837 omuibus
815 1775 896 1836 malis
918 1775 1047 1834 humanis
1068 1774 1149 1834 illius

34 1901 37 1912 λ
156 1864 337 1942 potissimum
352 1862 492 1940 principis
508 1879 626 1940 semper
640 1860 806 1922 mederetur
821 1860 965 1920 maiestas.

128 1961 146 2012 5
220 1947 280 2024 (3.)
311 1946 407 2004 Antea
420 1944 590 2004 condiderat
600 1943 682 2004 solus
697 1943 771 2022 apud
786 1961 856 2018 uos,
871 1942 950 2021 quod
960 1941 1093 2020 equidem
1105 1942 1187 2007 in-2u

158 2031 282 2104 veniam,
299 2027 453 2104 Pompeius
468 2025 599 2086 Lenaeus
613 2026 710 2103 llaqud
722 2026 856 2102 libertus,
870 2044 928 2104 quo
942 2028 1062 2104 primum
1076 2033 1150 2084 tem·

157 2130 232 2190 pore
250 2110 323 2168 hanc
342 2109 491 2168 scientiam
513 2109 548 2168 ad
567 2118 686 2168 nostros
707 2111 880 2187 pervenisse
903 2111 997 2168 auimo
1016 2108 1147 2168 adverto.

158 2210 280 2269 namque
291 2190 490 2266 Mithridates,
516 2208 663 2250 maxumus
683 2210 735 2251 sua
749 2200 846 2251 aetate
864 2208 967 2267 regum
991 2209 1077 2268 quenu
1098 2191 1150 2250 de·

158 2274 282 2336 bellavit
296 2273 469 2354 l’ompeius,
485 2275 610 2334 omniurn
633 2282 700 2334 aute
722 2293 755 2334 se
774 2275 938 2350 genitorum
959 2273 1151 2351 diligentissi-

158 2377 221 2418 mus
236 2359 315 2416 uitae
331 2358 424 2416 luisse
439 2357 616 2433 argumentis
639 2365 843 2435 praeterquam
862 2357 935 2417 lama
954 2356 1147 2435 intellegitur.
1159 2383 1188 2423 25

159 2443 208 2500 uni
225 2441 254 2500 ei
268 2441 465 2516 excogitatum
486 2439 595 2502 cotidie
612 2458 755 2502 venenum
770 2440 875 2500 bibere
892 2444 1086 2518 praesumptis
1102 2460 1151 2500 re-

26 2555 29 2563 ι
83 2523 89 2528 ’
131 2523 262 2590 nmediis
278 2531 309 2582 ut
327 2522 536 2584 cousuetudine
548 2525 611 2602 ipsa
632 2525 779 2583 innoxium
800 2524 893 2584 lieret.
922 2527 1015 2602 primo
1031 2525 1151 2584 inventa

158 2624 269 2684 genera
294 2606 414 2667 antidoti
438 2624 476 2666 ex
496 2607 600 2685 quibus
617 2624 703 2666 unum
726 2609 811 2666 etiam
828 2623 932 2667 nomeu
953 2609 1016 2666 eius
1030 2609 1150 2666 retinet.

160 2691 239 2750 illius
254 2691 401 2750 inuentum
418 2693 585 2767 sanguinem
600 2697 713 2750 anatum
727 2689 910 2750 Ponticarum
931 2693 1055 2750 miscere
1075 2693 1152 2749 anti·

159 2773 256 2850 dotis,
275 2775 408 2851 quoniam
422 2791 537 2834 veneno
552 2775 694 2833 virerent.
726 2773 763 2832 ud
783 2773 863 2834 illum
883 2773 1067 2852 Asclepiadis
1087 2791 1192 2834 meso

160 2857 245 2919 dendi
263 2864 326 2916 arte
341 2856 412 2914 clari
423 2856 566 2916 uoluuuiua
582 2858 734 2936 conposita
750 2866 880 2935 exstant,
896 2875 960 2918 cum
975 2857 1153 2918 sollieitatus

160 2959 199 3001 er
212 2941 286 3001 urbe
300 2939 393 2999 Roma
406 2948 565 3020 praecepta
581 2958 636 3019 pro
653 2959 686 3001 se
701 2942 838 3001 mitteret.
872 2941 952 3001 illum
964 2942 1057 3002 solum
1071 2958 1153 3000 mor·

161 3024 259 3084 talium
287 3024 387 3100 uiginti
412 3022 523 3082 duabus
543 3024 651 3100 linguis
670 3024 796 3084 loentum
822 3034 933 3086 eertum
951 3035 1013 3101 est,
1039 3042 1096 3085 uec
1109 3024 1152 3084 de

161 3107 302 3168 subiectis
318 3107 455 3183 gentibus
470 3105 557 3165 ullum
572 3107 716 3167 homiuem
730 3124 784 3186 per
806 3110 997 3186 interpretem
1018 3107 1153 3187 appella-

131 3200 221 3260 7tum
241 3190 278 3249 ab
297 3208 334 3250 eo
350 3193 431 3251 annis
452 3189 517 3250 tvl
538 3191 642 3270 quibus
665 3195 806 3269 regnauit.
837 3194 862 3252 ie
885 3211 959 3270 ergo
981 3190 1095 3268 reliqua
1116 3193 1198 3250 inas

159 3274 260 3352 ingeni
286 3273 480 3352 magnitudine
505 3275 665 3335 medicinae
689 3276 877 3354 peculiariter
896 3277 1030 3334 curiosus
1054 3283 1085 3334 et
1109 3273 1150 3333 ab

161 3359 293 3434 omnibus
309 3357 468 3434 subiectis,
486 3360 533 3437 qui
549 3359 633 3420 luere
652 3376 833 3439 magnapars
853 3367 1010 3433 terrarum,
1033 3357 1151 3434 singula

160 3445 317 3521 exquirens
328 3445 463 3504 scrinium
478 3445 746 3504 commentationum
760 3444 857 3505 harum
868 3451 899 3504 et
913 3441 1090 3521 exemplaria
1104 3441 1151 3500 ei·
