2484 3817
141 171 205 239 234
510 184 540 233 c.
557 184 654 233 sunu
671 183 820 235 succum

139 343 215 402 isset
229 342 266 402 ad
281 338 439 402 Thessalas
451 345 574 414 matres,
592 355 711 415 quarum
727 354 890 416 cognomen
903 336 953 399 diu
966 338 1091 415 optinuit
1105 339 1135 401 in

112 434 240 490 inostro
263 424 352 500 orbe,
373 422 467 483 aliena
486 430 585 498 gente.
617 422 747 482 Troianis
764 425 862 502 utique
877 420 1054 499 temporibus
1068 420 1135 484 Obi-

140 510 221 570 ronis
235 508 384 569 medicinis
398 513 534 565 contenta
550 521 587 564 sa
608 513 640 563 et
660 506 726 566 solo
743 506 835 567 llarte
855 505 1022 565 fulminante
1046 506 1137 572 miror

139 593 276 671 equidem
295 590 420 651 Achillis
446 588 562 668 populis
586 587 689 648 famam
713 592 784 671 eius
796 591 824 649 in
837 597 944 648 tautum
965 588 1136 669 adhaesisse

141 685 173 735 ut
185 674 344 737 Menander
357 690 473 752 qucum
483 672 642 731 litterarum
653 672 800 733 subtilitati
819 673 882 733 sine
895 671 1007 733 aemulo
1019 672 1162 748 geuitusu

142 758 314 821 Thessalam
330 757 549 833 cognominaret
567 754 693 816 fabulam
713 756 885 835 conplexam
900 755 1037 831 ambages
1052 756 1135 817 lemi-

139 861 239 903 narum
250 841 459 902 detrahentium
468 838 572 899 lunam.
597 837 713 917 Orphea
725 848 854 918 putarem
866 856 883 897 e
894 839 1058 917 propinquo
1071 857 1136 901 eam

141 928 262 1004 primurn
277 923 435 1004 pertulisse
450 922 487 981 ad
500 922 594 981 vicium
609 941 701 1002 usque
715 923 976 1001 superstitionema
993 922 1137 983 medicina

140 1019 327 1087 provectum,
349 1007 375 1066 si
397 1022 455 1065 nou
477 1022 585 1083 expers
607 1007 695 1067 sedes
715 1008 776 1067 eins
797 1014 857 1068 tota
878 1004 1135 1082 'lbraoemagices

107 1094 251 1157 eluisset.
288 1093 406 1170 primus,
422 1089 500 1167 quod
516 1096 627 1165 exstet,
643 1099 673 1150 ut
688 1089 820 1168 equidem
835 1090 966 1164 invenio,
991 1106 1133 1149 common·
1146 1108 1174 1149 ro

139 1186 216 1237 tatus
229 1184 275 1233 est
293 1174 330 1233 de
342 1191 377 1233 ea
391 1171 534 1233 Osthanes
546 1172 668 1233 Xerxen
681 1191 781 1250 regem
793 1173 944 1233 Persarum
960 1171 1040 1233 bello
1057 1172 1137 1251 quod

8 1316 13 1326 s
139 1260 166 1319 is
186 1259 329 1320 Graeciae
351 1256 445 1315 intulit
474 1256 641 1333 comitatus,
674 1275 709 1317 ac
729 1257 809 1325 velut
833 1256 944 1316 semina
970 1258 1040 1315 artis
1054 1273 1135 1334 por·

139 1352 275 1402 tentosac
303 1341 411 1417 sparsit
445 1338 540 1400 obiter
568 1340 675 1399 inlecto
704 1357 881 1418 quacumque
911 1348 1135 1401 commeaverant
1175 1355 1181 1369 ¹

138 1425 254 1486 mundo.
276 1422 476 1500 diligentiores
488 1423 649 1501 pauloante
660 1423 1037 1502 huncponuntZoroastreu
1048 1423 1136 1485 alium

140 1508 378 1571 Proconnesium.
411 1505 489 1583 quod
510 1515 618 1567 certum
636 1515 696 1583 est,
716 1507 764 1567 hic
787 1524 917 1587 maxume
932 1506 1074 1567 Osthanes
1096 1508 1173 1569 udos

137 1592 258 1668 rabiem,
273 1608 331 1650 non
342 1589 506 1650 aviditatem
519 1589 606 1649 modo
618 1592 757 1651 scientiae
769 1590 842 1665 eius,
855 1590 1030 1650 Graecorum
1040 1608 1131 1668 popu·

139 1678 186 1737 los
201 1677 273 1752 egit,
285 1692 456 1753 quamquam
475 1674 671 1735 animadverto
691 1692 823 1735 summam
842 1674 999 1733 litterarum
1020 1673 1134 1735 clarita·

138 1770 197 1820 tem
209 1758 391 1837 gloriamque
400 1776 444 1817 ex
458 1776 492 1818 aa
504 1759 625 1819 scientia
635 1759 788 1836 antiquitus
801 1767 830 1818 et
844 1776 938 1836 paene
950 1774 1066 1833 semper
1081 1774 1133 1835 pc·

109 1846 225 1909 9titam.
259 1851 340 1901 certe
354 1841 546 1918 Pythagoras,
559 1842 771 1921 Empedocles,
786 1842 983 1917 Democritus,
999 1839 1080 1900 Plato
1096 1840 1135 1900 ad

139 1928 215 1988 hauc
229 1924 394 1985 discendam
407 1926 584 2001 navigavere
595 1926 706 1985 exsiliis
714 1927 811 1985 verius
826 1942 911 2003 quarn
922 1923 1133 2002 peregrinatio·
1143 1944 1171 1983 ao

138 2009 224 2069 nibus
238 2009 394 2086 susceptis.
424 2007 499 2068 hauc
513 2012 626 2068 reversi
642 2008 865 2087 praedicavere,
885 2008 959 2069 banc
973 2008 1001 2065 in
1018 2006 1134 2069 arcanis
1218 2020 1223 2032 “

139 2091 278 2153 habuere.
313 2090 497 2151 Democritus
518 2091 744 2169 Apollobechen
765 2091 901 2171 Ooptiton
921 2100 949 2151 et
969 2090 1134 2151 Dardanum

140 2185 171 2235 et
186 2174 362 2234 Phoenicem
377 2174 538 2234 inlustravit
556 2175 746 2236 voluminibus
763 2175 887 2235 Dardani
905 2175 934 2233 in
947 2172 1133 2252 sepulchrum

138 2260 203 2319 eius
213 2259 322 2335 petitis,
334 2258 394 2316 auis
405 2274 478 2317 vero
490 2274 527 2317 ex
539 2257 689 2338 disciplina
702 2277 802 2320 eorum
812 2258 907 2333 editis,
923 2274 996 2336 quae
1010 2265 1133 2334 recepta

139 2342 177 2402 ab
191 2340 258 2401 ullis
267 2340 410 2401 hominum
424 2350 510 2419 atquc
524 2343 673 2403 transiisse
687 2360 741 2421 per
751 2343 915 2402 memoriam
930 2357 1023 2419 acque
1037 2356 1073 2399 ac
1089 2341 1131 2399 ni·
1142 2360 1170 2403 aa

99 2439 133 2491 ιι)
143 2425 183 2485 hil
205 2426 234 2483 in
254 2426 314 2484 vita
336 2426 493 2484 mirandum
512 2434 566 2484 est.
597 2427 627 2485 in
642 2434 748 2486 tautum
762 2426 834 2486 iides
849 2426 911 2485 istis
925 2424 1028 2502 fasque
1044 2436 1133 2483 omne

141 2509 242 2583 deest,
266 2507 343 2567 adeo
362 2516 393 2568 ut
413 2510 460 2585 qui
476 2516 574 2568 cetera
593 2510 624 2568 in
643 2512 706 2569 viro
721 2510 845 2588 probant
859 2508 932 2569 haec
953 2524 1044 2586 opera
1067 2506 1131 2568 cius

140 2609 209 2651 esse
227 2592 397 2651 inlicientur.
426 2591 479 2650 sed
505 2592 620 2653 frustra.
650 2594 724 2653 hunc
749 2594 823 2653 enim
843 2609 972 2653 maxume
994 2589 1133 2651 adlixissu

136 2676 240 2736 animis
254 2692 317 2735 eam
329 2674 510 2735 dulcedinem
532 2685 654 2737 constat.
684 2676 857 2755 plenumque
874 2673 1002 2735 miraculi
1017 2682 1047 2733 et
1062 2672 1131 2751 boc,

138 2760 392 2839 pariterntrasquc
402 2760 473 2818 artis
484 2759 658 2836 effloruisse,
673 2760 841 2819 medicinam
852 2760 917 2821 dico
928 2757 1131 2833 magicasque,
1141 2781 1169 2825 aa

138 2841 355 2905 cademactate
373 2842 451 2901 illam
463 2842 662 2921 Hippocrate,
684 2844 759 2903 hanc
774 2843 941 2903 Democrito
957 2840 1130 2901 inlustrasti·

138 2924 209 3001 bus,
233 2927 311 2985 circa
331 2925 610 3005 Peloponnesiacum
627 2926 768 2987 Graeciae
788 2926 895 2986 bellum
916 2923 993 3005 quod
1014 2931 1131 2999 gestum

45 3058 47 3062 .
97 3020 130 3075 11
142 3017 189 3068 est
208 3006 324 3069 aOOO.
339 3008 422 3069 urbis
439 3018 558 3070 nostrae
573 3026 656 3070 anno.
687 3009 740 3070 Est
762 3020 791 3069 et
813 3010 868 3070 alia
888 3013 1016 3089 magicas
1038 3005 1130 3067 factio

138 3092 251 3154 allone
265 3100 295 3151 et
305 3093 397 3153 lanua
412 3102 443 3153 et
452 3092 562 3172 Lotape
573 3112 609 3152 ac
617 3092 730 3153 ludaeis
746 3092 887 3171 pendens,
903 3093 955 3153 sed
968 3088 1063 3150 multis
1077 3090 1129 3149 mi·

137 3175 215 3236 libus
237 3193 374 3237 annorum
395 3187 464 3257 post
479 3178 663 3238 Zoroastren.
693 3184 771 3237 tanto
785 3178 931 3237 recentior
945 3185 992 3235 est
1007 3170 1169 3249 Cypria-us

138 3276 200 3318 non
215 3258 309 3320 levem
330 3271 359 3321 et
374 3261 532 3323 Alexandri
546 3260 642 3336 blagni
659 3259 837 3339 temporibus
857 3260 1056 3321 auctoritatem
1077 3254 1130 3317 ad·

137 3341 210 3401 didit
226 3344 403 3422 professioni
416 3344 561 3405 secundus
576 3341 717 3403 Osthanes
733 3344 867 3403 comitatu
883 3345 944 3403 eius
960 3346 1130 3417 exornatus,

137 3426 293 3505 planeque,
310 3427 390 3508 puod
403 3444 487 3489 nemo
501 3425 622 3499 dubitet,
639 3426 739 3487 orbem
751 3435 891 3487 terrarum
906 3430 1083 3507 peragravit.
