2484 3817
152 219 193 280 54
494 227 523 276 c.
540 228 635 276 curru
651 227 801 276 account

152 387 237 446 niceo
252 384 352 444 colore
375 383 404 442 in
422 401 457 442 ea
480 379 655 458 appendices
673 389 817 440 vocantur.
849 379 903 439 hae
918 381 1023 440 crudae
1038 399 1092 458 per
1105 399 1136 440 se

141 478 181 528 ,et
199 467 294 528 aridae
311 466 450 526 decoctae
470 465 499 522 in
523 466 591 523 vino
608 464 703 522 alvom
724 465 808 522 citam
828 480 862 522 ac
890 465 1011 523 tormina
1032 481 1138 541 conpe-

152 559 242 610 scunt.
275 548 470 624 Pyracanthae
488 547 577 608 bacae
594 555 695 606 contra
709 548 887 624 serpentium
904 549 978 605 ictus
995 546 1136 606 bibuntur

110 646 161 697 115
221 632 302 710 (71)
332 630 461 691 Paliums
483 647 599 708 quoque
626 631 726 706 spinae
750 647 842 705 genus
870 637 925 688 est
963 632 1137 688 semencius

153 715 325 776 Africanam
346 721 472 789 vocant,
493 721 594 772 contra
617 714 790 790 scorpiones
811 712 1050 795 efficacissimum,
1071 714 1161 771 items

152 797 307 858 calculosis
335 805 365 856 et
392 798 472 856 tussi.
505 795 576 854 folia
600 795 811 854 adstrictoriam
836 796 894 853 rim
917 785 1032 854 habent.
1060 795 1139 854 radix

151 881 267 940 discutit
285 898 387 978 panos,
402 879 604 952 collectiones,
621 880 756 954 vomicam,
771 880 867 938 urinas
885 877 971 938 trahit
986 887 1062 955 pota.
1092 879 1139 938 de·

152 972 265 1024 coctum
283 966 346 1022 eius
374 966 403 1021 in
425 964 492 1020 vino
514 960 607 1020 alvom
632 962 725 1036 sistit,
753 961 938 1038 serpentibus
962 961 1137 1021 adversatur.

152 1047 234 1108 radix
248 1048 429 1125 praecipue
419 1044 544 1103 daturin
561 1046 638 1102 vino

113 1141 164 1194 116
225 1127 307 1207 (72.)
333 1111 477 1202 Agrilolia
493 1134 632 1186 contunsa
648 1126 745 1186 addito
760 1125 821 1185 sale
833 1126 1018 1186 articulorum
1033 1127 1140 1186 morbis
1150 1150 1175 1190 ιι

152 1220 285 1292 prosunt,
302 1211 390 1270 bacae
406 1211 568 1308 purgationi
580 1210 757 1284 feminarum,
771 1208 926 1284 coeliacis,
946 1209 1140 1286 dysintericis,

153 1295 316 1355 cholericis.
351 1295 380 1351 iu
393 1296 461 1352 vino
476 1295 563 1370 polae
578 1294 684 1350 sistunt
700 1291 801 1350 alvom.
828 1291 909 1351 radix
922 1292 1043 1353 decocta
1058 1295 1109 1352 at
1100 1312 1141 1352 rn-

153 1379 204 1438 lita
226 1375 351 1436 extrahit
373 1377 460 1434 iniixa
480 1378 615 1452 corpori,
635 1374 786 1434 utilissima
805 1383 835 1433 et
850 1374 955 1434 luxatis
971 1377 1143 1435 tumoribus·

154 1479 218 1539 que.
250 1458 398 1534 Aqniiolia
412 1460 525 1518 arbor
517 1477 546 1517 ιιι
564 1459 649 1517 domo
669 1465 716 1516 ant
729 1457 799 1517 villa
815 1465 877 1516 sata
892 1460 1032 1518 venalicia
1053 1467 1140 1518 arcet.

154 1545 226 1602 llore
245 1544 308 1602 eius
323 1559 422 1618 aquam
432 1543 550 1618 glaciari
566 1539 745 1616 Pythagoras
757 1540 861 1616 tradit,
876 1543 946 1600 item
960 1542 1089 1601 baculum
1102 1560 1142 1600 ex
1152 1565 1178 1606 as

154 1644 188 1686 ea
205 1626 309 1685 lactum
326 1627 354 1682 in
368 1625 490 1702 quodvis
508 1624 610 1684 animal
624 1625 770 1699 emissum,
788 1626 899 1683 etiamsi
918 1626 991 1683 citra
1004 1623 1143 1684 ceciderit

152 1710 268 1769 delectu
279 1710 430 1784 mittentis,
450 1710 543 1805 ipsum
558 1725 612 1786 per
627 1726 661 1766 se
679 1708 812 1766 recubitu
826 1709 947 1785 propius
963 1707 1071 1783 adlabi,
1086 1717 1144 1766 tam

153 1793 336 1888 praecipuam
357 1794 509 1851 naturam'
501 1809 599 1851 messe
624 1791 731 1891 arbori.
763 1789 834 1849 Taxi
856 1790 970 1850 arboris
985 1791 1077 1850 lomus
1093 1809 1144 1850 ne-

152 1885 198 1936 cat
212 1877 307 1934 muris

111 1969 161 2024 117
225 1959 307 2035 (73.)
335 1956 397 2016 Nec
411 1959 501 2016 rubos
517 1958 551 2016 ad
567 1910 705 2017 malelicia
724 1927 831 2016 tantum
846 1959 948 2034 gennit
963 1964 1080 2030 natura,
1101 1956 1144 2014 id·
1132 1979 1180 2020 ·2o

153 2059 250 2117 eoque
266 2048 296 2098 et
310 2057 389 2098 mora
406 2038 468 2113 his,
485 2039 541 2098 hcc
556 2049 602 2098 est
617 2041 665 2100 vel
682 2040 844 2100 hominibus
859 2040 953 2116 cibos,
967 2037 1054 2098 dedit.
1086 2040 1145 2097 vim

153 2125 260 2184 habent
277 2121 412 2194 siccandi,
429 2082 636 2197 adstringendi,
652 2125 789 2199 gingivis,
810 2123 947 2196 tonsillis,
966 2120 1143 2197 genitalibus

154 2204 448 2266 adcommodatissimi.
481 2203 669 2262 adversantur
693 2207 870 2282 serpentium
897 2203 1143 2280 sceleratissimis,

152 2271 366 2350 haemorrhoidi
391 2294 421 2344 et
441 2287 583 2363 prestari,
601 2285 657 2344 llos
677 2294 725 2344 ant
743 2303 822 2346 mora
842 2285 1061 2383 scorpionibus,
1081 2287 1145 2348 vol·

153 2386 223 2433 nera
245 2371 309 2428 sinc
324 2367 527 2428 collectionum
543 2366 674 2455 periculo
691 2370 828 2445 iungunt,
849 2371 944 2428 urinas
962 2385 1062 2428 eorum
1076 2388 1144 2430 can·
1132 2395 1183 2434 -ιιι

30 2493 32 2497 ,
112 2464 164 2518 118
175 2453 219 2512 tes
231 2453 316 2512 olent.
341 2468 441 2510 eorum
452 2452 546 2510 teneri
562 2442 716 2509 tunduntur
727 2452 953 2528 exprimiturque
965 2469 1061 2527 Stltus,
1075 2471 1146 2513 mox

154 2535 219 2596 sole
237 2535 375 2610 cogitur'
367 2552 396 2592 ιιι
412 2534 630 2594 crassitudinem
644 2533 738 2593 mellis
747 2533 910 2610 s,ingulari
930 2533 1059 2593 remedio
1075 2553 1145 2596 con-

154 2628 199 2678 tra
215 2617 289 2676 mala
311 2618 370 2676 oris
389 2617 605 2693 oculorumque,
621 2619 789 2693 sangninem
804 2619 995 2691 exscreantis‚
1010 2619 1146 2694 anginas,

154 2700 273 2776 volvas,
295 2698 394 2775 sedes,
416 2699 562 2759 coeliacos
582 2699 763 2776 intellegitur
778 2708 864 2777 potus
878 2707 926 2759 ant
942 2697 1050 2760 inlitus.
1082 2704 1146 2761 oris

155 2781 269 2860 quidem
284 2783 360 2842 vitiis
372 2783 459 2844 etiam
472 2783 543 2842 folia
557 2782 779 2845 conmanducata
794 2791 926 2860 prosunt,
950 2790 980 2841 et
994 2781 1145 2844 ulceribus
1155 2805 1187 2847 ao

154 2865 331 2926 manantibus
346 2873 393 2924 aut
415 2865 639 2944 quibuscumque
661 2867 691 2924 in
710 2868 805 2944 capite
820 2864 982 2925 inlinuntur.
1001 2865 1146 2926 cardiacis

154 2949 203 3010 vel
215 2951 258 3008 sic
269 2966 322 3026 per
339 2966 372 3007 se
385 2950 558 3026 inponuntur
574 2967 589 3007 a
604 2965 721 3007 mamma
731 2950 859 3024 sinistra,
874 2951 943 3008 item
949 2949 1100 3008 stomacho
1114 2951 1146 3008 in

114 3031 324 3098 119dcloribus
341 3031 490 3107 oculisque
503 3030 729 3108 procidentibus.
757 3031 912 3091 instillatur
933 3049 1018 3091 sucus
1039 3049 1147 3091 eornm

157 3123 188 3175 et
203 3114 327 3175 auribus.
350 3122 430 3174 sanat
446 3113 646 3188 condylomata
665 3131 728 3173 com
748 3131 872 3174 rosaceo
893 3123 1000 3176 cerato.
1017 3115 1148 3174 canticu-

155 3197 249 3261 lorum
264 3215 303 3256 ex
319 3199 386 3257 vino
402 3197 551 3256 decoctum
569 3215 641 3256 uvae
656 3207 897 3275 praesentaneum
914 3197 1070 3259 remedium
1082 3206 1144 3256 est.
1156 3220 1188 3262 se

155 3281 242 3342 iidem
258 3297 360 3357 perse
376 3282 406 3338 in
421 3279 487 3340 cibo
505 3281 607 3357 sumpti
625 3298 724 3355 cymae
737 3279 824 3341 modo
836 3290 885 3340 aut
895 3282 1008 3340 decocti
1029 3282 1058 3338 in
1071 3282 1148 3339 vino

158 3371 276 3422 austero
294 3361 415 3424 labantis
431 3363 525 3423 dentis
548 3363 666 3424 lirnnant.
698 3365 793 3424 alvom
818 3366 923 3424 sistunt
943 3371 974 3422 ct
997 3361 1149 3440 profluvia

157 3447 320 3524 sanguinis,
337 3446 520 3522 dysintericis
536 3455 665 3524 prosunt,
687 3450 831 3508 siccantur
845 3449 873 3508 in
888 3447 1002 3522 umbra,
1018 3454 1048 3505 nt
1065 3449 1147 3505 cinis
