2484 3817
308 148 399 207 guar.
419 100 509 194 uisu.
529 146 652 194 xxxuu.
674 147 699 201 a
718 135 865 217 (nt—18.)
897 170 904 187 ·
1051 139 1089 196 13

101 302 244 381 platanum
259 302 413 378 vitemque.
449 319 505 379 qua
530 302 651 361 victoria
674 304 831 379 argeutifi
853 302 1027 372 talentorum
1040 319 1088 363 re·

101 386 229 463 portavit
245 392 275 443 et
289 393 431 444 craterem
444 384 637 446 Semiramidis
652 385 732 444 cuius
747 385 860 464 pondus
874 403 952 445 0000
963 385 1088 445 talento-

101 486 161 526 rum
183 467 349 544 colligebat.
386 466 523 527 talentum
544 469 720 544 Aegyptium
742 468 840 545 pondo
860 466 966 527 LXXX
984 477 1085 545 patere
1098 479 1144 533 521

101 550 194 609 Varro
218 550 313 611 tradit.
348 552 403 610 iam
422 559 597 627 regnaverat
623 552 652 610 in
673 548 790 609 Colchis
815 551 953 611 Saulaces
974 552 1087 612 Aeetae

81 634 229 710 ssubolis‚
245 636 293 712 qui
312 643 418 694 terram
433 637 574 711 virginem
589 641 688 693 nactus
708 632 866 711 plurumum
887 636 947 692 auri
964 640 1089 711 argenti·

102 735 157 794 que
174 720 287 777 eruisse
304 718 408 777 dicitur
430 719 459 777 in
481 718 639 777 Suanorum
653 726 743 792 geute
761 724 791 776 et
805 716 914 796 alioqui
929 718 1090 777 velleribus
1169 769 1175 787 .

101 802 196 861 aureis
222 802 330 861 incluto
351 818 453 878 regno.
493 810 523 861 et
539 799 616 859 illius
634 817 740 859 aureae
762 818 909 877 camarae,
932 810 1091 877 argenteae

102 883 199 945 trabes
221 893 251 944 et
271 883 421 944 columnae
438 893 524 963 atque
546 884 737 963 parastaticae
760 892 911 943 narrantur
937 885 1017 942 ricto
1035 884 1089 944 Se·

102 970 189 1026 sostri
211 966 337 1045 Aegypti
367 970 440 1043 rege
470 977 526 1027 tam
551 966 679 1044 superbo
703 974 734 1025 ut
755 966 895 1044 prodatur
920 968 1002 1026 annis
1031 970 1092 1045 qui·

68 1050 213 1125 rebusque
230 1059 311 1109 sorte
329 1068 418 1129 reges
436 1051 566 1127 singulos
583 1070 601 1109 e
617 1050 759 1110 subiectis
780 1051 902 1127 iungere
923 1048 958 1108 ad
979 1069 1091 1131 currum

102 1132 205 1191 solitus
222 1141 308 1209 atque
324 1134 364 1191 ita
381 1133 563 1211 triumphare.

166 1227 248 1311 (16.)
263 1230 301 1290 Et
315 1250 369 1291 nos
383 1233 503 1292 lecimus
515 1251 589 1310 quae
598 1234 711 1312 posteri
724 1232 856 1293 iabulcsa
867 1232 1086 1292 arbitrarentur.
1099 1244 1134 1297 52

102 1313 210 1375 Caesar
233 1317 280 1392 qui
302 1323 406 1393 postea
432 1315 555 1375 dictatur
576 1317 750 1393 fuit-primus
766 1318 795 1375 iu
809 1314 956 1375 aedilitate
972 1334 1091 1375 munere

101 1400 191 1477 patris
207 1399 320 1458 iuuebri
340 1400 414 1459 omni
430 1400 566 1477 adparatu
580 1399 706 1459 harenae
730 1401 870 1475 argenteo
888 1416 956 1457 usus
972 1407 1035 1475 est,
1050 1399 1092 1457 le·

68 1498 206 1558 rarasque
222 1482 307 1541 etiarn
321 1484 470 1559 argenteis
491 1484 575 1541 vasis
585 1484 765 1542 incessivere
784 1490 841 1539 turn
858 1481 978 1557 primum
999 1484 1091 1558 noxii,

101 1564 247 1641 quodiam
263 1568 349 1625 etiam
363 1567 392 1623 in
407 1567 567 1643 municipiis
584 1566 771 1624 aemulantur.
800 1560 831 1622 C.
847 1564 991 1623 Antonius
1008 1564 1091 1623 ludos

102 1665 206 1714 scaena
226 1656 365 1725 argentea
386 1648 477 1725 feeit,
500 1650 569 1707 item
591 1646 623 1706 L.
638 1646 781 1723 Murena,
797 1644 882 1705 Gaius
904 1648 1040 1724 princeps
1062 1650 1091 1707 in
1195 1691 1198 1694 -

102 1733 180 1791 circo
208 1748 311 1809 pegma
337 1731 417 1790 duxit
441 1731 471 1789 in
497 1747 554 1806 quo
580 1729 665 1788 lucre
688 1731 800 1805 argenti
828 1728 925 1807 pondo
952 1730 1089 1797 ciffu-

104 1812 239 1873 Claudius
256 1830 411 1872 successor
423 1814 497 1888 eius,
513 1830 576 1871 cum
592 1810 628 1883 de
642 1811 786 1871 Britannia
798 1812 997 1890 triumpharet,
1012 1815 1088 1873 inter
1099 1826 1134 1878 54

68 1913 227 1958 accorouas
251 1914 353 1955 aureas
374 1898 428 1962 Vfi
450 1894 547 1973 pondo
569 1894 678 1955 habere
702 1914 785 1974 quarn
804 1895 977 1955 contulisset
990 1895 1090 1975 Hispa·

103 1980 150 2037 nia
164 1979 295 2054 citerior,
309 1980 387 2045 ᾖ
399 1996 480 2056 quam
493 1976 583 2039 Gallia
598 1988 720 2057 comata·
735 1978 826 2038 titulis
842 1979 987 2039 indicavit.
1008 1980 1091 2039 huius

103 2060 209 2121 deinde
230 2079 384 2122 successor
409 2062 488 2122 Nero
512 2062 633 2141 Pompei
660 2063 802 2122 theatrum
829 2064 945 2140 operuit
966 2080 1037 2122 auro
1056 2065 1091 2121 'in

102 2162 187 2204 unum
202 2144 277 2225 diem
291 2162 348 2224 quo
364 2144 482 2205 Tiridati
498 2146 653 2206 Armeniae
668 2148 732 2223 regi
750 2146 927 2206 ostenderet.
959 2154 988 2205 et
1004 2155 1091 2224 quota

103 2247 171 2307 pars
187 2247 221 2289 ea
236 2230 289 2289 luit
304 2246 408 2289 aureae
424 2229 523 2289 domus
541 2229 694 2289 ambientis
712 2229 826 2289 urbem!

69 2358 93 2398 2⁵
166 2347 248 2423 (17.)
270 2344 341 2405 Auri
359 2348 388 2405 iu
403 2348 515 2405 aerario
532 2345 632 2423 populi
646 2346 767 2405 Romani
785 2347 868 2405 luere
884 2343 1040 2419 Semlulio
1055 2344 1084 2403 1..
1098 2359 1132 2409 55

104 2426 226 2493 Aurelio
250 2446 345 2504 coss,
367 2437 478 2507 septem
500 2430 580 2487 annis
598 2438 665 2488 ante
682 2430 790 2488 bellum
806 2429 941 2488 Punicum
964 2428 1089 2505 tertium,

104 2509 201 2587 pondo
218 2512 302 2577 >lv-11.
324 2509 465 2588 CCCCX,
490 2513 602 2589 argenti
621 2512 709 2577 ᾗ.
724 2511 819 2588 LXX,
841 2509 871 2571 e't
891 2515 921 2571 in
940 2519 1089 2588 numerato

106 2589 196 2674 [fiij.
207 2595 316 2660 {Kx—V.
330 2591 437 2667 CCCC,
453 2594 520 2654 Sex.
532 2594 604 2653 lulio
619 2593 652 2653 L.
662 2594 772 2656 llarcio
787 2613 875 2670 coss,
889 2595 945 2653 hoc
960 2603 1005 2652 est
1019 2594 1089 2653 belli

105 2676 222 2735 socialis
236 2679 329 2752 initio,
345 2680 404 2735 auri
420 2675 509 2758 liiii.
528 2681 592 2744 x-x.
602 2675 808 2753 DCCCXXXI.
832 2677 863 2738 C.
876 2676 984 2737 Caesar
994 2680 1086 2754 primo
1098 2690 1131 2744 56

69 2775 96 2817 an
105 2762 225 2820 introitu
250 2760 329 2826 urbis
350 2758 427 2818 civili
447 2759 526 2820 bello
554 2778 607 2821 suo
632 2780 669 2819 ex
690 2764 803 2822 aerario
824 2761 944 2839 protulit
969 2759 1088 2820 laterum

105 2861 256 2903 aureorum
269 2844 334 2918 XV,
356 2852 557 2917 argenteorum
575 2846 668 2919 ffi,
686 2853 716 2904 et
730 2846 759 2904 in
773 2862 884 2904 nummo
901 2841 999 2927 lc‘cEl.
1035 2864 1089 2907 nec

105 2928 158 2986 init
176 2926 240 2985 aliis
257 2924 434 3003 temporibus
446 2944 495 2984 res
512 2926 626 3003 publica
638 2926 821 3006 locupletior.
845 2928 940 2986 intulit
954 2926 1088 2991 etAemi-

105 3010 160 3069 lius
172 3009 275 3069 Paulus
286 3007 396 3083 Perseo
411 3026 483 3084 rege
498 3011 575 3067 victo
593 3006 803 3069 ellacedcnica
819 3010 924 3087 praeda
943 3006 1087 3096 Ιοο-οοῖοι,

108 3111 123 3152 a
140 3110 195 3169 quo
210 3102 341 3170 tempore
357 3091 479 3171 populus
493 3091 637 3151 Romanus
654 3093 787 3152 tributum
801 3091 930 3172 pendere
945 3096 1039 3156 desiit.
1058 3105 1061 3121 ¹

70 3219 96 3261 ss
168 3210 249 3289 (18.)
272 3206 446 3285 haquearia,
469 3225 541 3283 quae
557 3217 674 3267 nuncet
690 3211 719 3268 iu
734 3210 853 3286 privatis
868 3208 998 3270 domibus
1013 3230 1084 3273 auro
1095 3224 1128 3279 57

106 3300 260 3371 teguntur,
277 3300 344 3371 post
360 3288 558 3368 Carthaginem
579 3309 710 3350 eversam
729 3294 820 3368 primo
840 3293 869 3351 in
885 3290 1028 3368 Capitolio
1046 3299 1099 3356 ins

107 3384 204 3437 aurata
229 3373 293 3436 su'ut
313 3392 434 3446 censura
454 3374 484 3433 l..
506 3372 630 3433 hlummi.
666 3374 732 3433 inde
756 3376 898 3435 transiere
917 3375 947 3434 in
961 3394 1087 3440 camaras
