2484 3817
141 212 204 273 270
483 223 513 271 c.
527 223 623 269 annm
641 220 792 271 sacuam

141 378 206 438 dam
224 386 319 437 terrae
335 372 471 435 imbribus
486 376 627 434 sicciores
642 376 726 450 liunt,
743 375 821 435 velut
835 376 864 433 in
877 373 1030 435 Narniensi
1044 392 1130 453 agro,

141 461 219 539 quod
233 459 404 519 admirandis
418 460 476 518 suis
491 459 608 517 inseruit
623 458 660 519 Μ.
680 457 802 533 Cicero,
819 459 948 517 siccitate
964 457 1051 517 lutum
1066 460 1132 519 lieri

142 544 286 622 prodens,
301 543 392 601 imbre
409 542 570 619 pulverem.

98 636 133 691 52
204 626 288 705 (29.)
319 624 416 684 Omnis
441 642 513 702 aqua
538 624 632 683 hieme
657 624 768 683 dulcior
794 632 854 699 est,
888 631 999 683 aestate
1026 626 1130 700 minus,

140 719 271 768 autumno
292 710 431 782 minume,
452 709 600 783 minusque
620 724 674 784 per
693 708 849 767 siccitates.
886 724 980 784 neque
1000 707 1158 784 aequaliss

140 794 261 852 amnium
271 791 439 868 plerumque
450 799 550 865 gustus
562 799 607 849 est
618 808 721 865 magna
733 791 808 849 alvei
824 789 994 850 differentia.
1021 792 1132 869 quippe

138 875 212 935 tales
227 883 291 933 sunt
303 892 396 951 aquae
412 872 504 950 qualis
522 880 598 932 terra
617 890 670 951 per
687 890 769 949 quam
779 872 873 932 linunt
890 872 1050 950 qualesque
1064 873 1131 933 her·

139 958 238 1017 barum
254 976 325 1035 quas
341 958 436 1015 lavant
457 956 529 1014 suci.
564 972 637 1031 ergo
652 954 737 1015 iidem
753 974 852 1016 amnes
870 964 953 1033 parte
967 956 1063 1034 aliqua
1083 975 1131 1017 re-

138 1042 286 1119 periuntur
305 1038 476 1099 insalubres.
506 1048 612 1098 mutant
634 1055 767 1116 saporem
788 1048 817 1098 st
836 1038 987 1098 induentes
1007 1041 1077 1117 rivi,
1100 1048 1132 1099 ut

138 1121 353 1197 Borysthenen,
367 1123 493 1198 victique
508 1121 658 1181 diluuntur.
687 1121 774 1199 aliqui
785 1140 856 1181 vero
874 1130 903 1181 et
916 1120 1006 1181 imbre
1020 1132 1170 1187 mutan-1⁰

138 1216 194 1265 tur.
226 1214 271 1264 ter
293 1202 398 1263 accidit
409 1205 437 1262 in
453 1203 586 1282 Bosporo
606 1213 636 1263 ut
657 1205 725 1263 salsi
744 1204 913 1265 deciderent
933 1215 1132 1283 necarentque

24 1347 27 1352 .
138 1289 294 1360 frumenta,
313 1288 418 1346 totiens
433 1296 460 1345 et
475 1287 533 1345 Nili
553 1288 634 1363 rigna
653 1287 769 1366 pluviae
789 1296 884 1348 amara
907 1288 1008 1347 iecere
1027 1306 1132 1365 magua

136 1369 303 1449 pestilentia
319 1370 458 1446 Aegypti.

96 1466 131 1519 53
203 1452 287 1530 (30.)
314 1451 477 1511 Nascuntur
497 1453 592 1513 fontes
615 1452 723 1512 decisis
744 1454 912 1531 plerumque
935 1453 1032 1529 silvis,
1055 1471 1131 1533 quos

139 1535 271 1595 arborum
297 1535 429 1595 alimenta
451 1534 672 1611 consumebant,
696 1537 770 1595 sicut
791 1538 818 1595 in
844 1536 951 1596 Haemo
977 1536 1169 1597 obsidentem

139 1618 236 1679 Gallos
253 1617 432 1692 Cassandro,
458 1637 522 1677 oum
538 1619 608 1678 ualli
626 1620 717 1694 gratia
737 1619 824 1679 silvas
847 1619 1030 1679 cecidissent.
1065 1620 1129 1699 ple·

137 1720 255 1779 rumque
276 1719 347 1762 vero
362 1702 489 1762 damnosi
507 1711 651 1762 torrentes
668 1704 850 1762 conrivantur
864 1703 992 1763 detracta
1005 1702 1129 1763 collibus

138 1786 210 1845 silva
226 1786 374 1845 continere
390 1785 500 1846 nimbos
515 1804 551 1845 ac
561 1785 697 1861 digerere
711 1793 858 1845 consueta.
887 1794 916 1845 et
933 1786 990 1845 coli
1004 1788 1128 1845 moveri·

138 1887 194 1945 que
210 1878 315 1927 terram
333 1868 493 1946 callumque
514 1885 639 1927 summae
654 1870 726 1929 cutis
748 1869 821 1929 solvi
843 1886 977 1946 aquarum
997 1870 1126 1927 interest.

137 1952 265 2029 proditur
286 1957 366 2016 certe
387 1953 414 2008 in
439 1949 525 2010 Creta
553 1960 717 2029 expugnato
741 1951 847 2029 oppido
873 1950 948 2028 quod
969 1950 1167 2011 vocabaturro

136 2034 263 2093 Arcadia
278 2050 413 2091 cessasse
427 2034 514 2093 fontis
528 2036 674 2109 amnisque
692 2035 739 2111 qui
761 2037 789 2093 in
813 2051 848 2093 eo
869 2036 924 2093 situ
947 2034 1026 2093 multi
1047 2043 1127 2094 erant

136 2134 236 2176 rursus
252 2115 367 2174 condito
392 2126 460 2193 post
479 2134 533 2175 sex
549 2133 640 2175 annos
661 2118 828 2192 emersisse,
850 2126 879 2175 ut
901 2135 1034 2196 quaeque
1059 2134 1124 2175 oce·

135 2200 247 2277 pissent
260 2206 358 2274 partes
377 2199 443 2257 coli.
479 2238 484 2248 ·

93 2292 129 2347 54
203 2282 232 2341 5.
262 2280 371 2348 Terrae
391 2298 505 2358 quoque
523 2288 616 2339 motus
634 2280 806 2359 profundunt
829 2282 1005 2361 sorbentque
1022 2299 1123 2358 aquas,

136 2365 210 2424 sicut
226 2364 303 2422 circa
325 2363 469 2423 Pheneum
491 2361 635 2422 Arcadiae
651 2366 820 2443 quinquiens
841 2367 982 2425 accidisse
999 2372 1164 2425 constabat

132 2450 180 2507 sic
205 2456 235 2504 et
261 2447 289 2504 in
316 2444 432 2519 Coryco
456 2454 551 2507 monte
580 2448 668 2507 amuis
697 2450 790 2524 erupit
813 2457 972 2527 posteaque
1002 2456 1124 2525 coeptus

56 2533 58 2536 ’
136 2538 181 2589 est
198 2528 264 2589 coli.
292 2528 341 2587 illa
356 2530 473 2589 mutatio
490 2530 577 2604 mira,
592 2529 640 2588 ubi
656 2547 740 2589 causa
755 2529 831 2590 nulla
854 2532 973 2591 evidens
992 2531 1123 2609 adparet,

136 2614 209 2672 sicut
230 2613 257 2670 in
279 2612 427 2686 Magnesia
452 2631 468 2670 e
490 2610 582 2671 calida
601 2612 676 2672 lacta
698 2613 818 2689 frigida,
845 2614 914 2673 salis
934 2632 990 2675 non
1016 2621 1124 2673 mutato

136 2712 258 2773 sapore,
281 2704 309 2754 et
332 2696 360 2753 in
383 2693 483 2769 (laria,
506 2694 554 2753 ubi
571 2694 696 2773 Neptuni
720 2696 855 2772 templum
875 2705 936 2771 est,
964 2699 1053 2757 amnis
1075 2697 1125 2773 qui

94 2779 232 2843 soluerat
257 2787 322 2836 ante
349 2777 439 2837 dulcis
459 2786 580 2836 mutatus
601 2780 630 2836 in
654 2776 742 2837 salem
768 2787 821 2837 est.
869 2789 897 2838 et
923 2779 971 2838 illa
992 2778 1120 2839 miraculi
1134 2795 1162 2837 su

136 2861 230 2938 plena,
244 2859 416 2921 Arethusam
431 2862 582 2934 Syracusis
595 2862 686 2919 bunum
701 2860 835 2921 redolere
852 2880 905 2939 per
917 2862 1056 2940 Olympia,
1071 2880 1122 2919 ve-

136 2946 218 3021 rique
237 2944 344 3018 simile,
361 2944 491 3021 quoniam
507 2943 637 3021 Alpheus
650 2944 679 3001 iu
692 2960 753 3003 earn
769 2944 887 3003 insulam
902 2944 953 3004 suh
966 2946 1019 3005 ima
1035 2944 1125 3005 maria

136 3036 274 3104 permeet.
302 3026 477 3086 Rhodiorum
495 3027 559 3087 fons
575 3028 603 3084 in
621 3023 823 3086 Chersonneso
838 3045 914 3086 nono
929 3045 1001 3087 anno
1017 3044 1122 3105 purga-

134 3119 229 3169 menta
244 3112 346 3184 egerit.
377 3118 515 3168 mutantur
536 3118 565 3167 et
580 3108 696 3168 colores
718 3127 868 3187 aquarum,
886 3112 959 3170 sicut
973 3110 1125 3185 Babylone

93 3204 128 3259 56
139 3193 220 3253 lacus
236 3201 344 3251 aestate
359 3192 460 3253 rubras
474 3191 560 3252 hahet
574 3191 673 3249 diebus
688 3190 737 3251 XI.
769 3202 797 3252 et
811 3192 1005 3267 Borysthenes
1027 3202 1121 3253 aesta·
1131 3204 1159 3247 ³⁵

136 3276 173 3333 tis
188 3274 362 3353 temporibus
380 3275 528 3336 caeruleus
543 3275 649 3349 fertur,
666 3293 832 3353 quamquam
849 3277 968 3337 omnium
984 3295 1120 3355 aquarum

135 3358 331 3433 tenuissimus,
347 3360 470 3438 ideoque
486 3362 614 3418 innatans
631 3356 756 3435 Hypani,
777 3362 804 3417 in
820 3377 877 3437 quo
892 3368 920 3418 et
940 3359 1009 3419 illud
1034 3362 1117 3419 mira·

133 3440 210 3519 bile,
229 3444 330 3503 austris
347 3442 477 3505 dantibus
494 3442 670 3518 superiorem
685 3440 822 3521 Hypanim
847 3444 917 3502 lieri.
953 3442 1003 3504 sed
1023 3445 1114 3503 tenui-
