2484 3817
281 153 363 202 aar.
378 153 470 203 urso.
485 154 619 202 mvn.
639 153 664 204 t.
681 151 708 202 a
723 139 844 220 (t-t.)
1013 139 1073 202 uto

79 326 116 370 eo
139 307 195 368 luit
214 307 281 368 luna
302 325 391 369 aurea
410 306 509 385 pondo
525 304 611 366 XXX
626 341 685 384 -,
705 305 802 367 lectos
823 304 990 368 tricliniaria
1004 309 1070 385 tris,
1084 316 1118 373 ll

77 410 147 452 rasa
167 409 207 453 ex
220 406 292 453 auro
312 398 343 454 et
356 392 478 468 gemmis
493 389 651 450 abacorum
666 407 788 468 norem,
812 390 896 466 signa
915 407 1004 452 aurea
1019 393 1074 452 tria
1098 433 1102 444 ,

78 475 244 553 llinervae,
265 475 383 552 llartis,
397 473 563 552 Apollinis,
585 490 710 534 coronas
726 492 763 535 ex
778 474 941 550 margaritis
956 477 1075 553 triginta

30 595 33 598 ·
78 562 147 635 tris,
168 569 428 621 montemaureum
447 557 615 636 quadratum
634 573 698 616 cnm
721 558 818 619 cervis
840 565 872 617 et
891 557 1027 620 leonibus
1045 569 1076 621 et

52 646 170 721 epomis
192 646 285 704 omnis
307 643 427 721 generis
451 639 625 701 circumdata
652 641 712 701 vite
735 658 841 719 aurea,
868 658 1015 701 musaeum
1037 660 1075 704 ex

75 729 238 804 margaritis
258 729 289 786 in
308 728 392 786 cuius
412 725 532 802 lastigie
550 723 744 800 horologium.
773 731 837 785 erat
860 733 891 786 et
911 726 1006 802 imago
1023 723 1074 787 Gn.

76 809 197 889 Pompei
213 829 231 869 e
246 810 427 886 margaritis,
441 807 493 870 illa
505 807 631 868 relicino
645 807 759 868 honore
771 815 873 886 grata,
895 807 974 867 illius
990 809 1077 886 probi

77 896 138 954 oris
152 893 371 972 venerandique
385 910 441 972 per
456 900 573 952 cunctas
588 893 703 968 gentis,
720 891 787 969 illa,
803 894 917 970 inquam
925 935 935 970 ,
951 910 989 952 ex
1003 910 1077 953 mar·

76 979 195 1055 geritis,
213 979 373 1037 severitate
389 977 466 1035 victa
480 987 511 1036 et
527 977 647 1036 veriore
659 975 792 1035 luxuriae
810 975 964 1055 triumpho.
996 989 1119 1042 num-15

42 1079 69 1120 uo
78 1078 161 1140 quam
175 1060 312 1139 prolecto
326 1062 404 1120 inter
419 1058 488 1119 illos
499 1061 580 1120 viros
595 1058 730 1140 durasset
744 1076 907 1138 cognomen
921 1059 1036 1137 Magni,
1052 1061 1077 1120 si

76 1146 166 1222 prima
177 1144 301 1203 uictoria
312 1145 356 1202 sic
367 1141 589 1222 triumphasset!
602 1162 619 1202 e
630 1144 804 1221 margaritis,
813 1141 930 1222 blegne,
943 1151 998 1204 tarn
1009 1161 1077 1223 pro·

76 1227 143 1304 diga
154 1245 187 1286 re
199 1235 230 1286 et
241 1228 356 1287 lerninis
366 1238 497 1306 reperta,
509 1245 579 1305 quas
588 1246 698 1304 gerere
710 1237 740 1288 te
751 1228 794 1288 las
803 1245 862 1287 nou
873 1229 924 1304 sit,
935 1227 1001 1288 hinc
1011 1228 1075 1288 lieri

77 1320 144 1370 tues
153 1307 273 1370 uoltus?
287 1313 330 1371 sic
341 1319 371 1371 te
382 1313 545 1388 pretiosum
556 1309 671 1372 videri?
686 1330 744 1372 non
754 1328 827 1388 ergo
839 1311 889 1370 illa
898 1319 947 1371 tna
955 1314 1077 1373 similior

78 1401 124 1453 est
145 1395 241 1472 imago
262 1413 346 1472 quarn
366 1394 509 1472 Pyrenaei
530 1396 607 1474 iugis
627 1392 803 1474 inposuisti?
826 1412 916 1472 grave
938 1398 1073 1474 proiecto
1085 1407 1119 1462 16

42 1476 251 1555 naioedumque
273 1479 411 1558 probrum
441 1488 523 1555 erat,
551 1480 580 1538 ni
607 1481 706 1538 verius
730 1495 848 1538 saevom
873 1480 935 1538 irae
956 1479 1076 1540 deorum

77 1569 223 1621 ostentum
241 1562 271 1622 id
285 1564 365 1623 credi
379 1571 534 1641 oporteret
550 1561 687 1640 eluredus
702 1560 835 1639 intellegi
847 1569 951 1640 posset
969 1570 1077 1623 tantum

76 1644 147 1706 illud
162 1647 395 1724 caputorientis
405 1646 509 1723 opibus
526 1647 590 1704 sine
607 1644 722 1723 reliquo
739 1661 866 1722 corpore
888 1653 1075 1709 ostentatum.

76 1737 176 1789 cetera
197 1729 332 1805 triumphi
356 1729 419 1788 eius
444 1745 527 1805 quam
548 1726 657 1788 virilia!
703 1727 758 1789 llS.
782 1725 879 1814 ΙΞΞῙ
895 1729 1075 1809 reipublicae

77 1810 191 1885 datum,
212 1812 318 1889 legatis
342 1821 373 1871 et
388 1811 594 1888 quaestoribus
617 1816 747 1890 quiores
768 1815 855 1875 maris
877 1813 1077 1874 defendissent

42 1888 132 1954 uita
151 1891 226 1979 1561,
245 1895 385 1954 militibus
408 1894 531 1972 singulis
550 1893 609 1955 ΗΒ.
625 1914 696 1956 sena
717 1897 801 1958 milia.
839 1896 1072 1958 tolerabiliorem
1086 1909 1136 1964 17-

77 1988 172 2040 tamon
188 1997 301 2039 causam
321 1980 393 2038 iecit
410 1978 461 2052 Gai
477 1980 617 2057 principis
632 1981 681 2056 qui
697 1999 787 2058 super
809 1990 909 2042 cetera
923 1981 1076 2042 muliebria

77 2080 182 2124 soccos
203 2061 341 2123 induebat
356 2081 373 2122 e
388 2064 552 2139 margaritis
569 2072 618 2122 aut
638 2061 765 2124 Neronis
783 2067 922 2144 principis
944 2067 992 2144 qni
1009 2084 1075 2127 sce·

76 2155 143 2225 ptra
156 2148 294 2225 personis
308 2154 339 2207 et
354 2146 460 2206 cubilia
469 2147 607 2206 amatoria
624 2147 778 2208 unionibus
788 2149 986 2210 construebat.
1007 2151 1077 2228 quin

76 2232 163 2291 immo
179 2233 266 2291 etiam
283 2232 327 2291 ius
345 2229 476 2290 ridemur
491 2230 656 2308 perdidisse
672 2233 848 2311 corripiendi
866 2243 1010 2310 gemmata
1023 2252 1075 2313 po-

40 2330 67 2372 ss
77 2318 154 2374 toria
163 2324 194 2375 et
207 2316 286 2374 varia
301 2313 495 2393 supellectilis
506 2332 629 2391 genera,
644 2315 746 2376 anulos
759 2317 972 2378 translucentis.
1001 2335 1075 2395 quae

77 2399 154 2457 enim
166 2416 224 2457 non
242 2399 355 2459 luxuria
373 2400 558 2459 innocentior
574 2400 733 2459 existimari
751 2397 868 2478 possit?
1115 2383 1122 2416 ⁸

140 2481 201 2559 (7.)
218 2481 326 2541 Eadem
341 2484 465 2542 uictoria
481 2483 602 2560 prImum
621 2485 652 2541 in
673 2483 775 2544 urbem
790 2484 935 2561 myrrhina
949 2485 1072 2560 invexit,
1085 2495 1118 2549 18

76 2564 246 2643 primusque
262 2563 418 2642 Pompeius
433 2566 551 2644 capides
565 2574 595 2625 et
610 2566 714 2644 pocula
729 2585 767 2627 ex
781 2585 818 2628 eo
832 2567 976 2646 triumpho
991 2564 1075 2646 Cepi·

77 2647 172 2708 tulino
183 2645 247 2706 lori
258 2648 374 2726 dicarit,
389 2668 463 2728 qnae
476 2651 609 2727 protinus
620 2649 656 2709 ad
667 2649 811 2710 hominum
823 2668 903 2709 usum
919 2652 1073 2728 transiere,
1189 2673 1190 2680 ¹

40 2731 177 2791 anabasis
198 2731 283 2791 etiam
303 2735 484 2810 escariisque
505 2735 581 2792 uasis
603 2735 760 2811 expetitis,
782 2743 812 2794 et
833 2735 941 2793 crescit
960 2736 990 2794 in
1010 2733 1073 2794 dies

78 2816 143 2875 eins
162 2816 206 2874 rei
222 2813 345 2874 luxuria.
367 2816 515 2892 myrrhino
528 2819 606 2882 ῖῑχ·
621 2815 678 2876 llS.
697 2826 805 2895 empto,
822 2817 920 2894 capaci
936 2817 1022 2895 plane
1038 2817 1074 2878 ad

78 2900 225 2966 sestarios
248 2900 302 2958 tris
324 2897 415 2958 eolice
436 2902 547 2978 potavit
565 2900 677 2958 Annius
694 2900 854 2960 consularis
884 2900 921 2960 ob
946 2917 1074 2961 amorem

77 2980 185 3042 adroso
205 2982 335 3058 margine
349 2983 430 3056 eius,
453 2992 485 3041 ut
499 2991 594 3042 tamen
608 2984 711 3042 iniuria
733 2982 782 3042 illa
800 2986 925 3059 pretium
939 2994 1073 3061 augeret,

78 3084 174 3143 neque
199 3074 245 3126 est
268 3063 356 3124 hodie
375 3065 512 3141 myrrhini
540 3066 659 3126 alterius
685 3069 881 3144 praestantior
904 3067 1071 3128 indicatura.
1130 3082 1135 3090 ²

42 3149 155 3209 asidam
169 3151 199 3208 in
214 3148 335 3226 reliquis
345 3149 504 3225 generibus
519 3157 654 3226 quantum
670 3151 818 3210 voraverit
834 3150 903 3211 lieet
916 3147 1069 3212 aestimare
1082 3163 1116 3218 19

79 3251 119 3292 ex
132 3232 329 3309 multitudine,
351 3249 425 3310 quae
444 3239 521 3291 tanta
535 3233 590 3292 luit
605 3241 636 3291 ut
650 3233 801 3293 auferente
820 3233 921 3294 liberis
937 3235 1000 3295 eius¹
1015 3233 1073 3296 Ne·
1115 3284 1119 3290 .

79 3333 153 3377 rone
174 3317 310 3394 exposita
330 3324 506 3392 occuparent
528 3315 669 3376 theatrum
684 3317 832 3394 peculiare
851 3325 928 3378 trans
944 3316 1072 3378 Tiberim

78 3401 109 3460 in
126 3400 235 3474 hortis,
251 3399 328 3477 quod
342 3395 480 3477 apopulo
494 3400 600 3477 inpleri
615 3410 737 3463 canente
752 3419 801 3479 se,
817 3402 882 3464 dum
893 3400 1070 3480 Pompeiano

121 3499 198 3542 surm
214 3500 283 3546 uns.
297 3501 375 3545 ausu.
391 3485 429 3542 V.
872 3487 916 3548 10‘
