2484 3817
111 240 114 254 ,
160 170 222 237 186
340 189 342 192 ·
416 224 420 238 .
493 185 524 235 c.
539 184 635 233 cunm
651 183 799 235 securum

102 328 105 336 ’
161 341 247 402 bnedi
259 341 309 401 uel
324 339 390 417 agni
404 338 557 406 drachmae
568 338 698 416 pondere
715 355 754 397 ex
767 339 845 414 vino,
861 336 969 415 lepo'ris
989 334 1142 411 coagulum
1238 374 1239 387 ,

163 433 193 483 et
210 434 308 484 contra
322 440 433 483 venena
447 422 569 481 additum
583 421 725 481 antidotis.
755 417 865 499 Papilio
880 436 994 498 quoque
1010 418 1140 477 lucerna·

161 524 223 566 rum
240 506 390 568 luminibus
410 505 547 567 advolans
563 506 639 564 inter
652 504 724 563 mula
744 504 949 564 medicamenti
968 511 1141 561 numeratur.

162 589 230 648 buic
244 590 415 649 contrarium
434 596 480 648 est
495 588 578 647 locun
595 588 754 666 caprinum,
777 588 852 647 sicut
870 586 911 645 iel
932 585 1081 643 ueneficiis
1102 598 1142 642 ex

162 673 283 733 mustela
296 675 402 733 rustica
416 671 509 731 laede.
543 668 617 730 lliue
633 670 735 731 deinde
752 678 967 749 praevertemur
980 668 1016 727 ad
1030 680 1168 745 generas
1238 746 1239 753 ἵ

163 754 337 815 morborum
936 776 937 779 ¹
1238 772 1239 777 ¹

122 847 174 903 163
235 839 285 898 11.
302 837 385 915 (46.)
400 834 503 912 Capilli
515 834 637 895 dednuia
648 834 760 894 ursinus
772 833 985 913 adipsadmiuto
997 831 1100 892 ladano
1113 840 1142 891 et

162 921 276 981 udiauto
284 920 410 981 continet
417 919 623 995 alopeciasque
631 918 761 977 emendat
769 920 912 979 tardatum
924 915 1143 994 superciliorum

162 1021 226 1063 oum
239 1004 335 1079 iungis
352 1002 530 1061 lucernarum
546 1018 582 1064 ao
596 1000 714 1079 iuligine
729 1018 802 1078 quae
818 1006 862 1061 est
874 1001 902 1059 ic
915 998 1017 1058 rostris
1035 1014 1141 1058 earum.

161 1086 446 1163 iuporriginemcum
453 1084 520 1144 vino
532 1084 661 1162 prodest.
676 1083 941 1145 adbanoetuornu's
953 1081 1141 1141 cervinicinis
1152 1098 1179 1141 ro

163 1186 181 1227 e
195 1171 272 1243 vino,
289 1176 377 1244 utque
392 1182 450 1225 uon
466 1167 561 1227 tcedia
576 1166 736 1227 animalium
751 1166 863 1245 capillis
880 1167 1057 1241 increscant,
1071 1164 1142 1224 item

162 1250 205 1309 fel
220 1250 365 1327 caprinum
379 1266 443 1308 curu
459 1258 539 1316 oreta
554 1248 675 1309 cimolia
690 1258 719 1309 et
732 1258 815 1309 aceto
830 1250 873 1309 sic
885 1257 918 1313 ut
927 1247 1039 1327 paulurn
1055 1247 1143 1325 capiti
1238 1314 1239 1321 ἵ

162 1333 334 1408 inarescant,
347 1334 415 1391 item
428 1332 469 1391 iel
482 1334 646 1408 serotinum,
666 1332 745 1393 urirm
760 1332 841 1392 tauri.
872 1334 895 1391 si
912 1347 983 1391 vero
997 1338 1080 1389 vetus
1095 1332 1142 1405 sit,

122 1424 174 1479 164
183 1415 308 1475 furfures
322 1416 407 1474 etiam
427 1415 540 1475 adiecto
566 1415 684 1493 sulpure
713 1415 852 1475 emendat.
890 1416 986 1475 cinere
1009 1413 1143 1490 genitalis

164 1499 236 1557 asini
249 1497 370 1576 spissari
392 1496 525 1578 capillum
539 1505 639 1575 putant
655 1506 684 1557 et
697 1514 714 1557 u
735 1498 839 1558 canitie
854 1496 1006 1569 vindicari,
1030 1496 1054 1555 si
1068 1497 1143 1555 rasis
1153 1512 1180 1554 ns

163 1580 305 1657 inlinatur,
321 1580 496 1659 plumboque
512 1582 594 1641 tritus
609 1598 672 1640 cum
686 1580 767 1657 oleo,
783 1582 898 1641 densari
911 1588 941 1639 et
957 1580 1055 1639 asinini
1072 1578 1144 1657 pulli

165 1682 229 1726 cum
246 1666 340 1741 urina,
360 1663 518 1725 admiscent
530 1664 646 1724 nardum
666 1663 760 1723 laslidi
783 1666 884 1743 gratia.
911 1663 1058 1742 alopecias
1073 1662 1145 1725 lelle

162 1748 275 1809 taurino
291 1766 355 1808 cum
367 1745 516 1825 Aegyptio
528 1747 649 1807 alumine
664 1746 815 1827 tepefactis
831 1747 959 1807 inlinunt.
987 1745 1144 1823 capitisul·

164 1850 234 1892 cora
248 1831 389 1891 manantia
401 1831 483 1891 urina
495 1832 569 1891 tauri
583 1830 744 1891 efficaciter
758 1838 852 1905 sanat,
873 1828 941 1889 item
961 1826 1080 1889 hominis
1093 1844 1144 1888 vo·

162 1924 225 1988 tus,
242 1914 266 1973 si
280 1913 467 1988 cyclaminum
480 1913 619 1973 adiciatur
639 1921 668 1973 et
689 1912 803 1991 sulpur,
824 1913 972 1973 eliiceoius
991 1920 1084 1971 tamen
1102 1912 1182 1977 ull-no

164 1996 282 2055 tulinum
300 1995 358 2070 iel,
386 2012 444 2073 quo
469 2012 532 2055 cum
554 2005 639 2056 aceto
660 1996 803 2055 oelelacto
824 2003 854 2057 et
872 1995 972 2055 lendes
996 1994 1144 2054 tolluntur.

124 2089 174 2144 165
184 2078 285 2137 sebum
299 2078 445 2138 uitulinum
465 2080 567 2156 capitis
585 2078 730 2139 ulceribus
752 2094 814 2139 curn
835 2079 897 2139 sule
918 2080 1010 2139 tritum
1032 2078 1146 2138 utilissi-
1238 2084 1239 2107 l

163 2171 248 2220 mum.
276 2160 406 2221 laudatur
420 2165 449 2220 et
459 2160 586 2239 volpium
596 2160 689 2239 adips,
705 2162 756 2221 sed
771 2164 928 2240 praecipue
939 2161 1037 2220 lelium
1052 2161 1146 2220 limum
1238 2194 1239 2245 ;

164 2262 229 2303 cum
248 2244 355 2321 sinapis
369 2243 531 2321 parimodo
545 2244 663 2303 inlitum.
695 2246 802 2323 caprini
818 2244 1025 2304 cornusiarine
1041 2244 1090 2303 vel
1106 2244 1146 2303 ci·
1238 2260 1239 2305 ;

164 2327 219 2402 uis,
239 2327 387 2404 magisque
401 2325 513 2402 biroini,
528 2326 624 2387 addito
637 2326 711 2386 uico
727 2335 756 2385 et
770 2328 910 2387 tamaricis
925 2330 1034 2387 semine
1048 2335 1078 2387 et
1093 2326 1144 2386 bu·
1155 2350 1182 2391 as
1238 2374 1239 2383 ,

164 2418 230 2484 tyro
245 2408 387 2487 oleoque,
409 2410 488 2488 prius
503 2410 598 2489 capite
612 2426 698 2487 raso,
718 2410 789 2469 mire
804 2412 947 2471 continent
959 2410 999 2470 ila
1013 2408 1147 2469 fluentem
1238 2424 1239 2431 ¹

166 2493 313 2571 capillum,
336 2492 418 2551 sicuti
434 2494 529 2552 curnis
543 2493 641 2552 cinere
656 2510 693 2552 ex
707 2493 774 2553 oleo
787 2494 867 2553 inlita
881 2492 1034 2570 supercilia
1051 2494 1147 2569 nigre·

50 2611 52 2616 ·
124 2585 277 2641 166scuut.
307 2576 383 2635 laete
404 2577 523 2654 caprino
543 2574 637 2635 lendis
659 2575 721 2635 tolli
742 2578 871 2653 tradunt,
892 2577 957 2637 limo
979 2586 1041 2635 culn
1060 2575 1147 2635 melle

166 2659 314 2736 alopecias
331 2658 459 2736 expleri,
475 2659 543 2717 bem
562 2658 729 2735 ungularum
745 2661 841 2719 cinere
856 2678 918 2719 oum
934 2660 999 2737 pice
1014 2659 1148 2718 liuentem

166 2741 903 2903 illitilllll‘liiitlllll'lt-lllllit
916 2742 1185 2884 cccliiii

165 2916 237 2986 potu
256 2917 301 2981 et,
322 2908 347 2966 si
370 2870 527 2982 cr’edimus,
550 2908 648 2986 volpis
663 2908 807 2969 masculae
819 2908 947 2985 genitale
968 2906 1148 2985 circumliga-

165 3000 233 3067 tum,
247 3007 352 3051 coruus
369 2991 478 3051 ceruini
493 2992 564 3052 ciuis
577 2991 673 3051 inlitus
689 3008 726 3050 ex
741 2999 826 3051 aceto
842 2999 890 3051 aut
903 3006 1027 3051 rosaceo
1048 2998 1097 3051 cut
1110 3008 1150 3049 ex

166 3075 250 3133 rrino.

125 3166 175 3223 ιω
240 3157 324 3236 (47.)
346 3155 499 3217 Oculorum
512 3156 669 3234 epiphoras
688 3155 796 3217 bubulo
813 3156 885 3216 sebo
899 3174 961 3217 curn
976 3154 1043 3215 oleo
1061 3166 1186 3217 coctosu

166 3239 294 3300 inlinunt
317 3240 431 3300 ceruini
442 3255 547 3298 cornus
560 3241 658 3299 cinere
672 3240 821 3299 scabritias
834 3239 987 3299 eorundem
998 3240 1149 3318 inungunt,

166 3337 319 3382 mucrones
332 3332 425 3382 nutem
439 3323 522 3400 ipsos
542 3322 725 3382 efficaciores
739 3331 847 3400 putant.
878 3322 938 3401 lupi
954 3324 1149 3383 excrementis

168 3404 324 3467 circumlini
350 3405 533 3467 subfusiones
555 3404 689 3484 prodest,
715 3406 814 3467 cinere
839 3422 939 3467 eornm
961 3420 1023 3467 cum
1047 3405 1148 3468 Attico
