2484 3817
148 219 191 282 36
472 232 503 278 c.
521 233 617 282 ratur
631 231 782 281 succum

149 386 203 446 bus
221 385 372 446 solvantur
392 388 528 463 nitroque
543 385 722 444 conluantur.
753 383 866 462 quidam
878 383 909 443 id
934 383 1082 460 religione
1100 382 1143 442 ei·

150 469 265 528 ircacius
282 470 345 542 lieri
366 477 465 547 putant
480 471 571 547 prima
581 469 647 528 luna
659 467 813 528 collectum
825 487 842 526 e
854 466 964 527 robore
974 468 1038 527 sinc
1047 465 1142 541 ierro,

150 553 175 612 si
192 559 298 612 terram
319 569 378 612 non
393 554 534 629 attingat,
549 551 744 612 comitialibus
756 551 887 626 mederi,
911 559 1084 628 conceptum
1098 548 1142 608 ie-

149 637 287 696 miaarum
307 635 458 711 adiuvare,
487 638 512 696 si
536 637 651 694 omuino
673 647 771 694 secum
793 633 925 694 habeant.
961 633 1060 693 ulcera
1074 649 1143 692 con·

150 718 318 780 manducato
342 721 529 796 inpositoque
545 719 745 778 efficacissime
761 718 863 776 sanari.
1151 734 1164 773 s

108 811 142 864 13
204 802 265 884 (7.)
309 801 437 862 Roboris
463 801 569 879 pilulae
585 799 633 876 aa,
670 819 709 858 ex
730 801 815 878 adipe
837 817 910 876 vero
928 801 1027 858 ursino
1042 797 1143 874 alope-

150 883 209 944 cias
236 885 342 962 capillo
368 885 491 962 replent.
525 882 608 944 Cerri
635 883 706 943 lolia
726 892 757 942 et
776 891 881 943 cortex
903 890 934 942 et
950 882 1034 958 glans
1052 882 1144 940 siccat

150 967 343 1028 collectiones
371 969 671 1046 suppurationesque,
703 965 856 1026 ductiones
878 966 964 1024 sistit.
996 965 1143 1041 torpentis

149 1051 344 1112 membrorum
369 1053 459 1128 partis
485 1050 662 1110 conroborat
687 1049 837 1108 decoctum
857 1052 920 1108 eius
944 1049 1025 1123 fotu,
1051 1049 1096 1106 cui
1112 1055 1144 1106 et

150 1134 279 1194 insidere
300 1133 419 1211 expedit
441 1133 581 1193 siccandis
607 1132 859 1208 adstringendisre
886 1131 1025 1210 partibus.
1058 1130 1143 1190 radix
1154 1151 1183 1193 ro⁴

151 1219 228 1276 cerri
244 1217 414 1276 adversatur
431 1217 644 1294 scorpionibus.

213 1299 272 1376 (8.)
304 1298 426 1360 Subaris
443 1309 546 1360 cortex
566 1301 650 1358 tritus
672 1318 711 1358 ex
728 1315 801 1375 aqua
818 1299 911 1358 calida
928 1306 1015 1376 potus
1029 1299 1144 1373 sangui-

151 1399 216 1440 nem
230 1381 368 1443 liuentem
386 1400 424 1440 ex
438 1383 573 1442 utralibet
586 1391 669 1460 parte
680 1383 765 1440 sistit.
795 1382 924 1442 eiusdem
937 1383 1008 1440 cinis
1025 1383 1143 1440 euvino

152 1464 245 1524 calido
260 1467 429 1541 sanguinem
446 1466 665 1526 exscreantibus
683 1481 861 1541 magnopere
877 1465 1015 1524 laudatur.

110 1555 144 1610 14
210 1549 237 1606 5.
262 1548 323 1624 (9.)
352 1547 423 1624 Fagi
438 1548 508 1608 lolia
522 1549 725 1608 manducantur
742 1549 772 1605 in
794 1548 974 1624 gingivarum
989 1547 1181 1630 labiorum-15

153 1649 208 1707 que
224 1632 311 1692 vitiis.
344 1631 461 1692 calculis
476 1631 587 1708 glandis
604 1633 739 1709 fagineae
751 1632 823 1690 cinis
836 1630 977 1705 inlinitur,
994 1632 1066 1689 item
1079 1648 1144 1688 curn

152 1711 239 1772 melle
258 1713 409 1791 alopeciis.
847 1748 849 1751 ·

111 1809 143 1859 15
217 1797 298 1874 (10.)
331 1795 470 1875 (inpressi
486 1798 556 1858 folia
571 1801 640 1858 trita
655 1800 834 1875 serpentium
844 1797 950 1857 ictibus
957 1797 1145 1874 inponuntur,

153 1888 183 1938 et
197 1881 285 1960 capiti
299 1899 362 1940 cum
373 1881 509 1958 polenta,
526 1884 549 1941 si
566 1901 582 1942 a
597 1883 662 1942 sole
678 1882 792 1957 doleat,
809 1883 878 1940 item
898 1881 1007 1954 ramiti,
1029 1895 1084 1955 qua
1106 1877 1145 1938 de
1237 1930 1238 1933 ,

152 1981 238 2024 causa
249 1972 279 2024 et
293 1963 438 2023 bibuntur.
471 1967 587 2024 testium
602 1983 718 2043 quoque
733 1966 836 2024 tumori
852 1982 915 2023 cum
934 1980 1002 2022 cera
1021 1960 1182 2031 iulium-20

152 2054 215 2121 tur,
238 2047 371 2124 capillum
393 2048 545 2124 denigrant
563 2067 601 2107 ex
622 2057 714 2108 aceto.
746 2049 847 2108 eadem
869 2048 1010 2106 tritacum
1033 2043 1144 2103 duabus

153 2129 284 2207 partibus
300 2131 381 2207 panis
399 2130 511 2206 mollis,
525 2150 541 2188 e
557 2133 625 2189 vino
641 2131 765 2189 Amineo
780 2131 901 2188 subacta
913 2129 1017 2206 pedum
1032 2145 1144 2187 acuer-

152 2230 254 2272 vcrum
269 2213 388 2274 dolores
405 2213 513 2272 sedant.
546 2212 654 2289 pilulae
668 2214 808 2271 adversus
823 2211 1001 2289 serpentium
1014 2213 1087 2270 ictus
1100 2211 1146 2270 ht-

153 2295 276 2374 huntur,
301 2305 350 2356 aut
376 2299 401 2354 si
424 2298 544 2354 eiciatur
566 2297 700 2370 sanguis,
729 2293 952 2353 collectionibus
975 2294 1144 2353 inlinuntur.

151 2380 245 2438 ramiti
269 2396 384 2456 quoque
400 2387 519 2438 tenerae
535 2386 637 2436 tunsae
652 2395 715 2436 cum
730 2379 854 2452 axungia
869 2384 899 2434 et
922 2375 1051 2437 lomento
1074 2394 1184 2453 pro-25

154 2471 227 2522 suut.
259 2462 394 2522 bibuntur
408 2479 446 2518 ex
461 2459 565 2518 eadem
579 2477 672 2518 causa.
699 2459 823 2537 parotidi
836 2467 866 2518 et
881 2467 1007 2518 strumae
1022 2477 1085 2517 enm
1101 2459 1146 2518 ia-

114 2545 218 2610 16rina
246 2547 427 2622 inponuntur.
459 2543 628 2619 exprimitur
652 2561 737 2601 sucus
766 2543 857 2601 tunsis
879 2557 940 2600 cum
959 2543 1069 2600 semine
1093 2545 1145 2619 qui

153 2629 257 2686 mixtus
274 2626 342 2684 oleo
361 2625 514 2701 caliginem
529 2624 678 2684 oculorum
693 2626 795 2684 aufert.
824 2626 894 2690 item
908 2625 1053 2682 victoriati
1070 2639 1147 2700 pon·

154 2710 225 2769 dere
240 2710 270 2766 in
284 2709 352 2766 vino
366 2716 451 2784 potus
463 2707 618 2786 inlitusque
631 2726 694 2767 cum
709 2709 764 2767 fico
775 2709 852 2766 sicca
863 2707 981 2783 pingui,
996 2709 1145 2783 exemptis

153 2792 269 2867 granis,
291 2791 360 2850 vitia
380 2793 496 2850 testium
518 2800 616 2868 sanat,
650 2799 777 2850 tumores
797 2790 912 2849 discutit
934 2797 964 2848 et
992 2807 1056 2849 cum
1083 2792 1189 2853 ier-ao

153 2882 251 2936 mento
277 2883 407 2934 strumas.
440 2875 521 2934 radix
549 2893 612 2934 cum
631 2874 710 2934 loliis
736 2876 804 2932 trita
826 2882 951 2951 potaque
970 2874 1087 2933 vesicae
1111 2883 1147 2932 et

154 2959 335 3035 stranguriae
346 2957 493 3033 medetur,
509 2965 538 3016 et
554 2967 654 3016 contra
668 2956 827 3034 phalangia.
844 2965 969 3016 ramenta
984 2964 1053 3035 pota
1064 2975 1147 3018 meu·

155 3059 203 3100 ses
218 3045 312 3114 cient,
331 3043 515 3120 scorpionum
532 3041 637 3100 ictibus
652 3040 847 3099 adversantur.

114 3133 146 3188 17
223 3125 303 3202 (11.)
334 3122 454 3184 Cedros·
469 3141 588 3200 magua,
610 3141 693 3202 quam
707 3123 875 3184 cedrelaten
892 3132 1016 3198 vocant,
1034 3123 1081 3182 dat
1099 3126 1146 3200 pi-

130 3281 131 3284 ,
155 3227 218 3268 cem
246 3226 318 3286 quae
344 3207 441 3268 cedria
459 3215 596 3283 vocatur,
632 3207 758 3266 dentium
779 3206 929 3268 doloribus
951 3206 1191 3274 utilissimamss

155 3293 261 3368 frangit
276 3293 350 3352 enim
364 3309 416 3351 eos
433 3299 462 3352 et
479 3291 620 3369 extrahit,
645 3289 763 3350 dolores
780 3290 869 3350 sedat.
906 3291 984 3350 cedri
1002 3306 1087 3348 sucus
1103 3308 1147 3350 err

113 3395 141 3434 n,
156 3395 179 3428 a
197 3393 232 3436 ea
249 3375 393 3453 quomodo
409 3375 494 3434 lieret
509 3375 645 3450 diximus,
668 3374 761 3450 magni
785 3373 820 3432 ad
841 3373 983 3432 volumina
998 3391 1082 3447 usus,
1111 3376 1144 3432 ni

155 3461 241 3536 capiti
258 3458 387 3520 dolorem
403 3459 534 3520 inferret.
567 3458 701 3520 defuncta
724 3475 848 3538 corpora
868 3459 1035 3532 incorrupta
1057 3457 1143 3514 aevis
