2484 3817
327 162 407 208 nur.
426 161 516 211 aaran.
534 162 673 209 xxnrru.
694 158 721 213 7.
738 147 887 230 (to-18.)
1056 151 1092 209 41

110 314 228 375 Claudio
254 314 380 376 Caesare
397 314 529 390 dicatus,
557 314 604 391 qui
628 314 784 375 devoratur
804 313 971 391 Pompeiani
992 316 1098 376 theatri

104 401 271 477 ¹vicinitate,
296 400 361 459 talis
385 408 414 458 et
432 397 548 458 Tarenti
573 398 667 456 iactus
682 415 698 456 a
712 397 841 475 Lysippo
857 396 906 456 XL
928 400 1098 460 cubitorum.
1145 423 1150 430 ·

101 485 207 543 mirum
222 484 250 542 in
266 501 302 543 eo
319 482 395 561 quod
410 499 503 557 manu,
522 490 552 540 ut
565 481 672 557 lerunt,
687 481 804 541 mobilis
815 514 857 526 —
873 499 908 539 ea
924 484 998 543 ratio
1014 484 1099 543 libra·

108 568 194 625 menti
210 575 255 625 ert
272 602 311 613 -
334 566 419 625 nullis
440 564 621 625 convellatur
636 564 784 640 procellis.
823 564 852 623 id
874 564 988 642 quidem
1003 569 1099 643 provi·

88 649 187 709 tdisse
201 658 231 709 et
243 650 348 710 artifex
359 649 465 709 dicitur
472 648 585 709 modico
597 646 763 723 intervallo,
775 648 850 707 unde
862 665 992 708 maxume
1004 648 1100 710 datum

110 750 181 811 opus
194 742 258 792 erat
269 734 373 809 frangi,
387 732 522 811 opposita
536 729 675 790 columne.
693 732 790 808 itaque
799 731 1022 806 magnitudinem
1033 750 1098 810 pro-

34 876 38 885 ,
109 825 174 893 pter
186 816 441 893 difficultatemque
451 813 587 875 moliendi
597 831 655 873 nou
665 815 761 891 attigit
770 812 1099 876 conuenienterrueo-
1148 827 1150 832 '

110 918 168 974 sus,
186 917 248 958 curn
259 898 413 959 Herculem
428 899 476 977 qui
492 899 579 957 estin
592 895 815 974 Omitolioindc
829 898 1012 957 transferret.
1031 907 1096 959 ante
1108 912 1140 965 tl

110 984 200 1041 omnis
218 990 313 1041 autem
328 984 357 1041 in
371 981 627 1053 admirationeiuit
642 979 719 1039 Sulis
734 981 869 1041 colossus
884 979 996 1057 Rhodi,
1016 999 1101 1059 quem

77 1067 219 1125 roiecerat
237 1062 346 1124 Chares
361 1064 494 1139 Lindius,
516 1063 634 1141 Lysippi
659 1081 746 1142 supra
766 1064 833 1123 dicti
850 1064 1017 1143 discipulus.
1053 1085 1131 1125 seo

109 1150 257 1227 ptuaginta
278 1148 439 1207 cubitorum
461 1147 618 1207 altitudinis
640 1148 703 1211 init.
747 1146 805 1207 hoc
828 1146 1008 1207 simulacrum
1033 1157 1102 1225 post

110 1231 375 1308 quinquagesimum
389 1239 501 1291 sextum
517 1248 619 1290 annum
633 1239 730 1290 terrae
746 1238 825 1289 motu
842 1238 1034 1309 prostratum,
1049 1231 1102 1291 sed

110 1316 207 1374 iacens
224 1331 341 1392 quoque
354 1314 492 1373 miraculo
509 1322 564 1375 est.
595 1316 679 1392 pauci
694 1313 832 1391 pollicem
847 1316 910 1372 eius
927 1314 1101 1392 amplectuu-

110 1406 171 1471 tur,
195 1398 320 1457 maiores
336 1406 402 1461 munt
416 1397 498 1473 digiti
515 1415 599 1475 quarn
614 1396 774 1475 pleraeque
790 1405 912 1460 statuae.
944 1390 1102 1475 vasti'spe·

72 1503 96 1543 ιι
106 1500 155 1544 cus
175 1483 254 1543 hiant
275 1483 413 1543 defractis
429 1481 581 1559 membris,
601 1489 770 1559 spectantur
787 1481 864 1539 intus
878 1498 998 1557 magnae
1016 1483 1101 1542 molis

106 1584 174 1627 saxa
189 1584 310 1645 quorum
323 1566 455 1643 pondere
469 1564 650 1624 stabiliverat
668 1564 857 1623 constituens.
887 1562 1038 1623 duodecim
1053 1584 1100 1624 ao-

104 1652 149 1710 nis
165 1650 279 1710 tradunt
304 1649 438 1709 ellectum
460 1644 533 1706 CCC
556 1646 673 1705 talentis
700 1663 774 1723 quae
796 1647 979 1723 contigerant
1000 1667 1038 1707 ex
1054 1647 1101 1707 ad·

105 1742 205 1811 paratu
227 1734 308 1809 regis
329 1730 469 1789 Demetrii
492 1728 598 1793 relicto
619 1746 719 1788 morae
734 1731 830 1789 taedio
845 1746 968 1807 opsessa
985 1730 1097 1791 Rhodo.

105 1817 178 1875 Sunt
192 1816 240 1873 alii
257 1822 371 1874 centum
382 1828 502 1872 uum-ero
518 1812 547 1870 in
564 1811 664 1871 eadem
679 1811 752 1873 urbe
766 1813 875 1873 colossi
889 1816 1017 1874 minores
1029 1814 1141 1889 hocta

71 1920 97 1959 ao
107 1898 160 1958 sed
175 1898 345 1973 ubicumque
361 1893 466 1973 singuli
487 1895 629 1971 luissent,
650 1895 827 1955 nobilitaturi
842 1897 953 1974 locum,
969 1906 1099 1975 praeter-

107 1999 163 2059 que
181 1981 235 2040 hos
250 1980 370 2039 deorum
388 1979 517 2058 quinque
534 1996 608 2057 quos
623 1979 695 2039 iecit
710 1979 840 2056 Bryaxis.
873 1980 1028 2041 Factitav'it
1047 1999 1095 2040 co·
1107 1991 1141 2046 43

106 2065 204 2125 lossos
221 2073 251 2125 ct
265 2062 356 2123 ltalia.
385 2062 515 2123 videmus
531 2072 612 2123 certe
630 2061 816 2124 Tuscanicum
830 2064 997 2144 Apollinem
1010 2068 1039 2124 in
1058 2066 1100 2124 bi·

106 2148 253 2209 bliotheca
262 2147 360 2225 templi
373 2147 497 2223 Augusti
510 2148 715 2224 quinquaginta
721 2146 825 2225 pedum
833 2166 848 2207 a
856 2147 976 2227 pollice,
984 2148 1099 2209 dubium

107 2251 177 2293 aare
192 2231 398 2292 mirabiliorem
412 2248 448 2289 an
459 2230 680 2308 pulchritudine.
703 2230 776 2291 iecit
790 2240 821 2292 et
836 2230 884 2310 Sp.
899 2229 1041 2293 Carvilius
1053 2232 1098 2292 lo·

72 2334 172 2377 arvam
189 2318 236 2393 qui
256 2316 346 2377 estin
366 2312 511 2395 Capitolio
529 2315 614 2373 victis
634 2313 809 2375 Samnitibus
829 2324 941 2375 sacrata
958 2315 1026 2393 lege
1047 2334 1098 2393 pu-

106 2400 258 2476 gnantibus
268 2418 285 2459 e
295 2398 493 2477 pectoralibus
506 2414 606 2457 eorum
618 2400 817 2475 ocreisqueqet
827 2399 929 2475 galeis.
941 2399 1097 2477 amplitudo

107 2491 185 2541 tanta
197 2491 243 2541 est
253 2490 283 2541 ut
293 2483 488 2560 conspiciatur
500 2499 515 2540 a
526 2478 632 2541 Latiari
647 2480 729 2541 love.
747 2482 907 2560 ereliquiis
922 2482 1006 2542 limae
1019 2500 1098 2541 suam

107 2573 229 2624 statuam
246 2566 317 2625 iecit
333 2583 406 2642 quae
422 2573 469 2626 est
485 2572 552 2625 ante
572 2565 664 2643 pedes
682 2564 824 2626 simulacri
840 2568 911 2625 eius.
944 2566 1050 2626 habent
1064 2568 1094 2625 iu
1104 2575 1140 2630 44

108 2648 211 2708 eodem
228 2645 371 2728 Capitolio
387 2648 602 2709 admirationem
622 2656 653 2708 ct
672 2650 765 2727 capita
781 2649 838 2709 duo
859 2666 932 2726 quae
949 2647 979 2708 Ρ.
991 2648 1096 2709 Lentu-

72 2731 152 2797 aolus
177 2731 278 2791 consul
300 2730 420 2805 dicavit,
440 2731 560 2791 alterum
583 2748 599 2790 a
618 2730 744 2792 Charete
767 2750 853 2809 supra
878 2732 955 2791 dicto
975 2732 1091 2810 iactum,
1104 2750 1127 2786 ιι

108 2814 228 2875 alterum
251 2815 322 2874 iecit
343 2813 449 2875 Decius
471 2816 678 2893 conparatione
700 2817 729 2874 in
751 2824 858 2874 tantum
875 2819 968 2888 vietus
983 2824 1014 2875 ut
1029 2818 1097 2875 arti·

109 2899 192 2959 licum
213 2898 335 2959 minume
357 2896 517 2974 probabilis
536 2897 676 2959 videatur.
714 2916 814 2959 rerum
835 2915 947 2958 omnem
963 2898 1139 2976 amplitudo

108 2982 202 3043 dinem
217 2989 374 3041 statuarum
388 2980 451 3039 eius
474 2982 592 3057 generis
606 2983 676 3041 vicit
696 2990 792 3041 aetate
810 2984 909 3041 uostra'
926 2980 1096 3042 zenodorus

107 3064 254 3125 llercurio
276 3065 354 3125 lacto
377 3064 406 3123 iu
427 3064 544 3128 ciuitate
562 3063 672 3126 Galliac
687 3063 838 3123 Arvernis.
871 3083 926 3143 per
941 3082 1031 3126 annos
1048 3064 1097 3125 de·

72 3167 99 3211 ao
109 3165 188 3226 cem,
203 3147 257 3209 llS.
272 3143 386 3293 ιίῐόὂὸι
402 3148 570 3226 manipreti,
585 3156 737 3226 postquam
751 3148 822 3208 satis
833 3156 924 3209 artem
938 3148 978 3209 ihi
994 3148 1096 3227 adpro·

108 3232 248 3308 baverat,
300 3246 389 3291 ornam
411 3230 520 3291 adcitus
546 3230 720 3304 aNerone,
745 3231 793 3291 ubi
822 3229 993 3293 destinatum
1017 3232 1095 3295 illius

109 3317 247 3395 principis
263 3315 413 3377 simulacro
430 3314 577 3397 colossum
591 3315 662 3374 iecit
676 3311 771 3373 cxlx
787 3314 891 3393 pedum
906 3314 1096 3393 longitudine,

109 3401 158 3479 qui
181 3398 290 3459 dicatus
310 3398 371 3461 Soli
399 3399 579 3459 venerationi
604 3406 652 3459 est
677 3397 814 3459 damnatis
835 3398 998 3460 sceleribus
1016 3400 1096 3460 illius
