2484 3817
328 187 886 268 usn.msn.xxv11.a.9.(3a—48.)
1046 188 1102 249 144

180 350 265 431 (43.)
286 349 549 428 Gbrysolacbanum
563 354 592 412 46
604 354 702 431 pineto
717 355 848 415 lactucae
864 354 956 415 simile
967 354 1102 415 nascitur.
1115 364 1149 419 66

113 447 199 498 sanat
214 453 321 495 nervos
337 438 463 513 incisos,
484 440 508 497 si
523 438 676 497 confestim
693 439 854 515 inponatur.
883 447 913 498 et
927 438 994 498 alibi
1015 456 1108 514 genus

112 519 338 594 chrysolachani
350 520 478 594 traditur,
495 520 680 595 domenico,
694 521 884 581 iolilsoleris.
908 531 1021 581 coctum
1029 529 1108 581 estur

113 612 146 664 nt
163 603 228 664 olus
240 602 340 662 molle.
369 602 443 662 baec
459 602 550 663 herba
564 602 718 680 adalligata
732 604 861 663 morbum
878 603 1126 687 66646464664466-1

90 688 192 747 stibus
207 689 245 746 ita
261 695 291 745 ut
312 687 439 764 spectari
461 684 496 745 ab
512 685 556 744 his
572 689 665 765 possit
684 705 788 767 sanare
808 687 837 747 id
858 688 960 747 malum
978 687 1106 748 traditur,

113 771 160 831 De
177 768 407 843 chrysolachano
423 787 479 828 nec
491 770 560 828 satis
576 768 632 829 dici
647 772 708 830 scio
721 788 777 830 nec
791 772 873 850 plura
885 772 1013 848 reperio,
1027 788 1104 829 uam·
1115 780 1148 835 67

116 872 172 934 que
187 862 218 912 et
235 853 291 911 boc
310 854 379 911 uitio
395 851 566 912 laboravere
586 855 718 931 proxumi
738 854 835 932 644666
857 852 983 913 herbarii
1006 855 1108 929 nostri,

116 936 195 1016 quod
210 937 283 1015 ipsis
297 945 380 995 notas
394 936 474 995 velut
489 935 620 1012 volgaris
634 936 751 996 strictim
773 946 803 996 et
821 936 981 996 nominibus
1002 945 1108 996 tantum

116 1020 293 1093 indicavere,
309 1028 450 1096 tamquam
465 1018 589 1094 coagulo
604 1026 699 1079 terrae
718 1020 812 1080 alvom
827 1021 905 1095 sisti,
919 1020 1109 1096 stranguriam

79 1103 257 1177 rodissolvi,
286 1104 310 1162 si
329 1102 443 1161 bibatur
461 1120 499 1161 ex
519 1104 585 1161 vino
610 1112 658 1162 aut
673 1120 756 1183 aqua.
780 1104 861 1182 (44.)
882 1102 1014 1163 cocubali
1033 1103 1151 1167 foliata

114 1190 182 1247 trita
204 1203 268 1245 cum
287 1194 373 1245 aceto
398 1185 573 1263 serpentium
595 1184 699 1245 ictibus
726 1195 755 1246 et
776 1189 961 1265 scorpionum
987 1187 1106 1246 mederi.

116 1270 230 1350 quidam
242 1270 316 1329 hauc
331 1269 389 1328 alio
400 1268 515 1327 nomine
529 1276 663 1328 strumum
677 1270 835 1349 appellant,
852 1269 899 1330 alii
910 1270 1021 1331 Graece
1033 1278 1108 1345 stry·

115 1355 230 1428 cbnon,
254 1353 355 1411 acinos
376 1352 464 1411 babet
481 1352 592 1427 nigros.
622 1370 660 1412 ex
675 1353 719 1412 his
733 1353 851 1428 cyathus
867 1355 928 1412 suoi
946 1371 1008 1412 cum
1024 1354 1108 1413 mulsi

114 1435 227 1497 duobus
242 1435 373 1494 medetur
386 1434 505 1510 lumbis,
527 1436 594 1495 item
616 1437 718 1517 capitis
732 1437 826 1497 dolori
843 1455 905 1497 com
921 1454 1045 1497 rosaceo
1063 1438 1107 1497 in-

80 1522 205 1595 rslusus,
220 1522 284 1598 ipsa
303 1527 428 1578 strumae
440 1518 528 1578 inlita.

177 1604 261 1682 (45.)
285 1601 442 1662 Peculiaris
460 1609 506 1660 cst
520 1600 635 1679 Alpinis
650 1620 781 1661 maxume
794 1600 954 1662 dominibus
969 1602 1106 1662 coulerua
1115 1612 1150 1665 69

113 1687 262 1767 appellata
277 1704 294 1745 a
307 1684 569 1759 conlemmioaudo,
583 1702 713 1762 spongea
726 1701 862 1761 aquarum
877 1685 999 1744 dulcium
1010 1685 1108 1743 verius

115 1788 200 1849 quam
214 1786 331 1829 muscus
346 1776 394 1827 ant
409 1767 516 1842 herba,
535 1767 659 1826 villosae
680 1766 827 1826 densitatis
843 1777 929 1847 atque
950 1768 1108 1827 fistulosae.

117 1862 245 1913 curatum
270 1871 304 1911 ea
322 1854 383 1911 scio
399 1850 529 1910 omnibns
550 1849 615 1908 lere
635 1848 749 1908 ossibus
771 1850 926 1910 confractis
941 1849 1109 1928 prolapsum

77 1963 109 2003 20
120 1956 160 1996 ex
172 1936 274 1995 arbore
286 1935 521 2012 altaputatorem,
537 1931 709 1992 circumdata
722 1933 856 1993 universo
871 1936 998 2011 corpori,
1007 1950 1109 2011 aquam

118 2036 200 2079 suam
215 2017 455 2097 adspergentibus
475 2015 608 2093 quotiens
621 2016 813 2092 incresceret,
837 2034 960 2095 raroque
983 2018 1107 2076 6666464

116 2102 298 2163 deiicientem
319 2099 437 2161 herbam
458 2099 620 2159 mutationis
638 2116 724 2159 causa
745 2100 977 2179 resolventibus,
1002 2118 1107 2161 conva-

115 2186 206 2247 luisse
222 2188 272 2244 rix
288 2184 418 2244 credibili
434 2184 593 2243 celeritate.

178 2269 208 2329 9.
231 2268 316 2347 (46.)
338 2266 437 2327 Cocco
455 2266 556 2326 Cnidio
573 2265 656 2325 color
671 2268 763 2343 cocci,
778 2266 941 2344 magnitudo
956 2284 1047 2349 grano
1063 2268 1104 2347 pi·
1116 2276 1151 2333 76

81 2353 198 2431 asperis
213 2354 321 2427 maior,
340 2352 385 2409 vis
399 2350 513 2409 ardens.
544 2352 640 2428 itaque
654 2352 683 2409 in
697 2368 771 2428 pane
787 2351 942 2410 devoratur
957 2370 992 2411 66
1008 2351 1108 2411 adurat

116 2435 215 2513 gulam
227 2435 357 2494 transitu.
377 2435 422 2493 uis
433 2441 645 2513 praesentanea
658 2442 758 2493 contra
772 2436 903 2510 cicutam,
920 2436 1107 2494 sistitalvom.

184 2518 267 2598 (47.)
290 2517 434 2595 Dipsacos
455 2515 525 2576 lolia
546 2514 633 2576 babet
652 2516 783 2576 lactucae
801 2516 951 2596 bullasque
972 2519 1146 2596 6646666674

116 2604 145 2662 46
162 2601 239 2661 dorsi
253 2600 366 2675 medio,
385 2599 495 2659 caulem
512 2599 594 2658 duum
615 2598 775 2659 cubitorum
791 2601 892 2660 iisdem
912 2602 1001 2678 spinis
1016 2600 1107 2659 borri-

115 2686 194 2758 dum,
210 2684 344 2761 genioula
356 2685 417 2743 eius
431 2682 504 2742 birris
517 2682 595 2742 loliis
609 2682 848 2762 amplectentibus
858 2700 988 2743 concavo
1000 2682 1108 2742 alarum

79 2770 182 2833 666466
195 2769 224 2825 46
239 2784 297 2845 666
320 2764 448 2826 subsistit
466 2784 516 2825 ros
538 2766 642 2826 salsus.
675 2768 704 2825 in
729 2770 875 2827 cacumine
898 2765 1022 2843 capitula
1044 2773 1109 2823 suut

116 2850 252 2912 echinata
267 2851 368 2928 spinis.
399 2850 524 2910 nascitur
537 2850 566 2908 in
581 2850 708 2927 aquosis.
738 2859 819 2910 sanat
835 2851 920 2909 rimas
936 2848 1024 2921 sedis,
1040 2848 1108 2907 item

116 2934 230 2994 listulas
246 2933 369 2993 decocta
393 2935 421 2991 in
443 2934 510 2991 uino
526 2932 624 2992 radice
640 2950 730 3010 nsque
749 2934 814 2993 dum
833 2932 869 2991 sit
885 2930 1043 2991 crassitudo
1060 2948 1107 2989 ce·

115 3035 180 3092 rae,
196 3025 227 3075 nt
242 3018 338 3095 possit
352 3017 380 3075 in
397 3016 506 3076 listulas
526 3016 676 3090 collyrium
690 3018 773 3092 mitti,
789 3018 855 3075 item
872 3030 1008 3073 verrucas
1021 3017 1107 3073 omni-

116 3120 165 3161 um
184 3118 334 3177 generum.
362 3100 474 3178 quidam
495 3107 524 3157 et
544 3098 651 3158 alarum
673 3116 744 3178 quas
761 3116 849 3178 supra
869 3096 989 3155 diximus
1010 3100 1107 3157 sncbm

80 3184 308 3247 aslnlinnutbis.

184 3267 267 3348 (48.)
288 3266 463 3345 Dryopteris
480 3264 577 3327 ielicis
599 3263 698 3324 similis
724 3264 752 3324 46
783 3263 933 3325 arboribus
967 3264 1150 3338 6666446674

118 3352 199 3413 tenui
218 3352 355 3412 loliorum
379 3349 555 3409 subdulcium
574 3350 716 3423 incisura,
738 3347 835 3408 radice
855 3349 973 3407 hirsuta.
1013 3347 1058 3405 ris
1081 3347 1107 3405 64

119 3438 249 3497 caustica
263 3444 325 3511 est,
346 3432 414 3493 idco
430 3432 580 3511 psilotrum
603 3439 647 3491 est
666 3431 747 3491 radix
768 3439 866 3507 tunsa,
888 3430 1011 3489 inlinitur
1034 3430 1108 3487 enim
