2484 3817
478 69 487 106 l

265 213 270 238 ⁸
326 253 744 308 unn.aren.xxm1.t-o.
763 248 899 326 (tt—14.)
1050 245 1091 308 at

103 421 214 489 senat,
236 413 366 471 viventia
386 415 560 490 corrumpit,
575 415 646 472 mira
661 411 841 491 differentia,
862 433 925 474 curn
938 418 1025 476 vitam
1047 433 1095 474 au·

102 497 170 556 ierat
198 495 378 572 spirantibus
399 495 601 573 defunctisque
628 514 683 574 pro
704 498 763 555 vita
785 501 830 557 ait.
861 501 953 559 vestis
977 515 1094 577 quoqne

103 579 259 656 corrumpit
277 588 308 638 et
324 579 455 638 animalia
472 587 564 640 necat.
600 579 638 639 ob
650 579 724 640 haec
739 597 797 639 non
812 600 948 642 censeam
963 585 993 641 in
1010 583 1090 659 angi·
1102 592 1137 647 18

103 665 142 722 nis
155 661 213 722 hoc
229 661 360 723 remedio
371 662 508 722 utendum
519 679 613 740 neque
626 645 656 722 ih
667 663 867 741 cruditatibus,
882 666 959 742 quod
971 682 1092 726 euasere

83 745 204 823 saliqui,
231 754 328 822 gustu.
366 745 462 804 dentis
481 763 597 823 quoque
620 746 762 806 conluere
782 757 920 817 expaceto
944 748 1093 808 indolere

103 830 241 888 timuerim
264 828 314 888 vel
335 831 470 904 gravitati
492 839 542 889 aut
560 831 708 889 vermibus
723 832 831 890 aurium
844 831 995 890 instillare.
1027 850 1093 910 por·

103 919 206 972 tanturn
222 911 361 989 estquod
377 913 667 976 traduntabortivum
683 914 748 973 lieri
763 915 792 972 in
812 931 922 973 venere
941 922 1007 973 ante
1024 933 1091 992 per·

101 994 158 1054 lusa
175 995 327 1055 virilitate.
359 995 526 1073 phthiriasis
548 1013 733 1074 perunguere
751 1014 789 1056 eo
811 1014 870 1056 non
891 997 1093 1076 dubitaverim,

102 1079 164 1138 item
179 1080 358 1156 porrigines.
389 1079 511 1140 suadent
525 1089 556 1139 et
570 1087 672 1139 contra
695 1091 839 1140 venenum
859 1080 971 1158 leporis
991 1084 1092 1141 marini

75 1161 200 1220 cohibere
217 1163 247 1220 in
262 1179 367 1239 passo,
387 1161 500 1222 facilius
514 1163 543 1221 in
559 1162 750 1240 elephantiasi
763 1164 906 1224 inlinatur.
940 1171 971 1223 et
989 1163 1088 1225 ulcera
1102 1177 1135 1231 19

103 1244 214 1304 sordida
235 1253 266 1304 et
282 1248 484 1306 excrescentia
499 1247 528 1306 in
544 1248 579 1306 iis
597 1254 733 1306 auctores
754 1248 866 1324 quidam
888 1256 919 1306 et
940 1246 1092 1307 oculorum

102 1327 253 1405 albugines
275 1329 474 1407 caliginesque
495 1330 638 1390 inunxere
663 1347 700 1390 eo
722 1339 752 1390 et
769 1339 869 1391 contra
889 1330 1035 1408 pulmonis
1050 1332 1091 1391 ul-

102 1429 163 1471 cera
178 1412 314 1487 cyathum
330 1413 391 1472 elus
410 1413 525 1472 sorberi
540 1415 705 1490 iusserunt,
728 1415 797 1474 item
812 1415 953 1474 adversus
969 1417 1088 1480 nestas
1189 1425 1193 1432 '

12 1563 13 1566 Ἴ
103 1495 180 1556 iter
208 1513 246 1554 en
267 1505 298 1554 et
312 1495 407 1555 oleum
428 1496 505 1574 quod
526 1496 696 1574 pisselaeon
715 1505 839 1571 vocant,
861 1497 1090 1558 vehementioris

12 1579 14 1648 ἷ
73 1578 133 1639 aad
147 1581 242 1638 omnia
255 1580 357 1639 eadem
378 1597 455 1639 usus.
483 1579 562 1638 cedri
586 1579 677 1639 scobe
701 1582 849 1658 serpentis
864 1582 958 1656 iugari
980 1590 1091 1642 certum

100 1669 160 1737 est,
175 1665 246 1722 item
260 1662 340 1721 bacis
356 1665 432 1724 tritis
448 1681 511 1724 cum
531 1662 599 1723 oleo
616 1665 641 1721 si
659 1665 706 1740 qui
721 1672 945 1742 perunguuntur.

12 1745 13 1824 l
159 1745 242 1823 (12.)
274 1743 431 1821 codrides,
455 1746 511 1806 hoc
536 1755 582 1806 est
602 1747 713 1804 fructus
735 1746 833 1820 cedri,
859 1747 960 1803 tussim
976 1755 1134 1824 sanabant)

12 1843 13 1884 1
98 1830 205 1886 urinam
222 1830 316 1904 cient,
331 1829 426 1888 alvom
438 1832 559 1905 sistunt,
575 1829 663 1887 utiles
679 1829 789 1906 ruptis,
807 1827 971 1903 convolsis,
987 1832 1090 1906 spasti-

13 1961 14 1968 ,
101 1912 160 1986 cis,
176 1914 367 1990 stranguriae,
385 1913 496 1989 volvis,
513 1913 547 1973 ad
569 1910 698 1972 antidota
713 1919 814 1972 contra
830 1910 949 1989 lepores
961 1915 1088 1972 marinos

68 2015 93 2053 no
104 1993 257 2070 eademque
275 2013 348 2074 quae
363 2014 460 2074 supra,
472 1994 695 2056 collectionibus
708 1995 1042 2074 inflammationibnsqne.
1108 2017 1132 2052 n

13 2083 14 2158 J
164 2077 244 2154 (13.)
272 2078 317 2139 De
332 2078 456 2156 galbano
474 2081 604 2139 diximus.
630 2095 726 2155 neque
737 2079 859 2138 umidum
871 2097 966 2156 neque
977 2080 1126 2145 aridnmtt

100 2159 255 2238 probatur,
272 2171 301 2221 et
316 2162 401 2240 quale
418 2163 565 2222 docuimus
581 2179 637 2240 per
651 2181 684 2222 se
703 2162 812 2222 bibitur
827 2162 863 2222 ad
878 2166 978 2223 nussim
993 2181 1043 2223 ve·
1054 2163 1084 2206 ”⁹
1097 2163 1131 2197 ¹¹⁸

99 2253 204 2319 terem,
222 2247 362 2322 suspiria,
381 2255 481 2323 rupta,
494 2245 641 2306 convolsa.
673 2247 821 2324 inponitur
840 2245 1023 2323 ischiadicis,
1048 2248 1087 2308 la·

101 2329 172 2386 teris
188 2327 357 2405 doloribus,
374 2330 475 2407 panis,
490 2327 664 2404 furunculis,
681 2331 799 2407 corpori
817 2328 853 2388 ab
869 2331 986 2390 ossibus
1006 2349 1087 2392 rece·

70 2407 196 2487 cadenti,
210 2413 345 2488 strumis,
361 2412 546 2472 articulorum
566 2412 668 2488 nodis,
694 2412 820 2472 dentium
840 2429 957 2490 unoque
978 2415 1087 2474 dolori·

100 2491 162 2552 bus.
190 2493 319 2554 inlinitur
333 2504 363 2554 et
378 2513 441 2554 cum
457 2495 543 2556 melle
557 2497 660 2572 capitis
681 2496 836 2555 ulceribus.
870 2496 1031 2574 purulentis
1045 2499 1087 2557 in·

100 2575 225 2636 tunditur
251 2578 368 2637 auribus
390 2596 453 2638 enm
479 2595 603 2638 rosaceo
630 2586 678 2638 aut
701 2577 799 2638 nardo.
830 2578 922 2638 odore
939 2579 1088 2638 comitiali·

99 2657 151 2718 bus
167 2659 320 2738 subvenit,
335 2670 365 2720 et
384 2662 468 2722 volva
488 2661 685 2738 strangulante
703 2662 751 2721 vel
768 2663 797 2720 in
812 2661 951 2721 stomachi
964 2661 1088 2721 deiectu.

98 2741 218 2802 abortus
234 2760 293 2803 non
308 2747 442 2805 exeuntis
458 2744 544 2804 trahit
554 2745 689 2822 adpositu
702 2744 751 2804 vel
773 2746 887 2822 sullitu,
914 2747 983 2803 item
1007 2761 1086 2804 ramo
1098 2753 1132 2804 22

67 2823 244 2885 nhellebori
272 2827 459 2887 circumlitum
485 2837 570 2905 atque
599 2828 768 2890 subiectum.
811 2830 959 2906 serpentis
987 2826 1090 2887 nidore

97 2911 243 2968 arentium
263 2910 357 2986 iugari
377 2912 508 2972 diximus.
538 2912 653 2987 lugiunt
675 2920 707 2972 et
729 2921 888 2990 perunctos
912 2909 1045 2987 galbano.
1062 2927 1132 2972 nmo
1217 2961 1221 2969 .

96 2991 231 3054 medetur
244 3002 275 3054 et
287 3011 305 3052 a
319 2998 476 3073 scorpione
489 2995 646 3072 percussis.
665 2995 775 3054 bibitur
790 3003 820 3055 et
837 2996 867 3054 in
881 2992 990 3054 diihcili
1006 3002 1090 3070 partu

14 3119 15 3156 3
97 3073 182 3136 labae
198 3077 396 3155 magnitudine
413 3079 442 3138 in
458 3078 561 3154 cyatho
577 3077 654 3153 vini,
670 3078 830 3156 volvasque
844 3094 1003 3136 conversos
1025 3094 1089 3138 cor-

14 3163 15 3174 *
97 3157 183 3235 n'git,
210 3177 277 3219 curn
298 3177 392 3222 murra
412 3171 506 3222 autern
529 3170 559 3224 et
584 3162 654 3220 vino
673 3169 805 3222 nortuos
830 3168 929 3236 partus
954 3161 1087 3220 extrahit.

69 3251 90 3292 tt
101 3241 275 3304 adversatur
292 3250 324 3301 et
340 3247 476 3322 venenis,
492 3262 623 3304 maxume
639 3245 762 3320 toxicis,
778 3260 841 3303 curn
853 3259 948 3303 murra
964 3252 996 3302 et
1012 3245 1087 3302 vino.

98 3327 248 3401 serpentis
273 3325 343 3385 oleo
360 3336 390 3386 et
405 3328 559 3406 spondylio
578 3328 669 3385 mixto
686 3335 764 3386 tactu
783 3331 876 3385 necat.
909 3343 1018 3385 nocere
1033 3327 1089 3385 uri·

97 3421 152 3466 nae
169 3410 360 3470 existimanus.

161 3491 190 3552 6.
213 3492 296 3571 (14.)
325 3492 433 3552 Similis
450 3493 636 3554 hammoniaci
652 3499 752 3550 natura
770 3498 857 3566 atum
869 3490 1005 3550 lacrimae
1021 3505 1088 3564 pro
1099 3497 1134 3548 23
