<?xml version="1.0" encoding="UTF-8"?>
<!DOCTYPE html PUBLIC "-//W3C//DTD XHTML 1.0 Transitional//EN"
    "http://www.w3.org/TR/xhtml1/DTD/xhtml1-transitional.dtd">
<html xmlns="http://www.w3.org/1999/xhtml" xml:lang="en" lang="en">
 <head>
  <title>
</title>
<meta http-equiv="Content-Type" content="text/html;charset=utf-8" />
  <meta name='ocr-system' content='tesseract 3.04.00' />
  <meta name='ocr-capabilities' content='ocr_page ocr_carea ocr_par ocr_line ocrx_word'/>
</head>
<body>
  <div class='ocr_page' id='page_1' title='image "./cplinisecundina24plingoog_0201.png"; bbox 0 0 2484 3817; ppageno 0'>
   <div class='ocr_carea' id='block_1_1' title="bbox 160 194 1078 290">
    <p class='ocr_par' dir='ltr' id='par_1_1' title="bbox 160 194 1078 290">
     <span class='ocr_line' id='line_1_1' title="bbox 160 194 1078 290; baseline 0.004 -15"><span class='ocrx_word' id='word_1_1' title='bbox 160 203 164 211; x_wconf 83' lang='lat'>&#39;</span> <span class='ocrx_word' id='word_1_2' title='bbox 216 194 972 290; x_wconf 59' lang='lat' dir='ltr'><strong>nnnmsu.xxV1.15.(91.)—-xxv11.1.(1.)‘</strong></span> <span class='ocrx_word' id='word_1_3' title='bbox 1019 216 1078 279; x_wconf 84' lang='lat'><strong>129</strong></span> 
     </span>
    </p>
   </div>
   <div class='ocr_carea' id='block_1_2' title="bbox 60 381 1169 1955">
    <p class='ocr_par' dir='ltr' id='par_1_2' title="bbox 87 381 1078 527">
     <span class='ocr_line' id='line_1_2' title="bbox 87 381 1078 457; baseline -0.001 -14"><span class='ocrx_word' id='word_1_4' title='bbox 87 381 145 443; x_wconf 89' lang='lat' dir='ltr'><strong>lem</strong></span> <span class='ocrx_word' id='word_1_5' title='bbox 162 381 300 457; x_wconf 86' lang='lat' dir='ltr'><strong>tradunt‚·</strong></span> <span class='ocrx_word' id='word_1_6' title='bbox 319 383 493 457; x_wconf 77' lang='lat' dir='ltr'>arsenogoni</span> <span class='ocrx_word' id='word_1_7' title='bbox 513 389 608 439; x_wconf 88' lang='lat' dir='ltr'><strong>autem</strong></span> <span class='ocrx_word' id='word_1_8' title='bbox 628 398 727 441; x_wconf 87' lang='lat' dir='ltr'><strong>semen</strong></span> <span class='ocrx_word' id='word_1_9' title='bbox 748 382 889 456; x_wconf 88' lang='lat' dir='ltr'><strong>geminum</strong></span> <span class='ocrx_word' id='word_1_10' title='bbox 912 394 980 442; x_wconf 83' lang='lat' dir='ltr'><strong>esse</strong></span> <span class='ocrx_word' id='word_1_11' title='bbox 1000 384 1078 443; x_wconf 89' lang='lat' dir='ltr'><strong>testi-</strong></span> 
     </span>
     <span class='ocr_line' id='line_1_3' title="bbox 87 465 615 527; baseline -0.008 -1"><span class='ocrx_word' id='word_1_12' title='bbox 87 465 143 527; x_wconf 87' lang='lat' dir='ltr'><strong>bus</strong></span> <span class='ocrx_word' id='word_1_13' title='bbox 163 465 269 525; x_wconf 87' lang='lat' dir='ltr'><strong>simile.</strong></span> <span class='ocrx_word' id='word_1_14' title='bbox 487 509 489 516; x_wconf 87' lang='grc'><strong>.</strong></span> <span class='ocrx_word' id='word_1_15' title='bbox 605 476 615 493; x_wconf 82' lang='grc'><em>·</em></span> 
     </span>
    </p>

    <p class='ocr_par' dir='ltr' id='par_1_3' title="bbox 86 546 1122 708">
     <span class='ocr_line' id='line_1_4' title="bbox 148 546 1122 628; baseline 0.004 -19"><span class='ocrx_word' id='word_1_16' title='bbox 148 548 234 628; x_wconf 81' lang='grc'><strong>(92.)</strong></span> <span class='ocrx_word' id='word_1_17' title='bbox 256 548 440 607; x_wconf 87' lang='lat' dir='ltr'><strong>llammarum</strong></span> <span class='ocrx_word' id='word_1_18' title='bbox 453 546 531 605; x_wconf 83' lang='lat' dir='ltr'><strong>vitiis</strong></span> <span class='ocrx_word' id='word_1_19' title='bbox 542 547 654 605; x_wconf 80' lang='lat' dir='ltr'><strong>aizoum</strong></span> <span class='ocrx_word' id='word_1_20' title='bbox 671 546 748 625; x_wconf 87' lang='lat' dir='ltr'><strong>quod</strong></span> <span class='ocrx_word' id='word_1_21' title='bbox 765 547 913 624; x_wconf 71' lang='lat' dir='ltr'><strong>digitillum</strong></span> <span class='ocrx_word' id='word_1_22' title='bbox 929 549 1057 627; x_wconf 84' lang='lat' dir='ltr'><strong>appella·</strong></span> <span class='ocrx_word' id='word_1_23' title='bbox 1071 560 1122 614; x_wconf 79' lang='lat'><strong>163</strong></span> 
     </span>
     <span class='ocr_line' id='line_1_5' title="bbox 86 630 1122 708; baseline -0.003 -15"><span class='ocrx_word' id='word_1_24' title='bbox 86 636 177 693; x_wconf 83' lang='lat' dir='ltr'><strong>vimus</strong></span> <span class='ocrx_word' id='word_1_25' title='bbox 192 632 276 691; x_wconf 90' lang='lat' dir='ltr'><strong>unice</strong></span> <span class='ocrx_word' id='word_1_26' title='bbox 293 630 432 689; x_wconf 90' lang='lat' dir='ltr'><strong>medetur.</strong></span> <span class='ocrx_word' id='word_1_27' title='bbox 463 631 601 705; x_wconf 76' lang='lat' dir='ltr'><strong>erigeron</strong></span> <span class='ocrx_word' id='word_1_28' title='bbox 619 648 657 689; x_wconf 82' lang='lat' dir='ltr'><strong>ex</strong></span> <span class='ocrx_word' id='word_1_29' title='bbox 671 646 760 708; x_wconf 88' lang='lat' dir='ltr'><strong>passo</strong></span> <span class='ocrx_word' id='word_1_30' title='bbox 773 648 908 691; x_wconf 90' lang='lat' dir='ltr'><strong>mammas</strong></span> <span class='ocrx_word' id='word_1_31' title='bbox 919 631 1072 691; x_wconf 72' lang='lat' dir='ltr'><strong>uberio-¹³·</strong></span> <span class='ocrx_word' id='word_1_32' title='bbox 1088 632 1122 667; x_wconf 82' lang='lat'><strong>¹⁸⁰</strong></span> 
     </span>
    </p>

    <p class='ocr_par' dir='ltr' id='par_1_4' title="bbox 60 712 1081 1193">
     <span class='ocr_line' id='line_1_6' title="bbox 66 712 1080 792; baseline -0.005 -12"><span class='ocrx_word' id='word_1_33' title='bbox 66 735 135 780; x_wconf 77' lang='lat' dir='ltr'><strong>cres</strong></span> <span class='ocrx_word' id='word_1_34' title='bbox 150 716 238 792; x_wconf 88' lang='lat' dir='ltr'><strong>lacit,</strong></span> <span class='ocrx_word' id='word_1_35' title='bbox 253 713 392 773; x_wconf 90' lang='lat' dir='ltr'><strong>soncbum</strong></span> <span class='ocrx_word' id='word_1_36' title='bbox 407 714 436 772; x_wconf 86' lang='lat' dir='ltr'><strong>ln</strong></span> <span class='ocrx_word' id='word_1_37' title='bbox 451 712 528 771; x_wconf 84' lang='lat' dir='ltr'><strong>farre</strong></span> <span class='ocrx_word' id='word_1_38' title='bbox 542 720 666 771; x_wconf 90' lang='lat' dir='ltr'><strong>coctum.</strong></span> <span class='ocrx_word' id='word_1_39' title='bbox 696 730 771 790; x_wconf 85' lang='lat' dir='ltr'><strong>quae</strong></span> <span class='ocrx_word' id='word_1_40' title='bbox 786 732 858 773; x_wconf 87' lang='lat' dir='ltr'><strong>vero</strong></span> <span class='ocrx_word' id='word_1_41' title='bbox 875 723 983 773; x_wconf 90' lang='lat' dir='ltr'><strong>mastos</strong></span> <span class='ocrx_word' id='word_1_42' title='bbox 992 732 1080 775; x_wconf 88' lang='lat' dir='ltr'><strong>voca·</strong></span> 
     </span>
     <span class='ocr_line' id='line_1_7' title="bbox 86 794 1080 875; baseline -0.003 -15"><span class='ocrx_word' id='word_1_43' title='bbox 86 808 133 860; x_wconf 82' lang='lat' dir='ltr'><strong>tur</strong></span> <span class='ocrx_word' id='word_1_44' title='bbox 146 800 226 859; x_wconf 87' lang='lat' dir='ltr'><strong>inlita</strong></span> <span class='ocrx_word' id='word_1_45' title='bbox 238 797 316 875; x_wconf 87' lang='lat' dir='ltr'><strong>pilos</strong></span> <span class='ocrx_word' id='word_1_46' title='bbox 327 812 518 854; x_wconf 82' lang='lat' dir='ltr'><strong>mammarum.</strong></span> <span class='ocrx_word' id='word_1_47' title='bbox 543 794 569 854; x_wconf 87' lang='grc' dir='ltr'>Ε</span> <span class='ocrx_word' id='word_1_48' title='bbox 586 804 670 871; x_wconf 85' lang='lat' dir='ltr'><strong>partu</strong></span> <span class='ocrx_word' id='word_1_49' title='bbox 685 798 862 855; x_wconf 86' lang='lat' dir='ltr'><strong>nascentium</strong></span> <span class='ocrx_word' id='word_1_50' title='bbox 877 797 971 857; x_wconf 79' lang='lat' dir='ltr'><strong>aufert</strong></span> <span class='ocrx_word' id='word_1_51' title='bbox 990 806 1080 857; x_wconf 88' lang='lat' dir='ltr'><strong>testas</strong></span> 
     </span>
     <span class='ocr_line' id='line_1_8' title="bbox 86 878 1080 958; baseline -0.002 -16"><span class='ocrx_word' id='word_1_52' title='bbox 86 884 113 942; x_wconf 92' lang='lat' dir='ltr'><strong>in</strong></span> <span class='ocrx_word' id='word_1_53' title='bbox 128 883 206 945; x_wconf 84' lang='lat' dir='ltr'><strong>facie</strong></span> <span class='ocrx_word' id='word_1_54' title='bbox 226 881 340 958; x_wconf 86' lang='lat' dir='ltr'><strong>aliaque</strong></span> <span class='ocrx_word' id='word_1_55' title='bbox 360 880 433 938; x_wconf 90' lang='lat' dir='ltr'><strong>cutis</strong></span> <span class='ocrx_word' id='word_1_56' title='bbox 448 880 517 937; x_wconf 83' lang='lat' dir='ltr'><strong>vitia</strong></span> <span class='ocrx_word' id='word_1_57' title='bbox 534 878 666 938; x_wconf 86' lang='lat' dir='ltr'><strong>emendat</strong></span> <span class='ocrx_word' id='word_1_58' title='bbox 686 881 831 955; x_wconf 88' lang='lat' dir='ltr'><strong>gentiana,</strong></span> <span class='ocrx_word' id='word_1_59' title='bbox 853 879 1013 958; x_wconf 75' lang='lat' dir='ltr'><strong>nymphaea</strong></span> <span class='ocrx_word' id='word_1_60' title='bbox 1025 880 1080 940; x_wconf 91' lang='lat' dir='ltr'><strong>lle·</strong></span> 
     </span>
     <span class='ocr_line' id='line_1_9' title="bbox 85 961 1081 1040; baseline -0.003 -14"><span class='ocrx_word' id='word_1_61' title='bbox 85 966 174 1026; x_wconf 90' lang='lat' dir='ltr'><strong>raclia</strong></span> <span class='ocrx_word' id='word_1_62' title='bbox 191 965 280 1040; x_wconf 72' lang='lat' dir='ltr'><strong>inlita,</strong></span> <span class='ocrx_word' id='word_1_63' title='bbox 301 963 453 1037; x_wconf 74' lang='lat' dir='ltr'><strong>cyclamini</strong></span> <span class='ocrx_word' id='word_1_64' title='bbox 469 961 551 1021; x_wconf 88' lang='lat' dir='ltr'><strong>radix</strong></span> <span class='ocrx_word' id='word_1_65' title='bbox 569 962 697 1021; x_wconf 86' lang='lat' dir='ltr'><strong>maculas</strong></span> <span class='ocrx_word' id='word_1_66' title='bbox 714 965 816 1023; x_wconf 84' lang='lat' dir='ltr'><strong>omnis.</strong></span> <span class='ocrx_word' id='word_1_67' title='bbox 842 962 977 1023; x_wconf 76' lang='lat' dir='ltr'><strong>cacaliae</strong></span> <span class='ocrx_word' id='word_1_68' title='bbox 992 981 1081 1039; x_wconf 77' lang='lat' dir='ltr'><strong>gram</strong></span> 
     </span>
     <span class='ocr_line' id='line_1_10' title="bbox 86 1044 1080 1123; baseline -0.001 -16"><span class='ocrx_word' id='word_1_69' title='bbox 86 1051 172 1109; x_wconf 81' lang='lat' dir='ltr'><strong>mixta</strong></span> <span class='ocrx_word' id='word_1_70' title='bbox 195 1065 284 1107; x_wconf 89' lang='lat' dir='ltr'><strong>cerae</strong></span> <span class='ocrx_word' id='word_1_71' title='bbox 306 1044 430 1123; x_wconf 83' lang='lat' dir='ltr'><strong>liquidae</strong></span> <span class='ocrx_word' id='word_1_72' title='bbox 451 1044 607 1112; x_wconf 74' lang='lat' dir='ltr'><strong>exiendum</strong></span> <span class='ocrx_word' id='word_1_73' title='bbox 628 1054 722 1105; x_wconf 86' lang='lat' dir='ltr'><strong>cutem</strong></span> <span class='ocrx_word' id='word_1_74' title='bbox 741 1047 771 1105; x_wconf 87' lang='lat' dir='ltr'><strong>in</strong></span> <span class='ocrx_word' id='word_1_75' title='bbox 789 1046 866 1106; x_wconf 86' lang='lat' dir='ltr'><strong>facie</strong></span> <span class='ocrx_word' id='word_1_76' title='bbox 890 1055 1080 1123; x_wconf 71' lang='lat' dir='ltr'><strong>magumque,</strong></span> 
     </span>
     <span class='ocr_line' id='line_1_11' title="bbox 60 1127 613 1193; baseline -0.013 0"><span class='ocrx_word' id='word_1_77' title='bbox 60 1134 153 1193; x_wconf 79' lang='lat' dir='ltr'><strong>novitia</strong></span> <span class='ocrx_word' id='word_1_78' title='bbox 169 1132 266 1192; x_wconf 86' lang='lat' dir='ltr'><strong>omnia</strong></span> <span class='ocrx_word' id='word_1_79' title='bbox 280 1130 360 1188; x_wconf 91' lang='lat' dir='ltr'><strong>acori</strong></span> <span class='ocrx_word' id='word_1_80' title='bbox 375 1127 457 1188; x_wconf 80' lang='lat' dir='ltr'><strong>radix</strong></span> <span class='ocrx_word' id='word_1_81' title='bbox 472 1128 613 1187; x_wconf 87' lang='lat' dir='ltr'><strong>emendat.</strong></span> 
     </span>
    </p>

    <p class='ocr_par' dir='ltr' id='par_1_5' title="bbox 86 1210 1122 1539">
     <span class='ocr_line' id='line_1_12' title="bbox 149 1210 1122 1295; baseline 0 -18"><span class='ocrx_word' id='word_1_82' title='bbox 149 1214 235 1294; x_wconf 88' lang='grc'>(93.)</span> <span class='ocrx_word' id='word_1_83' title='bbox 259 1211 403 1291; x_wconf 78' lang='lat' dir='ltr'><strong>capillum</strong></span> <span class='ocrx_word' id='word_1_84' title='bbox 414 1210 581 1285; x_wconf 76' lang='lat' dir='ltr'><strong>bysimacbc</strong></span> <span class='ocrx_word' id='word_1_85' title='bbox 596 1211 702 1295; x_wconf 83' lang='lat' dir='ltr'><strong>darom</strong></span> <span class='ocrx_word' id='word_1_86' title='bbox 716 1211 800 1289; x_wconf 84' lang='lat' dir='ltr'><strong>facit,</strong></span> <span class='ocrx_word' id='word_1_87' title='bbox 822 1212 955 1290; x_wconf 86' lang='lat' dir='ltr'><strong>denigrat</strong></span> <span class='ocrx_word' id='word_1_88' title='bbox 969 1212 1122 1291; x_wconf 73' lang='lat' dir='ltr'>hypo-164</span> 
     </span>
     <span class='ocr_line' id='line_1_13' title="bbox 86 1294 1078 1374; baseline -0.005 -15"><span class='ocrx_word' id='word_1_89' title='bbox 86 1301 193 1374; x_wconf 73' lang='lat' dir='ltr'><strong>mcum,</strong></span> <span class='ocrx_word' id='word_1_90' title='bbox 220 1296 299 1374; x_wconf 88' lang='lat' dir='ltr'><strong>quod</strong></span> <span class='ocrx_word' id='word_1_91' title='bbox 322 1304 352 1355; x_wconf 85' lang='lat' dir='ltr'><strong>ct</strong></span> <span class='ocrx_word' id='word_1_92' title='bbox 368 1296 507 1355; x_wconf 89' lang='lat' dir='ltr'><strong>corissum</strong></span> <span class='ocrx_word' id='word_1_93' title='bbox 521 1302 660 1371; x_wconf 84' lang='lat' dir='ltr'><strong>vocatur,</strong></span> <span class='ocrx_word' id='word_1_94' title='bbox 680 1296 749 1357; x_wconf 85' lang='lat' dir='ltr'><strong>itam</strong></span> <span class='ocrx_word' id='word_1_95' title='bbox 772 1294 881 1371; x_wconf 78' lang='lat' dir='ltr'><strong>ophrys</strong></span> <span class='ocrx_word' id='word_1_96' title='bbox 903 1295 1078 1356; x_wconf 87' lang='lat' dir='ltr'><strong>denticulato</strong></span> 
     </span>
     <span class='ocr_line' id='line_1_14' title="bbox 86 1377 1080 1457; baseline -0.003 -15"><span class='ocrx_word' id='word_1_97' title='bbox 86 1383 160 1443; x_wconf 90' lang='lat' dir='ltr'><strong>oleri</strong></span> <span class='ocrx_word' id='word_1_98' title='bbox 176 1381 288 1457; x_wconf 84' lang='lat' dir='ltr'><strong>similis,</strong></span> <span class='ocrx_word' id='word_1_99' title='bbox 301 1378 379 1451; x_wconf 84' lang='lat' dir='ltr'><strong>loliis</strong></span> <span class='ocrx_word' id='word_1_100' title='bbox 390 1377 511 1439; x_wconf 86' lang='lat' dir='ltr'><strong>duobus.</strong></span> <span class='ocrx_word' id='word_1_101' title='bbox 535 1379 679 1453; x_wconf 80' lang='lat' dir='ltr'><strong>nigritiam</strong></span> <span class='ocrx_word' id='word_1_102' title='bbox 693 1378 741 1437; x_wconf 86' lang='lat' dir='ltr'><strong>dat</strong></span> <span class='ocrx_word' id='word_1_103' title='bbox 752 1387 781 1437; x_wconf 89' lang='lat' dir='ltr'><strong>et</strong></span> <span class='ocrx_word' id='word_1_104' title='bbox 793 1377 959 1439; x_wconf 87' lang='lat' dir='ltr'><strong>Polemonia</strong></span> <span class='ocrx_word' id='word_1_105' title='bbox 970 1380 999 1438; x_wconf 91' lang='lat' dir='ltr'><strong>in</strong></span> <span class='ocrx_word' id='word_1_106' title='bbox 1010 1379 1080 1439; x_wconf 93' lang='lat' dir='ltr'><strong>oleo</strong></span> 
     </span>
     <span class='ocr_line' id='line_1_15' title="bbox 87 1460 1079 1539; baseline -0.003 -13"><span class='ocrx_word' id='word_1_107' title='bbox 87 1466 220 1525; x_wconf 85' lang='lat' dir='ltr'><strong>decocta.</strong></span> <span class='ocrx_word' id='word_1_108' title='bbox 252 1462 405 1523; x_wconf 89' lang='lat' dir='ltr'><strong>Psilotrum</strong></span> <span class='ocrx_word' id='word_1_109' title='bbox 420 1478 473 1520; x_wconf 88' lang='lat' dir='ltr'><strong>nos</strong></span> <span class='ocrx_word' id='word_1_110' title='bbox 491 1460 605 1539; x_wconf 88' lang='lat' dir='ltr'><strong>quidem</strong></span> <span class='ocrx_word' id='word_1_111' title='bbox 619 1462 649 1520; x_wconf 90' lang='lat' dir='ltr'><strong>in</strong></span> <span class='ocrx_word' id='word_1_112' title='bbox 663 1461 849 1522; x_wconf 79' lang='lat' dir='ltr'><strong>muliebribus</strong></span> <span class='ocrx_word' id='word_1_113' title='bbox 864 1463 1079 1523; x_wconf 73' lang='lat' dir='ltr'><strong>medicamentis</strong></span> 
     </span>
    </p>

    <p class='ocr_par' dir='ltr' id='par_1_6' title="bbox 61 1545 1169 1955">
     <span class='ocr_line' id='line_1_16' title="bbox 61 1545 1079 1624; baseline -0.001 -19"><span class='ocrx_word' id='word_1_114' title='bbox 61 1558 257 1624; x_wconf 77' lang='lat' dir='ltr'><strong>retractamus,</strong></span> <span class='ocrx_word' id='word_1_115' title='bbox 271 1562 371 1605; x_wconf 84' lang='lat' dir='ltr'><strong>verum</strong></span> <span class='ocrx_word' id='word_1_116' title='bbox 386 1548 440 1605; x_wconf 88' lang='lat' dir='ltr'><strong>ianr</strong></span> <span class='ocrx_word' id='word_1_117' title='bbox 456 1554 486 1603; x_wconf 89' lang='lat' dir='ltr'><strong>et</strong></span> <span class='ocrx_word' id='word_1_118' title='bbox 499 1546 569 1603; x_wconf 80' lang='lat' dir='ltr'><strong>uiris</strong></span> <span class='ocrx_word' id='word_1_119' title='bbox 583 1552 629 1603; x_wconf 88' lang='lat' dir='ltr'><strong>est</strong></span> <span class='ocrx_word' id='word_1_120' title='bbox 645 1546 674 1603; x_wconf 92' lang='lat' dir='ltr'><strong>iu</strong></span> <span class='ocrx_word' id='word_1_121' title='bbox 689 1562 751 1605; x_wconf 89' lang='lat' dir='ltr'><strong>usu.</strong></span> <span class='ocrx_word' id='word_1_122' title='bbox 782 1545 1014 1607; x_wconf 81' lang='lat' dir='ltr'><strong>efficacissimum</strong></span> <span class='ocrx_word' id='word_1_123' title='bbox 1030 1563 1079 1604; x_wconf 91' lang='lat' dir='ltr'><strong>au-</strong></span> 
     </span>
     <span class='ocr_line' id='line_1_17' title="bbox 87 1627 1169 1703; baseline -0.005 -11"><span class='ocrx_word' id='word_1_124' title='bbox 87 1642 142 1692; x_wconf 91' lang='lat' dir='ltr'><strong>tem</strong></span> <span class='ocrx_word' id='word_1_125' title='bbox 167 1630 292 1691; x_wconf 88' lang='lat' dir='ltr'><strong>babetur</strong></span> <span class='ocrx_word' id='word_1_126' title='bbox 318 1628 515 1703; x_wconf 81' lang='lat' dir='ltr'><strong>archezostis‚</strong></span> <span class='ocrx_word' id='word_1_127' title='bbox 546 1628 614 1686; x_wconf 90' lang='lat' dir='ltr'><strong>item</strong></span> <span class='ocrx_word' id='word_1_128' title='bbox 637 1627 777 1702; x_wconf 76' lang='lat' dir='ltr'><strong>tithymali</strong></span> <span class='ocrx_word' id='word_1_129' title='bbox 798 1644 870 1687; x_wconf 88' lang='lat' dir='ltr'><strong>suco</strong></span> <span class='ocrx_word' id='word_1_130' title='bbox 892 1628 992 1689; x_wconf 20' lang='lat' dir='ltr'><strong>veliin</strong></span> <span class='ocrx_word' id='word_1_131' title='bbox 1015 1628 1078 1688; x_wconf 90' lang='lat' dir='ltr'><strong>sole</strong></span> <span class='ocrx_word' id='word_1_132' title='bbox 1167 1644 1169 1653; x_wconf 91' lang='lat'>·</span> 
     </span>
     <span class='ocr_line' id='line_1_18' title="bbox 87 1708 1080 1789; baseline -0.006 -14"><span class='ocrx_word' id='word_1_133' title='bbox 87 1732 149 1775; x_wconf 85' lang='lat' dir='ltr'><strong>curn</strong></span> <span class='ocrx_word' id='word_1_134' title='bbox 165 1715 235 1774; x_wconf 88' lang='lat' dir='ltr'><strong>olco</strong></span> <span class='ocrx_word' id='word_1_135' title='bbox 253 1714 335 1772; x_wconf 88' lang='lat' dir='ltr'><strong>inlito</strong></span> <span class='ocrx_word' id='word_1_136' title='bbox 358 1710 463 1771; x_wconf 92' lang='lat' dir='ltr'><strong>crebro</strong></span> <span class='ocrx_word' id='word_1_137' title='bbox 484 1710 533 1769; x_wconf 83' lang='lat' dir='ltr'><strong>vel</strong></span> <span class='ocrx_word' id='word_1_138' title='bbox 547 1710 657 1769; x_wconf 86' lang='lat' dir='ltr'><strong>evolsis</strong></span> <span class='ocrx_word' id='word_1_139' title='bbox 675 1711 751 1789; x_wconf 88' lang='lat' dir='ltr'><strong>pilis.</strong></span> <span class='ocrx_word' id='word_1_140' title='bbox 783 1708 997 1787; x_wconf 82' lang='lat' dir='ltr'><strong>Quadripedum</strong></span> <span class='ocrx_word' id='word_1_141' title='bbox 1017 1727 1080 1769; x_wconf 88' lang='lat' dir='ltr'><strong>sca·</strong></span> 
     </span>
     <span class='ocr_line' id='line_1_19' title="bbox 87 1791 1078 1875; baseline -0.006 -18"><span class='ocrx_word' id='word_1_142' title='bbox 87 1798 162 1857; x_wconf 89' lang='lat' dir='ltr'><strong>biem</strong></span> <span class='ocrx_word' id='word_1_143' title='bbox 177 1805 260 1857; x_wconf 87' lang='lat' dir='ltr'><strong>sanat</strong></span> <span class='ocrx_word' id='word_1_144' title='bbox 276 1796 420 1875; x_wconf 74' lang='lat' dir='ltr'><strong>hysopum</strong></span> <span class='ocrx_word' id='word_1_145' title='bbox 432 1813 470 1853; x_wconf 88' lang='lat' dir='ltr'><strong>ex</strong></span> <span class='ocrx_word' id='word_1_146' title='bbox 482 1793 561 1867; x_wconf 89' lang='lat' dir='ltr'><strong>oleo,</strong></span> <span class='ocrx_word' id='word_1_147' title='bbox 577 1810 659 1851; x_wconf 90' lang='lat' dir='ltr'><strong>suum</strong></span> <span class='ocrx_word' id='word_1_148' title='bbox 670 1793 789 1868; x_wconf 81' lang='lat' dir='ltr'><strong>anginae</strong></span> <span class='ocrx_word' id='word_1_149' title='bbox 806 1791 990 1870; x_wconf 80' lang='lat' dir='ltr'><strong>peculiariter</strong></span> <span class='ocrx_word' id='word_1_150' title='bbox 1005 1792 1078 1853; x_wconf 90' lang='lat' dir='ltr'><strong>side·</strong></span> 
     </span>
     <span class='ocr_line' id='line_1_20' title="bbox 88 1874 928 1955; baseline -0.008 -15"><span class='ocrx_word' id='word_1_151' title='bbox 88 1882 158 1940; x_wconf 85' lang='lat' dir='ltr'><strong>ritis.</strong></span> <span class='ocrx_word' id='word_1_152' title='bbox 192 1898 290 1941; x_wconf 87' lang='lat' dir='ltr'><strong>verum</strong></span> <span class='ocrx_word' id='word_1_153' title='bbox 303 1877 458 1955; x_wconf 88' lang='lat' dir='ltr'><strong>etreliqua</strong></span> <span class='ocrx_word' id='word_1_154' title='bbox 474 1892 583 1951; x_wconf 87' lang='lat' dir='ltr'><strong>genera</strong></span> <span class='ocrx_word' id='word_1_155' title='bbox 600 1874 752 1935; x_wconf 88' lang='lat' dir='ltr'><strong>herbarum</strong></span> <span class='ocrx_word' id='word_1_156' title='bbox 766 1874 928 1936; x_wconf 89' lang='lat' dir='ltr'><strong>reddamus.</strong></span> 
     </span>
    </p>
   </div>
   <div class='ocr_carea' id='block_1_3' title="bbox 511 2160 710 2171">
    <p class='ocr_par' dir='ltr' id='par_1_7' title="bbox 511 2160 710 2171">
     <span class='ocr_line' id='line_1_21' title="bbox 511 2160 710 2171; baseline -0.015 0"><span class='ocrx_word' id='word_1_157' title='bbox 511 2160 710 2171; x_wconf 67' lang='lat'><em>...-—--.—-·</em></span> 
     </span>
    </p>
   </div>
   <div class='ocr_carea' id='block_1_4' title="bbox 375 2422 839 2508">
    <p class='ocr_par' dir='ltr' id='par_1_8' title="bbox 375 2422 839 2508">
     <span class='ocr_line' id='line_1_22' title="bbox 375 2422 839 2508; baseline -0.006 0"><span class='ocrx_word' id='word_1_158' title='bbox 375 2422 839 2508; x_wconf 80' lang='lat' dir='ltr'><strong>d.ll1llsuobllbl</strong></span> 
     </span>
    </p>
   </div>
   <div class='ocr_carea' id='block_1_5' title="bbox 195 2590 1012 2837">
    <p class='ocr_par' dir='ltr' id='par_1_9' title="bbox 195 2590 1012 2837">
     <span class='ocr_line' id='line_1_23' title="bbox 195 2590 1012 2689; baseline -0.006 0"><span class='ocrx_word' id='word_1_159' title='bbox 195 2590 1012 2689; x_wconf 82' lang='lat' dir='ltr'><strong>lllblllllllllltltlll</strong></span> 
     </span>
     <span class='ocr_line' id='line_1_24' title="bbox 435 2770 797 2837; baseline 0.003 -1"><span class='ocrx_word' id='word_1_160' title='bbox 435 2770 797 2837; x_wconf 76' lang='lat' dir='ltr'><strong>urenaxxvu.</strong></span> 
     </span>
    </p>
   </div>
   <div class='ocr_carea' id='block_1_6' title="bbox 532 2944 681 2953">
    <p class='ocr_par' dir='ltr' id='par_1_10' title="bbox 532 2944 681 2953">
     <span class='ocr_line' id='line_1_25' title="bbox 532 2944 681 2953; baseline -0.013 0"><span class='ocrx_word' id='word_1_161' title='bbox 532 2944 681 2953; x_wconf 53' lang='lat' dir='ltr'><strong>..a—na·—</strong></span> 
     </span>
    </p>
   </div>
   <div class='ocr_carea' id='block_1_7' title="bbox 66 3037 1108 3537">
    <p class='ocr_par' dir='ltr' id='par_1_11' title="bbox 66 3037 1108 3455">
     <span class='ocr_line' id='line_1_26' title="bbox 151 3037 1108 3121; baseline -0.011 -17"><span class='ocrx_word' id='word_1_162' title='bbox 151 3043 226 3121; x_wconf 82' lang='lat' dir='ltr'><strong>Gap.</strong></span> <span class='ocrx_word' id='word_1_163' title='bbox 247 3042 275 3101; x_wconf 92' lang='grc'><strong>1.</strong></span> <span class='ocrx_word' id='word_1_164' title='bbox 297 3042 392 3120; x_wconf 84' lang='lat' dir='ltr'><strong>(Sect.</strong></span> <span class='ocrx_word' id='word_1_165' title='bbox 412 3044 457 3121; x_wconf 89' lang='lat'><strong>1.)</strong></span> <span class='ocrx_word' id='word_1_166' title='bbox 488 3039 603 3101; x_wconf 77' lang='lat' dir='ltr'><strong>Crescit</strong></span> <span class='ocrx_word' id='word_1_167' title='bbox 617 3040 751 3118; x_wconf 85' lang='lat' dir='ltr'><strong>prolecto</strong></span> <span class='ocrx_word' id='word_1_168' title='bbox 767 3037 843 3119; x_wconf 84' lang='lat' dir='ltr'><strong>apud</strong></span> <span class='ocrx_word' id='word_1_169' title='bbox 864 3053 910 3095; x_wconf 88' lang='lat' dir='ltr'><strong>me</strong></span> <span class='ocrx_word' id='word_1_170' title='bbox 927 3044 1007 3096; x_wconf 88' lang='lat' dir='ltr'><strong>certe</strong></span> <span class='ocrx_word' id='word_1_171' title='bbox 1025 3043 1108 3100; x_wconf 90' lang='lat' dir='ltr'><strong>tra-1</strong></span> 
     </span>
     <span class='ocr_line' id='line_1_27' title="bbox 95 3119 1080 3205; baseline -0.007 -21"><span class='ocrx_word' id='word_1_172' title='bbox 95 3133 166 3186; x_wconf 88' lang='lat' dir='ltr'><strong>ctatu</strong></span> <span class='ocrx_word' id='word_1_173' title='bbox 181 3128 249 3205; x_wconf 87' lang='lat' dir='ltr'><strong>ipso</strong></span> <span class='ocrx_word' id='word_1_174' title='bbox 265 3125 412 3185; x_wconf 86' lang='lat' dir='ltr'><strong>admiratio</strong></span> <span class='ocrx_word' id='word_1_175' title='bbox 428 3124 617 3202; x_wconf 84' lang='lat' dir='ltr'><strong>antiquitatis,</strong></span> <span class='ocrx_word' id='word_1_176' title='bbox 635 3133 797 3202; x_wconf 86' lang='lat' dir='ltr'><strong>quantoque</strong></span> <span class='ocrx_word' id='word_1_177' title='bbox 812 3120 903 3180; x_wconf 91' lang='lat' dir='ltr'><strong>maior</strong></span> <span class='ocrx_word' id='word_1_178' title='bbox 915 3121 1000 3198; x_wconf 91' lang='lat' dir='ltr'><strong>copia</strong></span> <span class='ocrx_word' id='word_1_179' title='bbox 1014 3119 1080 3179; x_wconf 89' lang='lat' dir='ltr'><strong>her·</strong></span> 
     </span>
     <span class='ocr_line' id='line_1_28' title="bbox 66 3203 1079 3283; baseline -0.008 -15"><span class='ocrx_word' id='word_1_180' title='bbox 66 3207 188 3269; x_wconf 75' lang='lat' dir='ltr'><strong>abarum</strong></span> <span class='ocrx_word' id='word_1_181' title='bbox 204 3208 328 3268; x_wconf 89' lang='lat' dir='ltr'><strong>dicenda</strong></span> <span class='ocrx_word' id='word_1_182' title='bbox 343 3216 446 3283; x_wconf 84' lang='lat' dir='ltr'><strong>restat,</strong></span> <span class='ocrx_word' id='word_1_183' title='bbox 469 3214 547 3267; x_wconf 90' lang='lat' dir='ltr'><strong>tanto</strong></span> <span class='ocrx_word' id='word_1_184' title='bbox 562 3208 654 3281; x_wconf 87' lang='lat' dir='ltr'><strong>magis</strong></span> <span class='ocrx_word' id='word_1_185' title='bbox 670 3206 791 3265; x_wconf 88' lang='lat' dir='ltr'><strong>adorare</strong></span> <span class='ocrx_word' id='word_1_186' title='bbox 807 3204 969 3283; x_wconf 84' lang='lat' dir='ltr'><strong>priscorum</strong></span> <span class='ocrx_word' id='word_1_187' title='bbox 990 3205 1018 3261; x_wconf 90' lang='lat' dir='ltr'><strong>in</strong></span> <span class='ocrx_word' id='word_1_188' title='bbox 1040 3203 1079 3261; x_wconf 89' lang='lat' dir='ltr'><strong>in-</strong></span> 
     </span>
     <span class='ocr_line' id='line_1_29' title="bbox 95 3284 1080 3365; baseline -0.007 -15"><span class='ocrx_word' id='word_1_189' title='bbox 95 3293 235 3353; x_wconf 82' lang='lat' dir='ltr'><strong>ueniendo</strong></span> <span class='ocrx_word' id='word_1_190' title='bbox 251 3308 365 3364; x_wconf 88' lang='lat' dir='ltr'><strong>curam,</strong></span> <span class='ocrx_word' id='word_1_191' title='bbox 387 3292 416 3350; x_wconf 91' lang='lat' dir='ltr'><strong>in</strong></span> <span class='ocrx_word' id='word_1_192' title='bbox 429 3288 568 3350; x_wconf 85' lang='lat' dir='ltr'><strong>tradendo</strong></span> <span class='ocrx_word' id='word_1_193' title='bbox 583 3287 786 3365; x_wconf 82' lang='lat' dir='ltr'><strong>benignitatem</strong></span> <span class='ocrx_word' id='word_1_194' title='bbox 803 3284 887 3345; x_wconf 87' lang='lat' dir='ltr'><strong>subit.</strong></span> <span class='ocrx_word' id='word_1_195' title='bbox 917 3302 974 3345; x_wconf 88' lang='lat' dir='ltr'><strong>nec</strong></span> <span class='ocrx_word' id='word_1_196' title='bbox 993 3284 1080 3345; x_wconf 91' lang='lat' dir='ltr'><strong>dubie</strong></span> 
     </span>
     <span class='ocr_line' id='line_1_30' title="bbox 95 3369 1078 3455; baseline -0.008 -22"><span class='ocrx_word' id='word_1_197' title='bbox 95 3385 226 3455; x_wconf 80' lang='lat' dir='ltr'><strong>superata</strong></span> <span class='ocrx_word' id='word_1_198' title='bbox 242 3374 301 3435; x_wconf 91' lang='lat' dir='ltr'><strong>boc</strong></span> <span class='ocrx_word' id='word_1_199' title='bbox 317 3373 403 3433; x_wconf 91' lang='lat' dir='ltr'><strong>modo</strong></span> <span class='ocrx_word' id='word_1_200' title='bbox 419 3380 523 3450; x_wconf 85' lang='lat' dir='ltr'><strong>posset</strong></span> <span class='ocrx_word' id='word_1_201' title='bbox 538 3372 630 3430; x_wconf 85' lang='lat' dir='ltr'><strong>videri</strong></span> <span class='ocrx_word' id='word_1_202' title='bbox 645 3372 730 3431; x_wconf 89' lang='lat' dir='ltr'><strong>etiam</strong></span> <span class='ocrx_word' id='word_1_203' title='bbox 744 3387 840 3429; x_wconf 89' lang='lat' dir='ltr'><strong>rerum</strong></span> <span class='ocrx_word' id='word_1_204' title='bbox 854 3376 972 3431; x_wconf 86' lang='lat' dir='ltr'><strong>naturae</strong></span> <span class='ocrx_word' id='word_1_205' title='bbox 987 3369 1078 3444; x_wconf 85' lang='lat' dir='ltr'><strong>ipsius</strong></span> 
     </span>
    </p>

    <p class='ocr_par' dir='ltr' id='par_1_12' title="bbox 72 3448 1107 3537">
     <span class='ocr_line' id='line_1_31' title="bbox 72 3448 1107 3537; baseline -0.018 -14"><span class='ocrx_word' id='word_1_206' title='bbox 72 3516 76 3523; x_wconf 90' lang='lat'><em>.</em></span> <span class='ocrx_word' id='word_1_207' title='bbox 96 3459 294 3537; x_wconf 80' lang='lat' dir='ltr'><strong>munificentie,</strong></span> <span class='ocrx_word' id='word_1_208' title='bbox 308 3460 334 3517; x_wconf 90' lang='lat' dir='ltr'><strong>si</strong></span> <span class='ocrx_word' id='word_1_209' title='bbox 345 3457 458 3516; x_wconf 86' lang='lat' dir='ltr'><strong>humaui</strong></span> <span class='ocrx_word' id='word_1_210' title='bbox 472 3454 573 3534; x_wconf 83' lang='lat' dir='ltr'><strong>operis</strong></span> <span class='ocrx_word' id='word_1_211' title='bbox 587 3463 667 3513; x_wconf 84' lang='lat' dir='ltr'><strong>esset</strong></span> <span class='ocrx_word' id='word_1_212' title='bbox 677 3452 813 3513; x_wconf 83' lang='lat' dir='ltr'><strong>inventio.</strong></span> <span class='ocrx_word' id='word_1_213' title='bbox 840 3467 915 3511; x_wconf 90' lang='lat' dir='ltr'><strong>nuuc</strong></span> <span class='ocrx_word' id='word_1_214' title='bbox 924 3466 995 3509; x_wconf 83' lang='lat' dir='ltr'><strong>vero</strong></span> <span class='ocrx_word' id='word_1_215' title='bbox 1011 3448 1107 3509; x_wconf 80' lang='lat' dir='ltr'><strong>deo-2</strong></span> 
     </span>
    </p>
   </div>
   <div class='ocr_carea' id='block_1_8' title="bbox 133 3532 914 3605">
    <p class='ocr_par' dir='ltr' id='par_1_13' title="bbox 133 3532 914 3605">
     <span class='ocr_line' id='line_1_32' title="bbox 133 3532 914 3605; baseline -0.013 -4"><span class='ocrx_word' id='word_1_216' title='bbox 133 3564 202 3605; x_wconf 79' lang='lat' dir='ltr'><strong>reru.</strong></span> <span class='ocrx_word' id='word_1_217' title='bbox 221 3562 286 3601; x_wconf 77' lang='lat' dir='ltr'><strong>aar.</strong></span> <span class='ocrx_word' id='word_1_218' title='bbox 302 3561 373 3602; x_wconf 83' lang='lat' dir='ltr'><strong>nusr.</strong></span> <span class='ocrx_word' id='word_1_219' title='bbox 395 3544 443 3603; x_wconf 90' lang='lat' dir='ltr'><strong>lV.</strong></span> <span class='ocrx_word' id='word_1_220' title='bbox 894 3532 914 3591; x_wconf 82' lang='lat'>9</span> 
     </span>
    </p>
   </div>
   <div class='ocr_carea' id='block_1_9' title="bbox 0 0 1246 3817">
    <p class='ocr_par' dir='ltr' id='par_1_14' title="bbox 0 0 1246 3817">
     <span class='ocr_line' id='line_1_33' title="bbox 0 0 1246 3817; baseline 0 0"><span class='ocrx_word' id='word_1_221' title='bbox 0 0 1246 3817; x_wconf 95' lang='lat' dir='ltr'><strong> </strong></span> 
     </span>
    </p>
   </div>
  </div>
 </body>
</html>
