2484 3817
136 196 213 261 '248
490 206 798 256 crematorum

137 362 1026 442 «anturbocqnisclrntloediasinrumaaimaliuminquantum
1035 360 1144 439 magni-

149 449 378 524 ficentriciaans,
389 450 522 527 moniam
538 449 584 504 uni
602 446 698 505 urrllas
712 448 748 506 sit
763 449 856 505 exitus
874 450 995 523 saginae
1012 464 1066 505 nec
1079 448 1145 507 linis

148 532 305 610 aliaquam
320 541 412 592 morte
427 530 666 591 diutiusiuiame
682 531 798 589 virenti
832 532 967 607 septenis
982 532 1020 589 ita
1041 530 1145 589 diebus
1189 599 1193 607 ,

104 616 271 681 sedarasss
282 616 414 693 tradam,
438 625 467 675 at
480 617 510 673 in
523 615 658 673 satietate
672 613 859 691 paucioribus
874 613 1037 674 debiscere.
1068 613 1144 673 bunc

147 716 193 759 ex-
208 718 277 758 aara
291 701 404 759 sinistra
418 701 500 759 canis
515 700 609 757 omnis
623 696 858 757 duloressedare
871 696 1065 775 adalligatum.
1082 698 1171 756 iun-s

142 783 254 845 amium
270 786 300 841 in
316 784 437 859 augurio
451 782 578 840 vitalium
594 780 715 857 babent,
736 798 800 841 nam
821 783 844 839 ai
866 797 958 857 aeger
980 783 1006 840 el
1021 796 1144 859 respon·

147 866 215 927 deat
229 868 278 944 qui
293 867 420 926 intulerit
439 883 456 924 a
472 863 595 944 pedibus
611 866 696 924 stanti
711 866 956 941 interrogantique
977 864 1017 924 de
1028 864 1143 940 morbo,

142 968 231 1030 spem
252 950 329 1009 vitae
345 959 458 1007 certam·
475 948 560 1023 esse,
579 949 747 1007 moriturum
770 949 839 1008 nibil
861 948 1053 1025 respondere.
1085 948 1144 1008 adi-

147 1037 223 1093 ciunt
241 1043 270 1093 nt
284 1033 428 1091 evellatur
442 1049 564 1098 enaure
579 1032 664 1091 laeua
680 1034 758 1091 canis
776 1034 821 1092 cui
836 1046 893 1091 non
915 1032 951 1091 sit
972 1031 1045 1091 elius
1060 1046 1145 1109 quam

103 1120 234 1193 {st-niger
249 1116 343 1176 colos.
368 1114 501 1191 Nigidius
514 1114 619 1191 ingere
630 1124 694 1189 toto
708 1116 754 1175 die
767 1131 858 1175 canes
874 1110 1064 1193 conspectam
1080 1118 1144 1174 eius
1158 1131 1185 1172 ro

139 1203 196 1277 qui
212 1218 229 1257 e
250 1218 303 1258 sue
318 1196 347 1257 id
363 1198 467 1259 animal
482 1198 617 1257 evellerit
634 1202 770 1277 scriptum
785 1200 910 1277 reliquit.
945 1214 1045 1257 rursus
1064 1198 1145 1275 blagi

140 1283 262 1342 tradunt
277 1282 443 1359 lymphatos
457 1284 604 1358 sanguinis
623 1282 720 1361 talpae
731 1284 872 1361 adspersu
884 1284 1145 1360 resipiscere‚''eos

145 1383 218 1425 vcro
234 1368 282 1442 qui
297 1384 315 1426 a
330 1367 477 1425 nocturnis
491 1366 536 1425 dis
549 1366 714 1443 Faunisque
730 1368 871 1442 agitentur
892 1366 1026 1425 draconis
1046 1360 1144 1443 lingula

146 1459 177 1509 et
192 1450 285 1509 oculis
304 1458 333 1507 et
347 1448 419 1508 ielle
432 1450 632 1525 intestinisque
644 1451 673 1507 in
686 1452 753 1509 vino
766 1459 795 1508 et
811 1450 878 1508 olco
891 1448 1022 1509 decoctis
1037 1464 1071 1510 ac
1091 1448 1144 1509 sub

146 1532 193 1592 diu
208 1541 297 1592 nocte
309 1534 491 1611 relrigeratis
506 1532 742 1611 perunctionibus
754 1536 895 1595 matutinis
911 1539 1144 1616 vespertinisque
1157 1553 1185 1595 re

145 1616 272 1676 liberari.

103 1710 139 1763 85
206 1700 552 1779 (benefactoribus
576 1701 706 1760 remedio
729 1720 796 1761 csse
819 1703 905 1763 tradit
918 1704 1064 1764 Nicander
1086 1722 1144 1763 am·

139 1785 333 1862 pbisbaenam
352 1794 517 1863 serpentem
533 1794 673 1845 mortuam
692 1786 872 1863 adalligatam
890 1789 937 1847 vel
957 1787 1064 1867 pellem
1085 1796 1145 1845 tan-

143 1878 202 1927 tum
220 1870 293 1944 cies,
309 1871 476 1946 quinimmo
491 1868 588 1929 arbori
610 1886 684 1947 quae
703 1870 840 1929 caedatur
855 1870 1010 1947 adalligata
1026 1887 1083 1928 non
1103 1870 1144 1929 al·

144 1968 218 2027 gere
234 1952 383 2011 caedentis
396 1951 570 2030 laciliosque
585 1951 748 2012 succidere.
778 1956 875 2032 itaque
890 1955 954 2015 sola
970 1956 1144 2032 serpentium
1154 1968 1184 2009 ro

145 2036 249 2111 frigori
267 2052 299 2093 se
316 2036 465 2111 conmisit,
482 2039 574 2114 prima
595 2038 717 2095 omnium
733 2038 899 2115 procedens
923 2047 952 2097 et
967 2046 1033 2097 ante
1052 2038 1144 2096 cuculi

57 2115 61 2120 '
141 2126 268 2176 cantum.
299 2118 376 2177 aliud
399 2127 447 2177 est
470 2120 574 2178 cuculo
595 2120 779 2197 miraculum,
802 2138 858 2198 quo
881 2123 944 2199 quis
966 2121 1034 2181 loco
1050 2120 1143 2198 primo

144 2200 242 2260 audiat
258 2201 354 2260 alitem
366 2201 444 2260 illain
456 2204 480 2261 si
495 2201 599 2261 denter
614 2220 667 2281 pes
684 2204 933 2263 circumscribatur
944 2222 979 2265 ac
991 2204 1145 2281 vestigium

143 2283 174 2343 id
189 2284 354 2362 effodiatur,
373 2300 431 2343 non
448 2288 528 2363 gigni
543 2285 658 2364 pulices
673 2286 846 2365 abicumque
861 2296 1023 2365 spargatur.

101 2379 149 2432 86·
200 2368 284 2447 (26.)
307 2368 465 2442 Paralysim
487 2369 657 2429 caventibus
682 2370 798 2449 ping'aia
828 2372 940 2447 glirium
962 2371 1085 2431 decocta
1114 2380 1182 2431 etas

113 2452 274 2510 assoricam
288 2452 436 2511 utilissima
453 2471 521 2512 esse
539 2453 667 2530 tradunt,
689 2455 839 2533 milipedas
855 2460 885 2514 ut
903 2456 932 2514 in
951 2456 1055 2531 angina
1070 2454 1143 2513 dini-

144 2549 207 2618 mus
216 2544 300 2613 potas
312 2535 447 2613 phthisim
459 2538 658 2613 sentientibus,
672 2539 811 2597 lacertum
819 2539 938 2598 viridem
951 2536 1101 2598 decoctum
1114 2538 1144 2596 in

143 2618 202 2679 siai
217 2621 353 2679 sextariis
370 2620 463 2680 tribus
483 2621 518 2681 ad
537 2622 670 2695 cyathum
687 2640 787 2697 unum,
816 2622 937 2701 singulis
960 2620 1144 2681 coclearibus

144 2705 265 2782 sumptis
282 2703 413 2781 perdica
430 2704 524 2765 donec
536 2706 752 2779 convalescant,
770 2706 933 2766 coclearum
947 2708 1073 2765 cinerem
1092 2720 1143 2785 po·

101 2796 136 2853 87
146 2795 206 2847 tun
220 2788 249 2845 in
264 2789 341 2847 vino.
365 2788 449 2867 (27.)
466 2790 655 2849 comitialibus
670 2788 779 2849 morbis
793 2804 933 2869 oesypum
949 2786 1013 2848 cum'
1030 2806 1143 2849 murrae
1153 2805 1183 2847 eo

145 2881 290 2930 momento
313 2873 421 2931 etvini
442 2872 552 2946 c'yatbis
573 2873 686 2932 duobus
709 2872 824 2933 dilutum
845 2873 1038 2949 magnitudine
1061 2872 1144 2931 nucia
1204 2892 1205 2898 ¹

146 2954 316 3032 abellanae,¹
338 2955 489 3015 abalineo
503 2964 618 3035 potum,
641 2956 794 3016 testiculos
813 2958 949 3016 arietinos
965 2959 1144 3015 inveteratos

146 3042 289 3116 tritosque
312 3039 427 3099 dimidio
449 3041 548 3100 denari
568 3036 702 3118 pondere'
727 3042 754 3098 iu
772 3055 845 3118 aqua
866 3040 915 3099 vel
936 3040 1019 3099 lactis
1039 3039 1143 3099 asinini

145 3123 268 3182 hemina.
300 3123 481 3183 interdicitur
498 3124 555 3183 uini
570 3132 657 3202 potus
673 3124 765 3202 spinis
782 3122 884 3183 diebus
899 3132 964 3183 ante
981 3131 1011 3182 et
1028 3132 1142 3203 postea.

101 3206 301 3281 esmagnillce
318 3208 448 3268 laudatur
464 3216 492 3268 et
512 3209 631 3283 sanguis
649 3207 789 3286 pecudum
806 3216 909 3285 potus,
930 3207 997 3266 item
1017 3204 1059 3267 iel
1080 3220 1181 3266 cumas

143 3288 248 3366 melle,
269 3295 427 3371 praecipue
446 3294 594 3369 aginnum,
620 3292 730 3351 catulus
749 3291 859 3351 lactens
881 3299 1010 3370 sumptus
1026 3291 1143 3350 absciso

145 3374 240 3450 capite
256 3373 437 3455 pedibusque
454 3396 491 3436 ex
506 3378 574 3434 vino
590 3384 619 3434 et
635 3392 746 3450 murra,
774 3375 869 3434 lichen
890 3373 984 3433 mulae
1004 3384 1091 3453 potus
1113 3372 1143 3431 iu

143 3457 301 3533 oxymelite
317 3460 550 3535 erethenses,
571 3458 702 3518 stelionis
716 3456 895 3518 transmarini
911 3457 983 3517 oinis
1005 3464 1092 3536 potas
1113 3456 1143 3516 in
