<?xml version="1.0" encoding="UTF-8"?>
<!DOCTYPE html PUBLIC "-//W3C//DTD XHTML 1.0 Transitional//EN"
    "http://www.w3.org/TR/xhtml1/DTD/xhtml1-transitional.dtd">
<html xmlns="http://www.w3.org/1999/xhtml" xml:lang="en" lang="en">
 <head>
  <title>
</title>
<meta http-equiv="Content-Type" content="text/html;charset=utf-8" />
  <meta name='ocr-system' content='tesseract 3.04.00' />
  <meta name='ocr-capabilities' content='ocr_page ocr_carea ocr_par ocr_line ocrx_word'/>
</head>
<body>
  <div class='ocr_page' id='page_1' title='image "./cplinisecundina24plingoog_0293.png"; bbox 0 0 2484 3817; ppageno 0'>
   <div class='ocr_carea' id='block_1_1' title="bbox 361 157 1104 235">
    <p class='ocr_par' dir='ltr' id='par_1_1' title="bbox 361 157 1104 235">
     <span class='ocr_line' id='line_1_1' title="bbox 361 157 1104 235; baseline 0.009 -23"><span class='ocrx_word' id='word_1_1' title='bbox 361 165 441 213; x_wconf 81' lang='lat' dir='ltr'>nnn.</span> <span class='ocrx_word' id='word_1_2' title='bbox 457 158 547 214; x_wconf 77' lang='lat' dir='ltr'>amn.</span> <span class='ocrx_word' id='word_1_3' title='bbox 564 167 663 214; x_wconf 82' lang='lat' dir='ltr'>xxrx.</span> <span class='ocrx_word' id='word_1_4' title='bbox 679 164 705 219; x_wconf 84' lang='lat'>4.</span> <span class='ocrx_word' id='word_1_5' title='bbox 722 157 875 235; x_wconf 76' lang='lat' dir='ltr'>(aa-27.)</span> <span class='ocrx_word' id='word_1_6' title='bbox 1046 159 1104 219; x_wconf 81' lang='lat'>221</span> 
     </span>
    </p>
   </div>
   <div class='ocr_carea' id='block_1_2' title="bbox 94 317 1151 733">
    <p class='ocr_par' dir='ltr' id='par_1_2' title="bbox 94 317 1151 733">
     <span class='ocr_line' id='line_1_2' title="bbox 119 317 1108 403; baseline 0.007 -28"><span class='ocrx_word' id='word_1_7' title='bbox 119 324 268 392; x_wconf 87' lang='lat' dir='ltr'>tenesmo,</span> <span class='ocrx_word' id='word_1_8' title='bbox 283 317 416 392; x_wconf 91' lang='lat' dir='ltr'>iocineri,</span> <span class='ocrx_word' id='word_1_9' title='bbox 434 318 562 396; x_wconf 79' lang='lat' dir='ltr'>renibus,</span> <span class='ocrx_word' id='word_1_10' title='bbox 577 321 708 396; x_wconf 85' lang='lat' dir='ltr'>vesicae,</span> <span class='ocrx_word' id='word_1_11' title='bbox 726 331 826 383; x_wconf 89' lang='lat' dir='ltr'>contra</span> <span class='ocrx_word' id='word_1_12' title='bbox 842 322 999 400; x_wconf 89' lang='lat' dir='ltr'>cruditatis,</span> <span class='ocrx_word' id='word_1_13' title='bbox 1015 326 1108 403; x_wconf 89' lang='lat' dir='ltr'>suspi-</span> 
     </span>
     <span class='ocr_line' id='line_1_3' title="bbox 118 400 1151 485; baseline 0.014 -26"><span class='ocrx_word' id='word_1_14' title='bbox 118 402 172 459; x_wconf 90' lang='lat' dir='ltr'>ria.</span> <span class='ocrx_word' id='word_1_15' title='bbox 209 400 305 476; x_wconf 88' lang='lat' dir='ltr'>itaque</span> <span class='ocrx_word' id='word_1_16' title='bbox 320 400 404 459; x_wconf 89' lang='lat' dir='ltr'>etiam</span> <span class='ocrx_word' id='word_1_17' title='bbox 419 401 542 463; x_wconf 81' lang='lat' dir='ltr'>faciendi</span> <span class='ocrx_word' id='word_1_18' title='bbox 558 404 620 461; x_wconf 88' lang='lat' dir='ltr'>eius</span> <span class='ocrx_word' id='word_1_19' title='bbox 638 414 751 465; x_wconf 85' lang='lat' dir='ltr'>exstant</span> <span class='ocrx_word' id='word_1_20' title='bbox 766 415 932 485; x_wconf 88' lang='lat' dir='ltr'>praecepta.</span> <span class='ocrx_word' id='word_1_21' title='bbox 959 408 1105 469; x_wconf 81' lang='lat' dir='ltr'>efficacius</span> <span class='ocrx_word' id='word_1_22' title='bbox 1116 418 1151 473; x_wconf 86' lang='lat'>80</span> 
     </span>
     <span class='ocr_line' id='line_1_4' title="bbox 119 484 1108 570; baseline 0.007 -27"><span class='ocrx_word' id='word_1_23' title='bbox 119 485 196 543; x_wconf 90' lang='lat' dir='ltr'>enim</span> <span class='ocrx_word' id='word_1_24' title='bbox 213 484 298 559; x_wconf 88' lang='lat' dir='ltr'>coqui</span> <span class='ocrx_word' id='word_1_25' title='bbox 313 501 375 541; x_wconf 92' lang='lat' dir='ltr'>cum</span> <span class='ocrx_word' id='word_1_26' title='bbox 390 484 473 543; x_wconf 89' lang='lat' dir='ltr'>olere</span> <span class='ocrx_word' id='word_1_27' title='bbox 486 487 595 545; x_wconf 90' lang='lat' dir='ltr'>marino</span> <span class='ocrx_word' id='word_1_28' title='bbox 612 494 660 545; x_wconf 91' lang='lat' dir='ltr'>aut</span> <span class='ocrx_word' id='word_1_29' title='bbox 675 486 760 561; x_wconf 78' lang='lat' dir='ltr'>cybio</span> <span class='ocrx_word' id='word_1_30' title='bbox 781 498 828 547; x_wconf 92' lang='lat' dir='ltr'>aut</span> <span class='ocrx_word' id='word_1_31' title='bbox 842 492 957 567; x_wconf 89' lang='lat' dir='ltr'>cappari</span> <span class='ocrx_word' id='word_1_32' title='bbox 980 499 1027 549; x_wconf 90' lang='lat' dir='ltr'>aut</span> <span class='ocrx_word' id='word_1_33' title='bbox 1041 492 1108 570; x_wconf 91' lang='lat' dir='ltr'>apio</span> 
     </span>
     <span class='ocr_line' id='line_1_5' title="bbox 118 565 1107 646; baseline 0.006 -19"><span class='ocrx_word' id='word_1_34' title='bbox 118 574 168 627; x_wconf 91' lang='lat' dir='ltr'>aut</span> <span class='ocrx_word' id='word_1_35' title='bbox 187 565 277 625; x_wconf 93' lang='lat' dir='ltr'>herba</span> <span class='ocrx_word' id='word_1_36' title='bbox 297 566 477 642; x_wconf 77' lang='lat' dir='ltr'>Mercuriali,</span> <span class='ocrx_word' id='word_1_37' title='bbox 503 568 662 646; x_wconf 75' lang='lat' dir='ltr'>polypodio</span> <span class='ocrx_word' id='word_1_38' title='bbox 690 580 736 629; x_wconf 92' lang='lat' dir='ltr'>aut</span> <span class='ocrx_word' id='word_1_39' title='bbox 757 578 861 646; x_wconf 91' lang='lat' dir='ltr'>aneto,</span> <span class='ocrx_word' id='word_1_40' title='bbox 884 573 1032 632; x_wconf 89' lang='lat' dir='ltr'>utilissime</span> <span class='ocrx_word' id='word_1_41' title='bbox 1060 592 1107 633; x_wconf 92' lang='lat' dir='ltr'>an·</span> 
     </span>
     <span class='ocr_line' id='line_1_6' title="bbox 94 650 1109 733; baseline 0.008 -26"><span class='ocrx_word' id='word_1_42' title='bbox 94 660 180 709; x_wconf 78' lang='lat' dir='ltr'>atem</span> <span class='ocrx_word' id='word_1_43' title='bbox 195 650 225 707; x_wconf 93' lang='lat' dir='ltr'>in</span> <span class='ocrx_word' id='word_1_44' title='bbox 240 651 350 725; x_wconf 86' lang='lat' dir='ltr'>congiis</span> <span class='ocrx_word' id='word_1_45' title='bbox 364 650 455 708; x_wconf 89' lang='lat' dir='ltr'>tribus</span> <span class='ocrx_word' id='word_1_46' title='bbox 470 668 563 728; x_wconf 83' lang='lat' dir='ltr'>aquae</span> <span class='ocrx_word' id='word_1_47' title='bbox 578 651 614 709; x_wconf 93' lang='lat' dir='ltr'>ad</span> <span class='ocrx_word' id='word_1_48' title='bbox 629 652 681 711; x_wconf 88' lang='lat' dir='ltr'>tris</span> <span class='ocrx_word' id='word_1_49' title='bbox 694 652 823 713; x_wconf 78' lang='lat' dir='ltr'>heminas</span> <span class='ocrx_word' id='word_1_50' title='bbox 839 672 901 713; x_wconf 89' lang='lat' dir='ltr'>cum</span> <span class='ocrx_word' id='word_1_51' title='bbox 922 673 1007 733; x_wconf 88' lang='lat' dir='ltr'>supra</span> <span class='ocrx_word' id='word_1_52' title='bbox 1026 656 1109 715; x_wconf 89' lang='lat' dir='ltr'>dictis</span> 
     </span>
    </p>
   </div>
   <div class='ocr_carea' id='block_1_3' title="bbox 85 731 1152 3465">
    <p class='ocr_par' dir='ltr' id='par_1_3' title="bbox 118 731 1110 1056">
     <span class='ocr_line' id='line_1_7' title="bbox 119 731 1109 813; baseline 0.006 -22"><span class='ocrx_word' id='word_1_53' title='bbox 119 731 219 791; x_wconf 79' lang='lat' dir='ltr'>herbis</span> <span class='ocrx_word' id='word_1_54' title='bbox 236 741 265 791; x_wconf 87' lang='lat' dir='ltr'>et</span> <span class='ocrx_word' id='word_1_55' title='bbox 285 733 486 807; x_wconf 79' lang='lat' dir='ltr'>refrigeratum</span> <span class='ocrx_word' id='word_1_56' title='bbox 501 733 553 793; x_wconf 93' lang='lat' dir='ltr'>sub</span> <span class='ocrx_word' id='word_1_57' title='bbox 576 734 699 805; x_wconf 83' lang='lat' dir='ltr'>dindari</span> <span class='ocrx_word' id='word_1_58' title='bbox 722 738 900 813; x_wconf 89' lang='lat' dir='ltr'>tempestivis</span> <span class='ocrx_word' id='word_1_59' title='bbox 920 737 1109 799; x_wconf 77' lang='lat' dir='ltr'><strong>antecedente</strong></span> 
     </span>
     <span class='ocr_line' id='line_1_8' title="bbox 118 814 1108 897; baseline 0.006 -23"><span class='ocrx_word' id='word_1_60' title='bbox 118 815 287 875; x_wconf 77' lang='lat' dir='ltr'>vomitione.</span> <span class='ocrx_word' id='word_1_61' title='bbox 321 814 387 874; x_wconf 89' lang='lat' dir='ltr'>Non</span> <span class='ocrx_word' id='word_1_62' title='bbox 410 816 572 893; x_wconf 80' lang='lat' dir='ltr'>praeteribo</span> <span class='ocrx_word' id='word_1_63' title='bbox 593 819 758 878; x_wconf 83' lang='lat' dir='ltr'>miraculum</span> <span class='ocrx_word' id='word_1_64' title='bbox 778 837 946 897; x_wconf 88' lang='lat' dir='ltr'>quamquam</span> <span class='ocrx_word' id='word_1_65' title='bbox 966 820 1001 880; x_wconf 94' lang='lat' dir='ltr'>ad</span> <span class='ocrx_word' id='word_1_66' title='bbox 1022 821 1108 881; x_wconf 89' lang='lat' dir='ltr'>medi·</span> 
     </span>
     <span class='ocr_line' id='line_1_9' title="bbox 121 900 1109 979; baseline 0.004 -22"><span class='ocrx_word' id='word_1_67' title='bbox 121 900 213 958; x_wconf 92' lang='lat' dir='ltr'>cinam</span> <span class='ocrx_word' id='word_1_68' title='bbox 225 916 292 957; x_wconf 26' lang='lat' dir='ltr'>*non</span> <span class='ocrx_word' id='word_1_69' title='bbox 314 900 476 976; x_wconf 87' lang='lat' dir='ltr'>pertinens:</span> <span class='ocrx_word' id='word_1_70' title='bbox 507 901 532 958; x_wconf 91' lang='lat' dir='ltr'>si</span> <span class='ocrx_word' id='word_1_71' title='bbox 551 916 621 958; x_wconf 88' lang='lat' dir='ltr'>auro</span> <span class='ocrx_word' id='word_1_72' title='bbox 639 900 809 977; x_wconf 83' lang='lat' dir='ltr'>liquescenti</span> <span class='ocrx_word' id='word_1_73' title='bbox 834 904 1002 979; x_wconf 81' lang='lat' dir='ltr'>gallinarum</span> <span class='ocrx_word' id='word_1_74' title='bbox 1024 920 1109 962; x_wconf 90' lang='lat' dir='ltr'>mem·</span> 
     </span>
     <span class='ocr_line' id='line_1_10' title="bbox 120 981 1110 1056; baseline 0.003 -16"><span class='ocrx_word' id='word_1_75' title='bbox 120 981 173 1041; x_wconf 87' lang='lat' dir='ltr'>brn</span> <span class='ocrx_word' id='word_1_76' title='bbox 187 982 378 1056; x_wconf 84' lang='lat' dir='ltr'>misceantur,</span> <span class='ocrx_word' id='word_1_77' title='bbox 398 992 565 1041; x_wconf 91' lang='lat' dir='ltr'>consumunt</span> <span class='ocrx_word' id='word_1_78' title='bbox 583 982 611 1041; x_wconf 95' lang='lat' dir='ltr'>id</span> <span class='ocrx_word' id='word_1_79' title='bbox 634 984 661 1041; x_wconf 92' lang='lat' dir='ltr'>in</span> <span class='ocrx_word' id='word_1_80' title='bbox 680 1003 721 1043; x_wconf 87' lang='lat' dir='ltr'>se.</span> <span class='ocrx_word' id='word_1_81' title='bbox 752 986 790 1045; x_wconf 91' lang='lat' dir='ltr'>ita</span> <span class='ocrx_word' id='word_1_82' title='bbox 813 985 869 1046; x_wconf 89' lang='lat' dir='ltr'>hoc</span> <span class='ocrx_word' id='word_1_83' title='bbox 888 1004 1029 1045; x_wconf 90' lang='lat' dir='ltr'>venenum</span> <span class='ocrx_word' id='word_1_84' title='bbox 1049 986 1110 1045; x_wconf 90' lang='lat' dir='ltr'>auri</span> 
     </span>
    </p>

    <p class='ocr_par' dir='ltr' id='par_1_4' title="bbox 85 1064 1108 1208">
     <span class='ocr_line' id='line_1_11' title="bbox 85 1064 1108 1143; baseline 0.005 -21"><span class='ocrx_word' id='word_1_85' title='bbox 85 1082 111 1123; x_wconf 77' lang='lat' dir='ltr'>ro</span> <span class='ocrx_word' id='word_1_86' title='bbox 122 1074 177 1125; x_wconf 89' lang='lat' dir='ltr'>cst.</span> <span class='ocrx_word' id='word_1_87' title='bbox 207 1073 236 1124; x_wconf 89' lang='lat' dir='ltr'>at</span> <span class='ocrx_word' id='word_1_88' title='bbox 247 1064 402 1140; x_wconf 83' lang='lat' dir='ltr'>gallinacei</span> <span class='ocrx_word' id='word_1_89' title='bbox 414 1065 470 1143; x_wconf 91' lang='lat' dir='ltr'>ipsi</span> <span class='ocrx_word' id='word_1_90' title='bbox 486 1066 593 1125; x_wconf 86' lang='lat' dir='ltr'>circulo</span> <span class='ocrx_word' id='word_1_91' title='bbox 607 1068 770 1128; x_wconf 89' lang='lat' dir='ltr'>eramentis</span> <span class='ocrx_word' id='word_1_92' title='bbox 786 1069 881 1129; x_wconf 90' lang='lat' dir='ltr'>addito</span> <span class='ocrx_word' id='word_1_93' title='bbox 893 1070 922 1128; x_wconf 91' lang='lat' dir='ltr'>in</span> <span class='ocrx_word' id='word_1_94' title='bbox 933 1069 1037 1129; x_wconf 88' lang='lat' dir='ltr'>collum</span> <span class='ocrx_word' id='word_1_95' title='bbox 1052 1086 1108 1127; x_wconf 92' lang='lat' dir='ltr'>non</span> 
     </span>
     <span class='ocr_line' id='line_1_12' title="bbox 121 1156 235 1208; baseline -0.026 0"><span class='ocrx_word' id='word_1_96' title='bbox 121 1156 235 1208; x_wconf 90' lang='lat' dir='ltr'>canunt.</span> 
     </span>
    </p>

    <p class='ocr_par' dir='ltr' id='par_1_5' title="bbox 121 1230 1149 1479">
     <span class='ocr_line' id='line_1_13' title="bbox 183 1230 1149 1312; baseline 0.009 -23"><span class='ocrx_word' id='word_1_97' title='bbox 183 1231 268 1307; x_wconf 84' lang='lat'>(26.)</span> <span class='ocrx_word' id='word_1_98' title='bbox 289 1230 449 1292; x_wconf 79' lang='lat' dir='ltr'>Auxiliatur.</span> <span class='ocrx_word' id='word_1_99' title='bbox 475 1240 575 1291; x_wconf 90' lang='lat' dir='ltr'>contra</span> <span class='ocrx_word' id='word_1_100' title='bbox 601 1236 745 1312; x_wconf 89' lang='lat' dir='ltr'>serpentis</span> <span class='ocrx_word' id='word_1_101' title='bbox 767 1243 796 1293; x_wconf 89' lang='lat' dir='ltr'>et</span> <span class='ocrx_word' id='word_1_102' title='bbox 818 1234 1011 1295; x_wconf 89' lang='lat' dir='ltr'>columbarum</span> <span class='ocrx_word' id='word_1_103' title='bbox 1037 1252 1104 1295; x_wconf 91' lang='lat' dir='ltr'>caro</span> <span class='ocrx_word' id='word_1_104' title='bbox 1116 1244 1149 1298; x_wconf 87' lang='grc'>81</span> 
     </span>
     <span class='ocr_line' id='line_1_14' title="bbox 121 1314 1109 1395; baseline 0.002 -21"><span class='ocrx_word' id='word_1_105' title='bbox 121 1331 226 1374; x_wconf 88' lang='lat' dir='ltr'>recens</span> <span class='ocrx_word' id='word_1_106' title='bbox 251 1322 409 1392; x_wconf 88' lang='lat' dir='ltr'>concerpta</span> <span class='ocrx_word' id='word_1_107' title='bbox 434 1323 464 1373; x_wconf 89' lang='lat' dir='ltr'>et</span> <span class='ocrx_word' id='word_1_108' title='bbox 487 1314 676 1393; x_wconf 87' lang='lat' dir='ltr'>hirundinum,</span> <span class='ocrx_word' id='word_1_109' title='bbox 704 1315 825 1377; x_wconf 93' lang='lat' dir='ltr'>bubonis</span> <span class='ocrx_word' id='word_1_110' title='bbox 853 1319 943 1395; x_wconf 91' lang='lat' dir='ltr'>pedes</span> <span class='ocrx_word' id='word_1_111' title='bbox 973 1320 1027 1378; x_wconf 89' lang='lat' dir='ltr'>usti</span> <span class='ocrx_word' id='word_1_112' title='bbox 1046 1336 1109 1377; x_wconf 91' lang='lat' dir='ltr'>curn</span> 
     </span>
     <span class='ocr_line' id='line_1_15' title="bbox 122 1396 1106 1479; baseline 0.002 -22"><span class='ocrx_word' id='word_1_113' title='bbox 122 1396 306 1475; x_wconf 81' lang='lat' dir='ltr'>plumbagine</span> <span class='ocrx_word' id='word_1_114' title='bbox 322 1396 421 1456; x_wconf 89' lang='lat' dir='ltr'>herba.</span> <span class='ocrx_word' id='word_1_115' title='bbox 452 1397 516 1457; x_wconf 88' lang='lat' dir='ltr'>Nec</span> <span class='ocrx_word' id='word_1_116' title='bbox 530 1401 655 1459; x_wconf 91' lang='lat' dir='ltr'>omittam</span> <span class='ocrx_word' id='word_1_117' title='bbox 676 1401 704 1458; x_wconf 94' lang='lat' dir='ltr'>in</span> <span class='ocrx_word' id='word_1_118' title='bbox 723 1400 777 1459; x_wconf 89' lang='lat' dir='ltr'>hac</span> <span class='ocrx_word' id='word_1_119' title='bbox 793 1418 907 1479; x_wconf 87' lang='lat' dir='ltr'>quoque</span> <span class='ocrx_word' id='word_1_120' title='bbox 924 1403 991 1462; x_wconf 88' lang='lat' dir='ltr'>alite</span> <span class='ocrx_word' id='word_1_121' title='bbox 1010 1419 1106 1459; x_wconf 86' lang='lat' dir='ltr'>exem·</span> 
     </span>
    </p>

    <p class='ocr_par' dir='ltr' id='par_1_6' title="bbox 90 1481 1150 1890">
     <span class='ocr_line' id='line_1_16' title="bbox 90 1481 1108 1564; baseline 0.01 -31"><span class='ocrx_word' id='word_1_122' title='bbox 90 1481 199 1559; x_wconf 74' lang='lat' dir='ltr'>replum</span> <span class='ocrx_word' id='word_1_123' title='bbox 214 1481 345 1555; x_wconf 83' lang='lat' dir='ltr'>magicae</span> <span class='ocrx_word' id='word_1_124' title='bbox 367 1481 516 1556; x_wconf 83' lang='lat' dir='ltr'>vanitatis,</span> <span class='ocrx_word' id='word_1_125' title='bbox 538 1483 646 1561; x_wconf 89' lang='lat' dir='ltr'>quippe</span> <span class='ocrx_word' id='word_1_126' title='bbox 667 1491 783 1560; x_wconf 88' lang='lat' dir='ltr'>praeter</span> <span class='ocrx_word' id='word_1_127' title='bbox 803 1484 913 1561; x_wconf 90' lang='lat' dir='ltr'>reliqua</span> <span class='ocrx_word' id='word_1_128' title='bbox 941 1493 1108 1564; x_wconf 89' lang='lat' dir='ltr'>portentosa</span> 
     </span>
     <span class='ocr_line' id='line_1_17' title="bbox 120 1563 1107 1642; baseline 0.001 -19"><span class='ocrx_word' id='word_1_129' title='bbox 120 1563 271 1623; x_wconf 90' lang='lat' dir='ltr'>mendacia</span> <span class='ocrx_word' id='word_1_130' title='bbox 285 1580 338 1621; x_wconf 90' lang='lat' dir='ltr'>cor</span> <span class='ocrx_word' id='word_1_131' title='bbox 352 1564 413 1622; x_wconf 91' lang='lat' dir='ltr'>eius</span> <span class='ocrx_word' id='word_1_132' title='bbox 429 1564 581 1642; x_wconf 91' lang='lat' dir='ltr'>inpositum</span> <span class='ocrx_word' id='word_1_133' title='bbox 596 1584 734 1624; x_wconf 89' lang='lat' dir='ltr'>mammae</span> <span class='ocrx_word' id='word_1_134' title='bbox 748 1566 875 1625; x_wconf 91' lang='lat' dir='ltr'>mulieris</span> <span class='ocrx_word' id='word_1_135' title='bbox 891 1566 1056 1625; x_wconf 89' lang='lat' dir='ltr'>dormientis</span> <span class='ocrx_word' id='word_1_136' title='bbox 1071 1568 1107 1625; x_wconf 90' lang='lat' dir='ltr'>si·</span> 
     </span>
     <span class='ocr_line' id='line_1_18' title="bbox 120 1645 1107 1725; baseline 0.001 -19"><span class='ocrx_word' id='word_1_137' title='bbox 120 1650 229 1706; x_wconf 91' lang='lat' dir='ltr'>nistrae</span> <span class='ocrx_word' id='word_1_138' title='bbox 243 1645 355 1706; x_wconf 73' lang='lat' dir='ltr'>uadunt</span> <span class='ocrx_word' id='word_1_139' title='bbox 368 1646 486 1707; x_wconf 86' lang='lat' dir='ltr'>efficere</span> <span class='ocrx_word' id='word_1_140' title='bbox 501 1657 531 1705; x_wconf 90' lang='lat' dir='ltr'>ut</span> <span class='ocrx_word' id='word_1_141' title='bbox 548 1648 641 1707; x_wconf 90' lang='lat' dir='ltr'>omnia</span> <span class='ocrx_word' id='word_1_142' title='bbox 657 1657 771 1707; x_wconf 89' lang='lat' dir='ltr'>secreta</span> <span class='ocrx_word' id='word_1_143' title='bbox 786 1650 963 1725; x_wconf 86' lang='lat' dir='ltr'>pronuntiet,</span> <span class='ocrx_word' id='word_1_144' title='bbox 980 1658 1107 1723; x_wconf 90' lang='lat' dir='ltr'>praeter·</span> 
     </span>
     <span class='ocr_line' id='line_1_19' title="bbox 121 1728 1150 1807; baseline 0.002 -18"><span class='ocrx_word' id='word_1_145' title='bbox 121 1749 157 1789; x_wconf 91' lang='lat' dir='ltr'>ea</span> <span class='ocrx_word' id='word_1_146' title='bbox 179 1732 207 1787; x_wconf 92' lang='lat' dir='ltr'>in</span> <span class='ocrx_word' id='word_1_147' title='bbox 223 1747 347 1807; x_wconf 82' lang='lat' dir='ltr'>pugnam</span> <span class='ocrx_word' id='word_1_148' title='bbox 362 1728 481 1788; x_wconf 86' lang='lat' dir='ltr'>ferentis</span> <span class='ocrx_word' id='word_1_149' title='bbox 503 1730 531 1788; x_wconf 95' lang='lat' dir='ltr'>id</span> <span class='ocrx_word' id='word_1_150' title='bbox 544 1731 627 1788; x_wconf 80' lang='lat' dir='ltr'>fortis</span> <span class='ocrx_word' id='word_1_151' title='bbox 642 1731 714 1789; x_wconf 85' lang='lat' dir='ltr'>lieri.</span> <span class='ocrx_word' id='word_1_152' title='bbox 747 1729 874 1788; x_wconf 90' lang='lat' dir='ltr'>eiusdem</span> <span class='ocrx_word' id='word_1_153' title='bbox 889 1747 945 1788; x_wconf 93' lang='lat' dir='ltr'>ovo</span> <span class='ocrx_word' id='word_1_154' title='bbox 966 1729 1001 1787; x_wconf 92' lang='lat' dir='ltr'>ad</span> <span class='ocrx_word' id='word_1_155' title='bbox 1018 1731 1105 1807; x_wconf 90' lang='lat' dir='ltr'>capil-</span> <span class='ocrx_word' id='word_1_156' title='bbox 1116 1740 1150 1794; x_wconf 75' lang='lat'>82</span> 
     </span>
     <span class='ocr_line' id='line_1_20' title="bbox 121 1810 1109 1890; baseline -0.003 -18"><span class='ocrx_word' id='word_1_157' title='bbox 121 1814 180 1872; x_wconf 92' lang='lat' dir='ltr'>lum</span> <span class='ocrx_word' id='word_1_158' title='bbox 193 1811 320 1871; x_wconf 88' lang='lat' dir='ltr'>remedia</span> <span class='ocrx_word' id='word_1_159' title='bbox 334 1811 538 1871; x_wconf 88' lang='lat' dir='ltr'>demonstrant.</span> <span class='ocrx_word' id='word_1_160' title='bbox 561 1814 625 1890; x_wconf 84' lang='lat' dir='ltr'>quis</span> <span class='ocrx_word' id='word_1_161' title='bbox 640 1820 744 1887; x_wconf 87' lang='lat' dir='ltr'>autern,</span> <span class='ocrx_word' id='word_1_162' title='bbox 757 1828 876 1889; x_wconf 86' lang='lat' dir='ltr'>quaeso,</span> <span class='ocrx_word' id='word_1_163' title='bbox 893 1828 977 1872; x_wconf 90' lang='lat' dir='ltr'>ovom</span> <span class='ocrx_word' id='word_1_164' title='bbox 988 1810 1109 1871; x_wconf 91' lang='lat' dir='ltr'>bubonis</span> 
     </span>
    </p>

    <p class='ocr_par' dir='ltr' id='par_1_7' title="bbox 88 1892 1152 2306">
     <span class='ocr_line' id='line_1_21' title="bbox 88 1892 1109 1974; baseline -0.005 -17"><span class='ocrx_word' id='word_1_165' title='bbox 88 1917 117 1957; x_wconf 78' lang='lat' dir='ltr'>ao</span> <span class='ocrx_word' id='word_1_166' title='bbox 126 1913 253 1971; x_wconf 90' lang='lat' dir='ltr'>umquam</span> <span class='ocrx_word' id='word_1_167' title='bbox 265 1895 361 1953; x_wconf 89' lang='lat' dir='ltr'>visere</span> <span class='ocrx_word' id='word_1_168' title='bbox 372 1894 479 1972; x_wconf 92' lang='lat' dir='ltr'>potuit,</span> <span class='ocrx_word' id='word_1_169' title='bbox 496 1913 558 1953; x_wconf 92' lang='lat' dir='ltr'>cum</span> <span class='ocrx_word' id='word_1_170' title='bbox 568 1897 660 1972; x_wconf 89' lang='lat' dir='ltr'>ipsam</span> <span class='ocrx_word' id='word_1_171' title='bbox 674 1912 755 1954; x_wconf 87' lang='lat' dir='ltr'>avem</span> <span class='ocrx_word' id='word_1_172' title='bbox 765 1895 871 1954; x_wconf 87' lang='lat' dir='ltr'>vidisse</span> <span class='ocrx_word' id='word_1_173' title='bbox 882 1895 1042 1974; x_wconf 88' lang='lat' dir='ltr'>prodigium</span> <span class='ocrx_word' id='word_1_174' title='bbox 1054 1892 1109 1953; x_wconf 86' lang='lat' dir='ltr'>sit?</span> 
     </span>
     <span class='ocr_line' id='line_1_22' title="bbox 126 1976 1135 2056; baseline -0.001 -20"><span class='ocrx_word' id='word_1_175' title='bbox 126 1980 191 2055; x_wconf 88' lang='lat' dir='ltr'>quis</span> <span class='ocrx_word' id='word_1_176' title='bbox 204 1979 298 2054; x_wconf 81' lang='lat' dir='ltr'>utique</span> <span class='ocrx_word' id='word_1_177' title='bbox 311 1978 437 2056; x_wconf 87' lang='lat' dir='ltr'>experiri</span> <span class='ocrx_word' id='word_1_178' title='bbox 452 1986 480 2036; x_wconf 91' lang='lat' dir='ltr'>et</span> <span class='ocrx_word' id='word_1_179' title='bbox 493 1979 649 2056; x_wconf 90' lang='lat' dir='ltr'>praecipue</span> <span class='ocrx_word' id='word_1_180' title='bbox 665 1980 692 2036; x_wconf 91' lang='lat' dir='ltr'>in</span> <span class='ocrx_word' id='word_1_181' title='bbox 705 1976 832 2055; x_wconf 79' lang='lat' dir='ltr'>capillo?</span> <span class='ocrx_word' id='word_1_182' title='bbox 847 1979 983 2055; x_wconf 83' lang='lat' dir='ltr'>sanguine</span> <span class='ocrx_word' id='word_1_183' title='bbox 997 1977 1135 2055; x_wconf 67' lang='lat' dir='ltr'>quidem»</span> 
     </span>
     <span class='ocr_line' id='line_1_23' title="bbox 124 2058 1152 2140; baseline 0 -21"><span class='ocrx_word' id='word_1_184' title='bbox 124 2061 198 2140; x_wconf 94' lang='lat' dir='ltr'>pulli</span> <span class='ocrx_word' id='word_1_185' title='bbox 212 2059 332 2119; x_wconf 89' lang='lat' dir='ltr'>bubonis</span> <span class='ocrx_word' id='word_1_186' title='bbox 350 2061 433 2119; x_wconf 87' lang='lat' dir='ltr'>etiarn</span> <span class='ocrx_word' id='word_1_187' title='bbox 442 2061 562 2138; x_wconf 88' lang='lat' dir='ltr'>crispari</span> <span class='ocrx_word' id='word_1_188' title='bbox 578 2061 711 2140; x_wconf 89' lang='lat' dir='ltr'>capillum</span> <span class='ocrx_word' id='word_1_189' title='bbox 724 2064 896 2139; x_wconf 88' lang='lat' dir='ltr'>promittunt.</span> <span class='ocrx_word' id='word_1_190' title='bbox 918 2058 1004 2120; x_wconf 85' lang='lat' dir='ltr'>Cuius</span> <span class='ocrx_word' id='word_1_191' title='bbox 1018 2079 1105 2138; x_wconf 92' lang='lat' dir='ltr'>geue·</span> <span class='ocrx_word' id='word_1_192' title='bbox 1116 2070 1152 2125; x_wconf 79' lang='lat'>83</span> 
     </span>
     <span class='ocr_line' id='line_1_24' title="bbox 123 2144 1108 2223; baseline -0.002 -18"><span class='ocrx_word' id='word_1_193' title='bbox 123 2146 165 2205; x_wconf 93' lang='lat' dir='ltr'>ris</span> <span class='ocrx_word' id='word_1_194' title='bbox 181 2161 275 2223; x_wconf 90' lang='lat' dir='ltr'>prope</span> <span class='ocrx_word' id='word_1_195' title='bbox 290 2144 380 2203; x_wconf 90' lang='lat' dir='ltr'>videri</span> <span class='ocrx_word' id='word_1_196' title='bbox 395 2146 506 2222; x_wconf 90' lang='lat' dir='ltr'>possint</span> <span class='ocrx_word' id='word_1_197' title='bbox 527 2162 600 2221; x_wconf 89' lang='lat' dir='ltr'>quae</span> <span class='ocrx_word' id='word_1_198' title='bbox 619 2144 729 2203; x_wconf 90' lang='lat' dir='ltr'>tradunt</span> <span class='ocrx_word' id='word_1_199' title='bbox 746 2154 774 2205; x_wconf 90' lang='lat' dir='ltr'>et</span> <span class='ocrx_word' id='word_1_200' title='bbox 794 2144 829 2204; x_wconf 92' lang='lat' dir='ltr'>de</span> <span class='ocrx_word' id='word_1_201' title='bbox 844 2144 1066 2223; x_wconf 86' lang='lat' dir='ltr'>vespertilione,</span> <span class='ocrx_word' id='word_1_202' title='bbox 1084 2145 1108 2204; x_wconf 91' lang='lat' dir='ltr'>si</span> 
     </span>
     <span class='ocr_line' id='line_1_25' title="bbox 123 2226 1108 2306; baseline -0.004 -17"><span class='ocrx_word' id='word_1_203' title='bbox 123 2238 169 2289; x_wconf 91' lang='lat' dir='ltr'>ter</span> <span class='ocrx_word' id='word_1_204' title='bbox 184 2227 366 2288; x_wconf 87' lang='lat' dir='ltr'>circumlatus</span> <span class='ocrx_word' id='word_1_205' title='bbox 381 2227 475 2287; x_wconf 92' lang='lat' dir='ltr'>domui</span> <span class='ocrx_word' id='word_1_206' title='bbox 491 2226 575 2287; x_wconf 86' lang='lat' dir='ltr'>&#39;vivos</span> <span class='ocrx_word' id='word_1_207' title='bbox 591 2246 644 2305; x_wconf 93' lang='lat' dir='ltr'>per</span> <span class='ocrx_word' id='word_1_208' title='bbox 658 2228 811 2287; x_wconf 83' lang='lat' dir='ltr'>fenestram</span> <span class='ocrx_word' id='word_1_209' title='bbox 826 2228 941 2288; x_wconf 88' lang='lat' dir='ltr'>inverso</span> <span class='ocrx_word' id='word_1_210' title='bbox 959 2230 1053 2306; x_wconf 86' lang='lat' dir='ltr'>capite</span> <span class='ocrx_word' id='word_1_211' title='bbox 1068 2227 1108 2286; x_wconf 91' lang='lat' dir='ltr'>in·</span> 
     </span>
    </p>

    <p class='ocr_par' dir='ltr' id='par_1_8' title="bbox 87 2310 1109 2638">
     <span class='ocr_line' id='line_1_26' title="bbox 87 2310 1109 2390; baseline 0 -21"><span class='ocrx_word' id='word_1_212' title='bbox 87 2312 243 2387; x_wconf 74' lang='lat' dir='ltr'>ashgatur,</span> <span class='ocrx_word' id='word_1_213' title='bbox 264 2310 415 2370; x_wconf 90' lang='lat' dir='ltr'>amuletum</span> <span class='ocrx_word' id='word_1_214' title='bbox 436 2328 515 2387; x_wconf 88' lang='lat' dir='ltr'>esse,</span> <span class='ocrx_word' id='word_1_215' title='bbox 536 2311 725 2389; x_wconf 89' lang='lat' dir='ltr'>privatimque</span> <span class='ocrx_word' id='word_1_216' title='bbox 745 2310 868 2371; x_wconf 89' lang='lat' dir='ltr'>ovilibus</span> <span class='ocrx_word' id='word_1_217' title='bbox 890 2312 1109 2390; x_wconf 88' lang='lat' dir='ltr'>circumraptum</span> 
     </span>
     <span class='ocr_line' id='line_1_27' title="bbox 123 2392 1109 2472; baseline -0.003 -18"><span class='ocrx_word' id='word_1_218' title='bbox 123 2396 231 2454; x_wconf 88' lang='lat' dir='ltr'>totiens</span> <span class='ocrx_word' id='word_1_219' title='bbox 256 2401 286 2451; x_wconf 91' lang='lat' dir='ltr'>et</span> <span class='ocrx_word' id='word_1_220' title='bbox 312 2392 434 2470; x_wconf 91' lang='lat' dir='ltr'>pedibus</span> <span class='ocrx_word' id='word_1_221' title='bbox 462 2412 633 2472; x_wconf 89' lang='lat' dir='ltr'>suspensum</span> <span class='ocrx_word' id='word_1_222' title='bbox 660 2396 687 2453; x_wconf 91' lang='lat' dir='ltr'>in</span> <span class='ocrx_word' id='word_1_223' title='bbox 713 2394 907 2472; x_wconf 88' lang='lat' dir='ltr'>superlimiue.</span> <span class='ocrx_word' id='word_1_224' title='bbox 942 2396 1109 2469; x_wconf 83' lang='lat' dir='ltr'>sangumem</span> 
     </span>
     <span class='ocr_line' id='line_1_28' title="bbox 123 2476 1107 2557; baseline -0.002 -22"><span class='ocrx_word' id='word_1_225' title='bbox 123 2494 241 2557; x_wconf 78' lang='lat' dir='ltr'>quoqne</span> <span class='ocrx_word' id='word_1_226' title='bbox 256 2476 319 2535; x_wconf 89' lang='lat' dir='ltr'>eius</span> <span class='ocrx_word' id='word_1_227' title='bbox 333 2494 395 2536; x_wconf 89' lang='lat' dir='ltr'>cum</span> <span class='ocrx_word' id='word_1_228' title='bbox 414 2476 520 2537; x_wconf 91' lang='lat' dir='ltr'>carduo</span> <span class='ocrx_word' id='word_1_229' title='bbox 535 2486 634 2537; x_wconf 90' lang='lat' dir='ltr'>contra</span> <span class='ocrx_word' id='word_1_230' title='bbox 651 2480 824 2555; x_wconf 85' lang='lat' dir='ltr'>serpentium</span> <span class='ocrx_word' id='word_1_231' title='bbox 847 2478 920 2539; x_wconf 88' lang='lat' dir='ltr'>ictus</span> <span class='ocrx_word' id='word_1_232' title='bbox 937 2479 1010 2537; x_wconf 89' lang='lat' dir='ltr'>inter</span> <span class='ocrx_word' id='word_1_233' title='bbox 1025 2493 1107 2553; x_wconf 92' lang='lat' dir='ltr'>prae·</span> 
     </span>
     <span class='ocr_line' id='line_1_29' title="bbox 124 2557 350 2638; baseline -0.009 -19"><span class='ocrx_word' id='word_1_234' title='bbox 124 2562 211 2638; x_wconf 93' lang='lat' dir='ltr'>cipua</span> <span class='ocrx_word' id='word_1_235' title='bbox 227 2557 350 2618; x_wconf 86' lang='lat' dir='ltr'>laudant.</span> 
     </span>
    </p>

    <p class='ocr_par' dir='ltr' id='par_1_9' title="bbox 189 2641 1151 2721">
     <span class='ocr_line' id='line_1_30' title="bbox 189 2641 1151 2721; baseline 0.004 -22"><span class='ocrx_word' id='word_1_236' title='bbox 189 2641 274 2719; x_wconf 81' lang='lat'><strong>(27.)</strong></span> <span class='ocrx_word' id='word_1_237' title='bbox 296 2641 478 2719; x_wconf 89' lang='lat' dir='ltr'>Phalangium</span> <span class='ocrx_word' id='word_1_238' title='bbox 495 2652 540 2702; x_wconf 90' lang='lat' dir='ltr'>est</span> <span class='ocrx_word' id='word_1_239' title='bbox 555 2641 656 2703; x_wconf 89' lang='lat' dir='ltr'>Italiae</span> <span class='ocrx_word' id='word_1_240' title='bbox 678 2644 803 2721; x_wconf 88' lang='lat' dir='ltr'>ignotum</span> <span class='ocrx_word' id='word_1_241' title='bbox 826 2652 854 2703; x_wconf 92' lang='lat' dir='ltr'>et</span> <span class='ocrx_word' id='word_1_242' title='bbox 875 2643 995 2721; x_wconf 92' lang='lat' dir='ltr'>plurium</span> <span class='ocrx_word' id='word_1_243' title='bbox 1016 2650 1151 2713; x_wconf 85' lang='lat' dir='ltr'>gene·84</span> 
     </span>
    </p>

    <p class='ocr_par' dir='ltr' id='par_1_10' title="bbox 89 2722 1109 3130">
     <span class='ocr_line' id='line_1_31' title="bbox 89 2722 1108 2802; baseline -0.006 -17"><span class='ocrx_word' id='word_1_244' title='bbox 89 2743 204 2785; x_wconf 82' lang='lat' dir='ltr'>aarum:</span> <span class='ocrx_word' id='word_1_245' title='bbox 220 2730 304 2783; x_wconf 89' lang='lat' dir='ltr'>unhm</span> <span class='ocrx_word' id='word_1_246' title='bbox 319 2726 411 2785; x_wconf 90' lang='lat' dir='ltr'>simile</span> <span class='ocrx_word' id='word_1_247' title='bbox 426 2726 579 2802; x_wconf 83' lang='lat' dir='ltr'>formicae,</span> <span class='ocrx_word' id='word_1_248' title='bbox 602 2726 652 2785; x_wconf 92' lang='lat' dir='ltr'>sed</span> <span class='ocrx_word' id='word_1_249' title='bbox 671 2726 757 2785; x_wconf 89' lang='lat' dir='ltr'>multo</span> <span class='ocrx_word' id='word_1_250' title='bbox 781 2728 888 2799; x_wconf 88' lang='lat' dir='ltr'>maius,</span> <span class='ocrx_word' id='word_1_251' title='bbox 915 2724 980 2783; x_wconf 88' lang='lat' dir='ltr'>rufo</span> <span class='ocrx_word' id='word_1_252' title='bbox 1001 2722 1108 2798; x_wconf 88' lang='lat' dir='ltr'>capite,</span> 
     </span>
     <span class='ocr_line' id='line_1_32' title="bbox 123 2804 1108 2887; baseline -0.004 -19"><span class='ocrx_word' id='word_1_253' title='bbox 123 2808 239 2885; x_wconf 84' lang='lat' dir='ltr'>reliqna</span> <span class='ocrx_word' id='word_1_254' title='bbox 259 2816 341 2885; x_wconf 90' lang='lat' dir='ltr'>parte</span> <span class='ocrx_word' id='word_1_255' title='bbox 363 2811 496 2887; x_wconf 94' lang='lat' dir='ltr'>corporis</span> <span class='ocrx_word' id='word_1_256' title='bbox 516 2812 612 2885; x_wconf 88' lang='lat' dir='ltr'>nigra,</span> <span class='ocrx_word' id='word_1_257' title='bbox 646 2808 719 2867; x_wconf 89' lang='lat' dir='ltr'>albis</span> <span class='ocrx_word' id='word_1_258' title='bbox 744 2812 841 2885; x_wconf 85' lang='lat' dir='ltr'>guttis.</span> <span class='ocrx_word' id='word_1_259' title='bbox 871 2806 1004 2867; x_wconf 89' lang='lat' dir='ltr'>acerbior</span> <span class='ocrx_word' id='word_1_260' title='bbox 1027 2804 1108 2864; x_wconf 90' lang='lat' dir='ltr'>huius</span> 
     </span>
     <span class='ocr_line' id='line_1_33' title="bbox 126 2888 1109 2969; baseline -0.004 -19"><span class='ocrx_word' id='word_1_261' title='bbox 126 2908 212 2969; x_wconf 79' lang='lat' dir='ltr'>quam</span> <span class='ocrx_word' id='word_1_262' title='bbox 225 2908 335 2967; x_wconf 83' lang='lat' dir='ltr'>vespae</span> <span class='ocrx_word' id='word_1_263' title='bbox 350 2892 432 2950; x_wconf 89' lang='lat' dir='ltr'>ictus.</span> <span class='ocrx_word' id='word_1_264' title='bbox 468 2893 536 2951; x_wconf 85' lang='lat' dir='ltr'>vivit</span> <span class='ocrx_word' id='word_1_265' title='bbox 550 2909 679 2951; x_wconf 70' lang='lat' dir='ltr'>mmume</span> <span class='ocrx_word' id='word_1_266' title='bbox 696 2892 772 2951; x_wconf 89' lang='lat' dir='ltr'>circa</span> <span class='ocrx_word' id='word_1_267' title='bbox 787 2893 885 2950; x_wconf 84' lang='lat' dir='ltr'>furnos</span> <span class='ocrx_word' id='word_1_268' title='bbox 904 2899 932 2949; x_wconf 91' lang='lat' dir='ltr'>et</span> <span class='ocrx_word' id='word_1_269' title='bbox 948 2888 1048 2946; x_wconf 91' lang='lat' dir='ltr'>molas.</span> <span class='ocrx_word' id='word_1_270' title='bbox 1080 2890 1109 2947; x_wconf 94' lang='lat' dir='ltr'>in</span> 
     </span>
     <span class='ocr_line' id='line_1_34' title="bbox 125 2972 1107 3052; baseline -0.005 -19"><span class='ocrx_word' id='word_1_271' title='bbox 125 2972 257 3033; x_wconf 91' lang='lat' dir='ltr'>remedio</span> <span class='ocrx_word' id='word_1_272' title='bbox 272 2981 326 3049; x_wconf 91' lang='lat' dir='ltr'>est,</span> <span class='ocrx_word' id='word_1_273' title='bbox 344 2974 369 3031; x_wconf 90' lang='lat' dir='ltr'>si</span> <span class='ocrx_word' id='word_1_274' title='bbox 382 2975 445 3052; x_wconf 81' lang='lat' dir='ltr'>quis</span> <span class='ocrx_word' id='word_1_275' title='bbox 459 2974 583 3033; x_wconf 89' lang='lat' dir='ltr'>eiusdem</span> <span class='ocrx_word' id='word_1_276' title='bbox 593 2976 710 3050; x_wconf 89' lang='lat' dir='ltr'>generis</span> <span class='ocrx_word' id='word_1_277' title='bbox 724 2974 843 3033; x_wconf 88' lang='lat' dir='ltr'>alterum</span> <span class='ocrx_word' id='word_1_278' title='bbox 858 2987 997 3049; x_wconf 88' lang='lat' dir='ltr'>percusso</span> <span class='ocrx_word' id='word_1_279' title='bbox 1014 2980 1107 3029; x_wconf 88' lang='lat' dir='ltr'>osten·</span> 
     </span>
     <span class='ocr_line' id='line_1_35' title="bbox 127 3053 1107 3130; baseline -0.004 -15"><span class='ocrx_word' id='word_1_280' title='bbox 127 3057 186 3130; x_wconf 93' lang='lat' dir='ltr'>dat,</span> <span class='ocrx_word' id='word_1_281' title='bbox 203 3055 283 3115; x_wconf 90' lang='lat' dir='ltr'>etad</span> <span class='ocrx_word' id='word_1_282' title='bbox 298 3054 353 3112; x_wconf 90' lang='lat' dir='ltr'>hoc</span> <span class='ocrx_word' id='word_1_283' title='bbox 371 3058 641 3115; x_wconf 83' lang='lat' dir='ltr'>servanturmortui.</span> <span class='ocrx_word' id='word_1_284' title='bbox 671 3059 850 3115; x_wconf 89' lang='lat' dir='ltr'>inveniuntur</span> <span class='ocrx_word' id='word_1_285' title='bbox 869 3063 898 3113; x_wconf 90' lang='lat' dir='ltr'>et</span> <span class='ocrx_word' id='word_1_286' title='bbox 918 3053 1042 3112; x_wconf 85' lang='lat' dir='ltr'>cortices</span> <span class='ocrx_word' id='word_1_287' title='bbox 1058 3069 1107 3111; x_wconf 95' lang='lat' dir='ltr'>eo·</span> 
     </span>
    </p>

    <p class='ocr_par' dir='ltr' id='par_1_11' title="bbox 90 3134 1150 3465">
     <span class='ocr_line' id='line_1_36' title="bbox 90 3134 1144 3216; baseline -0.006 -19"><span class='ocrx_word' id='word_1_288' title='bbox 90 3157 190 3199; x_wconf 75' lang='lat' dir='ltr'>aarum</span> <span class='ocrx_word' id='word_1_289' title='bbox 210 3139 261 3215; x_wconf 79' lang='lat' dir='ltr'>qui</span> <span class='ocrx_word' id='word_1_290' title='bbox 283 3138 342 3197; x_wconf 89' lang='lat' dir='ltr'>triti</span> <span class='ocrx_word' id='word_1_291' title='bbox 361 3148 390 3197; x_wconf 93' lang='lat' dir='ltr'>et</span> <span class='ocrx_word' id='word_1_292' title='bbox 404 3140 464 3216; x_wconf 89' lang='lat' dir='ltr'>poti</span> <span class='ocrx_word' id='word_1_293' title='bbox 476 3138 639 3213; x_wconf 86' lang='lat' dir='ltr'>medentur,</span> <span class='ocrx_word' id='word_1_294' title='bbox 657 3139 794 3198; x_wconf 88' lang='lat' dir='ltr'>mustelae</span> <span class='ocrx_word' id='word_1_295' title='bbox 817 3136 917 3213; x_wconf 90' lang='lat' dir='ltr'>catuli,</span> <span class='ocrx_word' id='word_1_296' title='bbox 938 3145 968 3194; x_wconf 93' lang='lat' dir='ltr'>ut</span> <span class='ocrx_word' id='word_1_297' title='bbox 990 3134 1144 3194; x_wconf 71' lang='lat' dir='ltr'>diximusne</span> 
     </span>
     <span class='ocr_line' id='line_1_37' title="bbox 127 3220 1150 3299; baseline -0.006 -18"><span class='ocrx_word' id='word_1_298' title='bbox 127 3240 227 3299; x_wconf 89' lang='lat' dir='ltr'>supra.</span> <span class='ocrx_word' id='word_1_299' title='bbox 261 3238 354 3297; x_wconf 87' lang='lat' dir='ltr'>aeque</span> <span class='ocrx_word' id='word_1_300' title='bbox 376 3221 550 3298; x_wconf 85' lang='lat' dir='ltr'>phalangion</span> <span class='ocrx_word' id='word_1_301' title='bbox 572 3220 675 3281; x_wconf 84' lang='lat' dir='ltr'>Graeci</span> <span class='ocrx_word' id='word_1_302' title='bbox 696 3228 799 3277; x_wconf 89' lang='lat' dir='ltr'>vocant</span> <span class='ocrx_word' id='word_1_303' title='bbox 820 3222 892 3277; x_wconf 88' lang='lat' dir='ltr'>inter</span> <span class='ocrx_word' id='word_1_304' title='bbox 914 3236 1022 3293; x_wconf 89' lang='lat' dir='ltr'>genera</span> <span class='ocrx_word' id='word_1_305' title='bbox 1042 3235 1103 3276; x_wconf 87' lang='lat' dir='ltr'>ara·</span> <span class='ocrx_word' id='word_1_306' title='bbox 1116 3224 1150 3277; x_wconf 82' lang='lat'>85</span> 
     </span>
     <span class='ocr_line' id='line_1_38' title="bbox 126 3300 1109 3380; baseline -0.008 -17"><span class='ocrx_word' id='word_1_307' title='bbox 126 3322 256 3379; x_wconf 89' lang='lat' dir='ltr'>neorum,</span> <span class='ocrx_word' id='word_1_308' title='bbox 271 3302 324 3363; x_wconf 92' lang='lat' dir='ltr'>sed</span> <span class='ocrx_word' id='word_1_309' title='bbox 338 3302 492 3380; x_wconf 89' lang='lat' dir='ltr'>distingunt</span> <span class='ocrx_word' id='word_1_310' title='bbox 505 3304 564 3377; x_wconf 91' lang='lat' dir='ltr'>lupi</span> <span class='ocrx_word' id='word_1_311' title='bbox 581 3304 702 3361; x_wconf 87' lang='lat' dir='ltr'>nomine.</span> <span class='ocrx_word' id='word_1_312' title='bbox 723 3302 834 3359; x_wconf 90' lang='lat' dir='ltr'>tertium</span> <span class='ocrx_word' id='word_1_313' title='bbox 846 3318 936 3377; x_wconf 89' lang='lat' dir='ltr'>genus</span> <span class='ocrx_word' id='word_1_314' title='bbox 949 3309 992 3359; x_wconf 89' lang='lat' dir='ltr'>est</span> <span class='ocrx_word' id='word_1_315' title='bbox 1008 3300 1109 3358; x_wconf 89' lang='lat' dir='ltr'>eodem</span> 
     </span>
     <span class='ocr_line' id='line_1_39' title="bbox 126 3382 1108 3465; baseline -0.008 -18"><span class='ocrx_word' id='word_1_316' title='bbox 126 3387 264 3465; x_wconf 86' lang='lat' dir='ltr'>phalangi</span> <span class='ocrx_word' id='word_1_317' title='bbox 292 3386 406 3447; x_wconf 89' lang='lat' dir='ltr'>nomine</span> <span class='ocrx_word' id='word_1_318' title='bbox 432 3403 553 3446; x_wconf 90' lang='lat' dir='ltr'>araneus</span> <span class='ocrx_word' id='word_1_319' title='bbox 580 3385 764 3458; x_wconf 87' lang='lat' dir='ltr'>lanuginosus</span> <span class='ocrx_word' id='word_1_320' title='bbox 790 3382 976 3457; x_wconf 84' lang='lat' dir='ltr'>grandissimo</span> <span class='ocrx_word' id='word_1_321' title='bbox 1005 3383 1108 3459; x_wconf 88' lang='lat' dir='ltr'>capite,</span> 
     </span>
    </p>
   </div>
   <div class='ocr_carea' id='block_1_4' title="bbox 0 0 1249 3817">
    <p class='ocr_par' dir='ltr' id='par_1_12' title="bbox 0 0 1249 3817">
     <span class='ocr_line' id='line_1_40' title="bbox 0 0 1249 3817; baseline 0 0"><span class='ocrx_word' id='word_1_322' title='bbox 0 0 1249 3817; x_wconf 95' lang='lat' dir='ltr'> </span> 
     </span>
    </p>
   </div>
  </div>
 </body>
</html>
