2484 3817
151 258 193 324 20
255 232 260 243 Υ
494 273 808 323 c.1>n1rt1sscurtnr

107 439 142 495 94
212 428 294 507 (49.)
322 424 562 504 Hyoscyaminnm
576 426 752 487 emolliendo
767 426 838 486 utile
853 435 910 504 est,
924 428 1023 487 nervis
1041 427 1151 487 inutile.

147 518 250 591 potum
264 510 380 589 quidem
395 510 510 571 cerebri
522 516 616 571 motus
630 512 706 570 lacit.
722 509 933 570 Therminume
947 510 1053 588 lupinis
1066 510 1155 571 emol-

106 596 201 672 iiim,
243 612 392 654 roxumum
410 610 535 654 rosaceo
552 588 667 653 ellectu.
697 587 893 653 Narcissinum
908 594 1014 653 dictum
1029 602 1076 653 est
1091 611 1154 652 cnm

150 695 204 738 suo
222 608 309 739 blora.
345 676 544 756 Raphaninum
564 676 733 755 phthiriasis
753 676 841 753 longa
858 676 1016 736 valitudine
1040 684 1154 735 contra-

108 771 211 827 95ctas
231 761 311 821 'tollit
331 763 543 837 scabritiasque
561 763 635 820 cutis
659 763 688 819 in
710 762 786 820 facie
801 760 943 819 emendat.
976 758 1178 821 Sesaminums

151 846 259 905 aurium
274 838 396 924 dolores
410 852 493 905 sanat
510 852 540 903 et
553 843 654 903 ulcera
666 861 739 921 quae
752 851 874 921 serpunt
886 852 1000 920 atquae
1012 843 1166 904 cacoethe⁴

107 924 140 1001 3}-
152 933 266 987 vocant.
296 926 430 1004 ¹hilinum,
452 926 534 1004 quod
551 934 585 986 ‘et
598 922 782 986 Phaselinum
798 935 828 985 et
846 926 961 1003 Syrium
975 928 1154 1002 vocavimus,

150 1010 270 1071 renibus
285 1012 467 1071 utilissimum
482 1019 528 1069 est
543 1010 756 1087 sudoribusque
773 1010 947 1086 evocandis,
962 1010 1068 1070 volvae
1084 1009 1154 1069 mcl-

147 1094 264 1155 liendae
279 1092 555 1171 concoquendisque
575 1096 661 1154 intus.
693 1092 865 1170 Selgiticum
878 1094 980 1153 nervis
994 1093 1067 1152 utile
1085 1112 1153 1153 esse

106 1176 138 1252 ii·
153 1177 292 1254 diximus,
309 1178 383 1237 sicut
396 1174 574 1237 herbaceum
588 1191 721 1256 qnoque,
738 1176 816 1254 quod
830 1174 944 1253 lgnrini
963 1178 1039 1235 circa
1050 1176 1153 1236 Flami-
1164 1197 1189 1237 rc

145 1263 224 1321 'niam
237 1264 312 1319 viam
327 1258 464 1319 vendunt.
866 1272 869 1277 ·

106 1354 141 1409 96
213 1344 295 1423 (50.)
327 1340 506 1419 Elaeomeli,
532 1344 609 1422 quod
630 1346 660 1403 in
681 1342 766 1419 Syria
786 1360 825 1403 ex
844 1339 917 1421 ipsis
942 1342 1153 1404 oleismanare

106 1446 136 1488 rs,
147 1446 171 1479 οι
193 1426 326 1503 diximus,
339 1444 446 1504 sapore
457 1426 577 1504 melleo,
588 1444 646 1487 non
658 1428 721 1486 sine
732 1429 832 1485 nanda
843 1427 939 1486 alvom
950 1427 1050 1503 solvit,
1065 1427 1153 1487 bilem

148 1512 307 1588 praecipue
322 1509 447 1570 detrahit
464 1510 576 1571 duobus
594 1509 705 1586 cyathis
720 1512 749 1569 in
764 1510 878 1570 hemina
893 1520 985 1587 aquae
1001 1508 1087 1586 datis,
1101 1513 1152 1588 qui

144 1590 253 1652 'bibere
277 1600 449 1671 torpescunt
473 1596 693 1670 excitanturque
715 1592 831 1653 crebro.
870 1600 994 1671 potores
1013 1596 1151 1653 certaturi
1163 1606 1188 1646 ¹⁵

148 1682 335 1753 praesumunt
351 1696 390 1736 ex
408 1695 444 1737 ec
462 1676 594 1753 cyathum
609 1696 702 1736 unum.
735 1675 851 1737 Pissino
868 1676 1021 1736 olec‘usus
1041 1677 1077 1736 ad
1094 1684 1153 1736 tus·

149 1760 202 1817 siin
219 1768 250 1819 et
265 1760 472 1839 quadripedum
489 1761 617 1821 scabiem
633 1770 686 1820 est.
725 1780 728 1784 ·

104 1850 139 1907 at
212 1844 294 1922 (51.)
323 1844 350 1903 A
372 1844 480 1905 vitibus
504 1844 637 1924 oleisque
659 1861 797 1923 proxuma
813 1844 952 1916 nobilitas
963 1842 1078 1922 palmis.
1112 1846 1153 1903 iu-

148 1924 263 1985 ehriant
277 1936 425 2004 recentes,
441 1930 544 2007 capitis
561 1928 694 1990 dolorem
709 1929 841 1990 adierunt
855 1931 947 1988 minus
964 1930 1071 2004 siccae,
1086 1944 1152 2004 nec,

149 2016 283 2085 quantum
297 2010 428 2086 ¹videtur,
453 2010 541 2070 utiles
558 2012 715 2074 stomacho.
751 2015 854 2072 tussim
868 2019 1061 2089 exasperant,
1087 2028 1190 2070 cor-an

142 2094 201 2169 'pus
219 2091 307 2150 alunt.
334 2110 432 2151 sucum
447 2094 632 2153 decoctarum
645 2098 754 2172 antiqui
770 2112 823 2172 pro
838 2093 1032 2171 hydromelite
1048 2094 1153 2153 dabant

148 2177 247 2250 aegris
262 2173 297 2233 ad
314 2176 384 2232 viris
399 2174 592 2251 recreandas,
609 2178 686 2235 sitim
702 2178 866 2252 sedandam,
881 2179 911 2235 in
926 2192 984 2252 quo
997 2193 1053 2234 usu
1068 2194 1153 2254 prae-

148 2258 283 2316 ierebant
299 2255 469 2316 Thebaicas.
503 2260 672 2334 sanguinem
685 2275 801 2335 qnoque
817 2257 1038 2317 exscreantibus
1052 2260 1153 2336 utiles,

145 2341 177 2397 iu
203 2339 269 2400 cibo
297 2356 436 2400 maxume.
481 2341 639 2399 inlinuntur
664 2350 802 2415 caryotae
826 2340 992 2417 stomacho,
1023 2345 1153 2421 vesicae,

146 2424 261 2497 uentri,
284 2424 430 2482 intestinis
454 2442 516 2483 curn
537 2425 671 2482 cotoneis
687 2431 717 2481 et
732 2432 800 2481 cera
817 2433 847 2482 et
860 2440 957 2482 croco.
995 2426 1154 2502 suggillata
1163 2448 1190 2487 ac

150 2506 312 2565 emendant.
356 2506 451 2565 nuclei
471 2506 628 2583 palmarum
648 2508 766 2565 cremati
791 2508 820 2564 in
844 2507 924 2565 iictili
942 2522 1023 2565 novo
1051 2510 1154 2570 cinere

147 2586 212 2647 loto
234 2588 317 2667 spodi
336 2591 429 2647 ricem
450 2588 577 2649 ciliciunt
596 2589 812 2666 miscenturque
828 2590 960 2666 collyriis
974 2596 1006 2649 et
1021 2590 1154 2652 callible-

148 2670 237 2748 phara
253 2672 361 2730 lacinnt
376 2671 471 2733 addito
488 2671 585 2731 nardo.
1223 2715 1224 2726 t

106 2764 142 2819 98
214 2756 242 2814 5.
274 2754 354 2833 (52.)
381 2752 477 2815 Palma
498 2774 572 2833 qnae
593 2756 651 2816 lert
671 2756 887 2831 myrobalanum
901 2759 1106 2835 probatissima
1121 2763 1152 2820 in
1222 2767 1223 2818 t

43 2844 45 2848 ’
149 2836 306 2917 Aegypto,
323 2855 389 2897 ossa
405 2857 464 2899 non
480 2840 568 2899 habet
584 2840 759 2917 reliquarum
772 2840 859 2901 modo
873 2842 904 2900 in
918 2842 1041 2920 balanis,
1055 2843 1190 2903 alvomso

150 2930 181 2980 et
196 2940 312 2981 menses
332 2924 391 2981 ciet
410 2924 440 2983 in
455 2925 523 2983 vino
538 2933 657 2984 austero
674 2933 704 2983 et
717 2923 840 2984 volnera
856 2926 1044 3004 conglutinat.
1220 2951 1221 3002 y

106 3014 141 3068 99
214 3005 296 3083 (53.)
330 3004 426 3065 Palma
452 3007 528 3067 elate
552 3009 615 3067 sive
640 3006 742 3085 spathe
765 3008 925 3070 medicinae
948 3012 1062 3071 confert
1083 3029 1153 3088 ger·
1219 3025 1220 3094 q

148 3089 243 3165 mina,
266 3089 354 3165 lolia,
370 3090 517 3151 corticem.
549 3091 619 3151 iolia
635 3092 811 3168 inponuntur
829 3095 1028 3170 praecordiis,
1045 3102 1154 3153 stoma·
1218 3133 1219 3184 y

149 3170 222 3246 cho,
243 3173 385 3250 iocineri,
399 3173 547 3233 ulceribus
563 3192 637 3252 qnae
653 3182 789 3252 serpunt,
807 3178 934 3236 cicatrici
951 3179 1151 3254 repugnantia.
1209 3179 1218 3218 '1

147 3265 253 3333 psoras
267 3264 372 3316 cortex
387 3259 450 3317 eius
465 3266 550 3318 tener
564 3276 627 3316 curn
642 3260 740 3317 resina
755 3267 785 3317 et
796 3270 863 3318 cera
876 3268 957 3318 sanat
967 3259 1070 3318 diebus
1083 3258 1150 3319 XX.
1162 3270 1190 3310 ³⁵

149 3338 321 3417 decoquitur
347 3349 377 3400 et
404 3341 439 3400 ad
467 3343 583 3402 testium
603 3342 681 3399 vitia.
726 3340 859 3419 capillum
879 3341 1012 3417 denigrat
1039 3342 1151 3418 scribta,
1215 3299 1217 3392 l

148 3430 248 3498 partus
271 3423 404 3483 extrahit.
436 3424 518 3485 datur
542 3422 685 3485 bibendus
706 3427 818 3484 renium
832 3425 912 3484 vitiis
932 3433 962 3483 et
981 3426 1100 3484 semeae
1120 3435 1153 3485 et
1215 3401 1216 3460 l

149 3507 403 3586 praecordiorum,
429 3518 458 3569 et
480 3510 565 3587 capiti
583 3516 613 3569 et
628 3509 725 3568 nervis
741 3510 879 3567 inimicus.
909 3507 1013 3568 volvae
1030 3526 1064 3568 uc
1079 3526 1152 3569 ven·
1214 3501 1215 3552 i

1210 3755 1212 3788 l
