2484 3817
300 203 380 253 nnn.
397 204 486 253 nisu.
502 203 654 257 11111111.
673 205 713 261 15.
729 199 878 269 (et-90.)
1011 194 1071 257 127

81 360 230 422 Paeoniae
246 358 355 419 herbae
369 376 468 419 semen
481 354 593 435 nigrum
610 377 648 419 ex
666 376 737 436 aqua
752 360 853 420 mulsa.
882 362 981 421 eadem
998 371 1027 421 et
1043 364 1072 423 in

80 446 180 505 radice
194 445 367 501 viennenses
383 443 450 517 ciet,
467 444 585 519 panacis
601 458 700 502 semen
719 461 782 501 cum
796 444 939 505 absinthio
955 463 1072 505 menses

80 538 109 588 et
122 527 263 601 sudores,
285 524 430 605 scordotis
452 534 521 600 potu
542 534 572 585 et
591 525 681 585 inlitu.
713 524 866 587 Vettonica
888 528 1022 589 drachma
1043 530 1072 587 in

81 612 138 670 vini
153 609 268 684 cyathis
292 608 382 668 tribus
403 606 508 667 bibitur
529 618 629 667 contra
652 610 745 669 omnia
767 608 913 671 volvarum
934 612 1001 670 vitia
1023 621 1074 674 aut

58 713 154 772 aquae
169 710 187 753 a
205 702 287 769 partu
304 693 382 751 liunt.
413 708 528 749 menses
542 693 644 751 nimios
663 693 739 751 sistit
752 691 875 752 Achillia
893 695 1015 771 inposita
1042 703 1072 753 et

80 778 234 837 decoctum
257 776 319 833 eius
340 768 538 833 insidentibus.
572 775 701 835 Memmia
721 776 866 853 inponitur
885 777 1051 850 hyoscyami
1062 788 1113 842 152

81 878 180 919 semen
197 876 235 917 ex
251 859 329 931 vino,
345 857 420 916 locis
433 856 515 915 radix
531 858 559 916 in
574 858 789 934 cataplasmate,
806 866 836 917 et
849 861 974 917 mammis
988 862 1072 919 ctiam

81 942 254 1003 chelidonia.
288 940 433 999 secundas
447 942 583 999 morantis
603 940 652 1001 vel
672 949 770 1017 partus
792 950 940 1001 emortuos
960 941 1073 1001 radices

80 1026 199 1104 panacis
206 1023 359 1101 adpositae
372 1022 533 1082 extrahunt.
551 1024 644 1100 ipsum
654 1040 778 1101 panaces
792 1024 892 1084 inviuo
906 1024 1073 1103 potumvol·

52 1128 128 1169 roras
143 1114 252 1187 purgat
265 1106 486 1183 adpositumque
502 1124 565 1166 cum
577 1106 674 1165 malle.
695 1106 861 1167 Polemonia
876 1117 944 1186 pota
955 1126 993 1167 ex
1005 1109 1072 1167 vino

81 1191 224 1253 secundas
247 1190 346 1267 pellit,
366 1188 468 1247 nidore
490 1189 610 1264 corrigit
629 1188 741 1249 volvas.
781 1188 916 1251 Centauri
935 1191 1052 1251 minoris
1066 1201 1115 1255 153

80 1293 166 1335 sucus
181 1273 388 1351 potnlotnque
403 1289 520 1331 menses
536 1273 609 1344 ciet,
635 1274 701 1331 item
722 1274 837 1333 maioris
858 1276 940 1334 radix
960 1276 989 1333 in
1008 1273 1071 1334 vul-

79 1376 133 1417 vae
147 1355 302 1417 dolorihus
316 1356 417 1415 iisdem
432 1354 524 1415 modis
538 1356 672 1432 prodest,
688 1355 790 1415 derasa
807 1374 877 1416 vero
894 1366 923 1417 et
941 1356 1073 1435 adposita

82 1441 205 1500 extrahit
223 1447 323 1515 partus
338 1448 494 1498 emortuus.
527 1438 663 1516 plantago
681 1438 835 1516 adponitur
850 1441 876 1499 in
898 1441 963 1499 lana
977 1442 1006 1499 in
1022 1440 1071 1499 do·

52 1546 73 1583 rs
85 1525 146 1583 lore
168 1522 288 1596 volvae,
303 1522 332 1579 in
346 1521 523 1597 strangulatu
538 1520 659 1596 bibitur,
682 1521 735 1581 sed
759 1525 915 1600 praecipua
930 1522 1072 1583 dictamno

81 1609 123 1666 vis
136 1615 192 1666 est.
230 1623 347 1663 menses
369 1605 443 1680 ciet,
471 1614 571 1682 partus
589 1614 736 1663 emortuos
758 1605 807 1663 vel
827 1614 973 1665 traversos
995 1607 1073 1665 eicit.

80 1690 187 1749 bibitur
202 1706 241 1747 ex
263 1706 337 1765 aqua
352 1688 485 1746 loliorum
500 1686 608 1760 obolo,
632 1686 705 1747 adeo
727 1686 850 1746 adhaec
866 1688 970 1746 elhcax
990 1697 1073 1747 utne

81 1777 109 1831 iu
133 1771 295 1831 cubiculum
312 1770 426 1849 quidem
445 1772 643 1848 praegnatium
664 1769 812 1827 inferatur.
848 1786 903 1827 nec
924 1778 994 1846 pom
1013 1778 1074 1829 tan·

83 1866 141 1915 tum
162 1854 216 1914 sed
242 1864 272 1913 et
294 1854 374 1913 inlitu
397 1862 426 1911 et
448 1853 545 1911 sullitu
566 1851 654 1909 valet.
690 1868 830 1929 proxume
852 1850 1053 1931 pseudodicta·
1066 1862 1117 1913 154

48 1962 74 2000 ao
84 1956 187 2011 mnurrn,
203 1938 254 1997 aed
271 1954 387 1997 menses
403 1937 461 1995 ciet
473 1952 544 2013 cum
557 1951 637 1993 mero
656 1933 807 1993 decoctum
819 1934 916 1995 denari
932 1934 1074 2013 pondere.

84 2020 217 2101 pluribus
229 2029 323 2081 tamen
337 2019 431 2079 modis
452 2016 639 2077 aristolochia
663 2018 798 2095 prodest,
819 2036 883 2077 nam
909 2028 938 2078 et
959 2034 1074 2078 menses

84 2116 114 2165 et
130 2103 273 2163 secundas
290 2104 348 2162 ciet
370 2112 400 2161 et
419 2111 565 2161 emortuos
584 2108 683 2178 partus
703 2101 840 2177 extrahit,
864 2118 958 2161 murra
980 2110 1010 2161 et
1031 2102 1073 2180 pi-

83 2206 155 2265 pere
167 2186 272 2246 additis
287 2196 357 2264 pota
371 2185 419 2244 vel
437 2185 559 2245 subdita.
588 2184 692 2243 volvas
706 2202 822 2262 quoque
838 2185 1017 2265 procidentis
1032 2187 1073 2243 in·

83 2271 163 2330 hibet
177 2270 240 2329 loto
257 2269 306 2329 rel
320 2269 416 2329 sulhtu
428 2268 476 2328 vel
488 2267 629 2340 subiecto,
644 2284 774 2327 maxume
786 2268 887 2327 tenuis.
913 2270 1052 2344 Strongu-
1066 2278 1115 2331 155

51 2355 172 2414 zalatntn
187 2352 225 2412 ab
238 2352 284 2411 his
298 2369 486 2429 mensumque
501 2349 698 2409 difficultatem
710 2352 855 2427 agaricum
872 2350 966 2411 obolis
984 2352 1075 2411 tribus

85 2440 113 2495 in
126 2438 184 2495 riui
200 2437 310 2495 veteris
333 2435 436 2509 cyatho
454 2442 551 2511 potum
574 2433 722 2507 emendat,
745 2436 924 2509 peristereos
941 2434 1074 2511 adposita

84 2521 112 2579 in
130 2520 219 2597 adipe
237 2517 324 2579 suillo
346 2519 472 2593 recenti,
495 2516 669 2576 antirrhinon
693 2533 756 2575 cum
780 2534 903 2577 rosaceo
927 2526 956 2576 et
974 2515 1073 2589 melle,

84 2606 152 2662 Mna
173 2602 306 2679 adposita
326 2600 503 2679 nymphaeae
527 2599 685 2659 Thessalae
705 2598 787 2659 radix
810 2600 902 2661 dolori
932 2598 1074 2673 medetur,

83 2688 112 2745 in
131 2688 199 2745 vino
222 2687 307 2760 nigro
323 2693 391 2762 pota
411 2684 552 2761 prolluvia
572 2682 690 2741 inhibet.
723 2701 741 2743 e
761 2683 875 2743 diverso
901 2686 958 2742 ciet
979 2680 1075 2754 cycla-

53 2770 150 2834 nmini
165 2768 249 2827 radix
265 2776 333 2844 pota
355 2776 384 2826 et
396 2766 545 2843 adposita,
569 2775 598 2825 et
620 2767 737 2825 vesicae
757 2766 934 2825 insidentium
951 2764 1074 2823 decocto

83 2852 225 2911 medetur.
247 2849 394 2911 Secundus
409 2857 477 2926 pota
491 2848 702 2909 cissanthemos
719 2849 817 2925 pellit,
834 2848 945 2907 volvam
960 2853 1051 2905 sanat.
1064 2856 1115 2910 156
1139 2841 1150 2861 ⁸

85 2935 219 3013 eriphio
232 2932 316 2993 radix
334 2934 467 3010 mperior
481 2951 597 2992 menses
615 2932 672 2989 ciet
687 2931 821 2993 drachma
841 2948 878 2989 ex
894 2939 978 2991 aceto
994 2937 1072 3006 pota.

86 3018 285 3097 peucedanum
297 3015 600 3091 strangulatusvolvae
611 3013 711 3073 nidore
724 3024 815 3075 ustum
823 3022 946 3089 recreat,
958 3028 1073 3071 menses

83 3100 169 3161 albus
191 3100 352 3179 praecipue
374 3098 506 3176 psyllium
520 3096 654 3157 drachma
676 3099 704 3155 in
726 3098 836 3171 cyathis
857 3094 946 3155 tribus
970 3112 1072 3173 auriae,

52 3203 184 3248 sesemen
199 3182 410 3257 mandragorae
424 3191 523 3259 potum
536 3182 650 3241 volvam
664 3189 775 3257 purgat.
799 3196 912 3239 menses
930 3180 987 3237 ciet
1008 3190 1114 3245 su·157

86 3287 138 3327 cus
162 3267 313 3345 adpositus
342 3272 370 3322 et
397 3273 543 3325 emortuos
563 3272 672 3341 partus.
707 3264 790 3322 nimia
812 3278 909 3321 rursus
932 3262 1073 3339 profluvia

85 3352 161 3411 sistit
176 3368 277 3409 semen
292 3367 356 3408 cum
366 3350 433 3407 vivo
443 3346 572 3424 sulpure,
589 3354 688 3405 contra
701 3362 734 3403 ea
747 3346 803 3403 ciet
814 3344 988 3405 batrachium
1003 3354 1073 3421 potu

85 3434 136 3494 rel
149 3434 228 3508 cibo,
246 3432 352 3492 ardens
367 3429 455 3507 alias,
473 3439 503 3489 ut
516 3429 652 3502 diximus,
675 3428 776 3501 cruda,
797 3426 847 3487 sed
862 3436 946 3487 cocta
961 3442 1066 3487 con-rt,
1080 3445 1110 3478 res
