2484 3817
154 152 194 214 48
382 167 384 175 ’
496 159 525 207 c.
543 160 637 212 sorar
654 158 802 206 sacouor

112 331 147 385 80
157 327 257 378 torem.
290 313 354 395 [18]
368 313 545 374 Menaechmi
561 310 669 370 vitulus
683 330 759 397 genu
776 313 915 389 premitur
926 310 1071 388 replicata
1084 329 1149 369 cer-

156 404 219 460 vice
227 402 316 477 ,ipse
332 398 533 458 blenaeehmos
552 396 669 473 scripsit
690 388 727 453 de
741 412 792 453 soa
806 402 879 454 arte
912 395 977 473 [19]
993 392 1147 469 Naucydes

154 484 300 544 Mercurio
316 491 345 541 et
357 481 509 540 discobolo
525 488 555 539 et
566 478 724 538 inmolante
737 480 857 537 arietem
871 486 1019 553 censetur,
1033 475 1148 538 Nauce-

155 586 203 626 rus
225 566 367 626 luctatore
389 563 541 623 anhelante
564 561 604 596 aa·
611 560 796 638 ,Niceratus
814 561 1018 638 Aesculapium
1038 568 1070 619 et
1088 561 1144 637 lly-

156 652 229 727 giam
243 651 289 726 qui
307 650 418 707 suntin
435 646 615 706 Concordiae
630 645 738 723 templo
753 643 873 703 Romae.
897 643 960 722 [20]
977 643 1168 718 Pyromachis

156 733 293 811 quadriga
318 731 352 790 ab
377 729 528 790 Alcibiade
554 730 676 804 regitur
718 726 854 802 Polycles
876 727 1146 803 Hermaphroditum

139 816 282 877 nobilem
296 815 367 875 iecit
374 813 523 892 ,Pyrrhus
539 810 661 887 Hygiam
675 820 706 871 ct
719 809 890 887 Mineruam,
906 809 1011 894 Phanis
1025 808 1147 889 lysippi

114 909 148 965 81
161 899 319 997 discipulus
340 898 520 975 epitbyusan.
562 894 627 972 [21]
643 895 774 972 Styppax
790 892 913 973 Cyprius
936 910 993 952 uno
1016 894 1148 954 celebra·

156 992 201 1041 tur
222 985 322 1059 signo,
344 978 566 1077 splanclrnopte,
590 977 713 1037 Periclis
738 977 861 1055 Olympii
881 978 1003 1037 vernula
1025 977 1071 1037 hic
1092 980 1147 1038 init

150 1076 223 1125 exta
237 1074 352 1124 torrens
367 1066 521 1139 ignemque
534 1062 594 1119 oris
606 1061 686 1140 pleni
702 1063 806 1138 spiritu
821 1061 990 1121 accendens.
1016 1060 1181 1126 Silanionis

155 1146 365 1226 Apollodorum
381 1144 454 1205 ludit
472 1178 510 1187 —
529 1143 659 1204 lictorem
675 1152 705 1203 et
723 1147 833 1222 ipsum,
853 1144 906 1203 sed
925 1146 1004 1203 inter
1024 1154 1146 1205 cunctos

155 1231 403 1306 diligentissimum
409 1228 483 1285 artis
499 1234 529 1285 et
543 1229 670 1305 iniquom
682 1228 725 1286 sui
741 1227 878 1305 iudicem,
894 1227 1000 1287 crebro
1013 1229 1145 1306 perlecta

154 1316 235 1389 signa
261 1313 459 1388 frangentem,
489 1309 553 1369 dum
582 1312 681 1371 satiari
712 1311 868 1388 cupiditate
894 1313 963 1369 artis
989 1328 1047 1370 non
1073 1315 1145 1389 quit,

111 1396 310 1474 eaideoque
302 1412 431 1454 insanum
452 1397 691 1471 cognominatum.
721 1393 805 1453 hoc
796 1412 825 1452 ιιι
848 1412 885 1454 eo
904 1397 1070 1472 expressit,
1089 1414 1145 1456 nec

154 1480 297 1539 hominem
315 1498 353 1538 ex
369 1497 436 1538 aere
458 1479 545 1555 iecit,
571 1476 623 1537 sed
639 1471 869 1536 iracundiam-
887 1486 917 1538 et
932 1478 1075 1538 Achillem
1093 1498 1144 1538 no·
1133 1507 1179 1545 -15

154 1563 257 1640 bilem,
288 1564 364 1625 idem
395 1565 540 1641 epistaten
568 1568 755 1623 exercentem
783 1562 923 1639 athletas,
953 1562 1144 1639 Strongylion

154 1654 326 1707 Amazonem
342 1664 424 1724 quam
441 1646 476 1705 ab
494 1645 670 1706 excellentia
684 1662 798 1704 crurum
812 1659 971 1706 eucnemon
985 1646 1143 1725 appellant,

156 1731 193 1790 ob
207 1732 236 1791 id
252 1733 281 1791 in
295 1733 430 1791 comitatu
444 1728 571 1789 Neronis
593 1730 734 1808 principis
751 1730 949 1789 cucumtatam.
966 1766 971 1775 ·
983 1729 1058 1789 idem
1071 1732 1144 1790 iecit

125 1828 129 1835 '
154 1833 273 1893 puerum
296 1831 380 1892 quem
400 1812 517 1871 amando
539 1812 645 1873 Brutus
668 1812 874 1890 Philippiensis
894 1816 1067 1890 cognomine
1088 1831 1143 1874 suo
1215 1886 1218 1891 .

112 1900 327 1964 sainlustravit.
371 1896 434 1975 [22]
454 1895 642 1972 Theodorus,
668 1898 716 1973 qui
742 1896 932 1972 labyrinthum
952 1898 1040 1972 iecit,
1067 1897 1179 1957 Samiae

154 1985 218 2060 ipse
234 2001 267 2041 se
282 2000 320 2041 ex
333 1976 403 2039 a'ere
418 1980 506 2057 indit,
529 1988 649 2058 practer
663 1978 854 2040 similitudinis
868 1980 1027 2040 mirabilem
1042 1982 1144 2040 lamam

153 2084 254 2142 magna
272 2064 430 2141 suptilitate
445 2064 618 2123 celebratus.
653 2061 754 2121 dextra
769 2063 862 2123 limam
877 2072 975 2142 tenet,
995 2065 1077 2124 laeva
1093 2068 1144 2124 tri·

153 2150 207 2208 bus
231 2148 328 2225 digitis
345 2147 538 2225 quadrigulam
559 2148 652 2206 tenuit
670 2146 834 2206 translatam
848 2147 1024 2225 Praeneste,
1045 2156 1141 2208 tantae
1178 2214 1184 2224 ,

154 2233 306 2311 parvitatis
329 2239 360 2289 ut
385 2231 522 2290 miraculo
552 2232 657 2308 pictam
687 2247 749 2289 eam
771 2248 941 2309 currumque
962 2241 993 2291 et
1013 2234 1143 2307 aurigam

153 2318 300 2391 integeret
317 2314 369 2374 alis
385 2313 468 2373 simul
483 2312 558 2373 iacta
572 2331 676 2373 rcusca.
708 2313 772 2391 {23}
793 2312 976 2374 Xenocrates
991 2314 1179 2375 Tisicratissa

154 2398 328 2478 discipulos,
350 2406 381 2456 ut
402 2398 449 2457 alii
465 2396 667 2473 Euthycratis,
689 2399 759 2457 vicit
777 2406 917 2475 utrosque
935 2400 1020 2475 copia
1042 2400 1144 2475 signo·

112 2492 147 2548 84
157 2500 218 2541 rum
234 2490 264 2542 et
279 2481 314 2541 de
330 2498 380 2577 sup
394 2490 457 2539 arte
473 2482 627 2558 conposuit
641 2480 792 2540 solumina
819 2480 883 2559 [24]
897 2480 999 2541 Plures
1013 2483 1143 2541 artifices

154 2566 255 2625 iecere
270 2546 374 2625 Attali
379 2573 410 2623 et
424 2562 560 2622 Eumenis
580 2561 719 2623 adversus
734 2563 833 2623 Gallos
848 2566 976 2642 proelia,
991 2564 1142 2641 lsigonus,

154 2648 365 2725 Pyromachus,
388 2647 584 2724 Stratonicus,
604 2647 767 2725 Antigonus
789 2649 837 2723 qui
852 2648 994 2707 volumina
1012 2647 1143 2707 condidit

154 2733 190 2791 de
214 2746 264 2790 sua
286 2740 359 2791 arte.
395 2729 517 2807 Boethi,
546 2748 712 2809 quamquam
721 2738 852 2807 argento
873 2732 1021 2808 melioris,
1045 2732 1179 2798 iniansso

77 2868 79 2881 ,
155 2834 193 2875 ex
209 2816 301 2875 animo
318 2832 449 2875 anserem
463 2813 631 2889 strangulat.
653 2814 748 2889 Atque
764 2831 802 2873 ex
815 2814 945 2873 omnibus
961 2832 1035 2891 quae
1051 2814 1140 2875 retuli

155 2897 313 2957 clarissima
339 2915 470 2975 quaeque
496 2898 526 2955 in
548 2897 621 2956 urbe
644 2898 698 2955 iam
720 2906 785 2955 sunt
804 2896 895 2956 dicata
917 2915 933 2957 a
954 2898 1139 2975 Vespasiano

154 2983 286 3060 principe
310 2983 339 3041 in
363 2981 470 3059 templo
487 2978 569 3040 Pacis
590 2979 713 3055 aliisque
733 2981 795 3038 eius
820 2980 975 3059 operibus,
998 2981 1140 3041 uiolentia

92 3082 96 3091 ’
155 3064 281 3124 Neronis
302 3066 330 3123 iu
346 3064 445 3123 urbem
460 3071 600 3123 convecta
616 3070 646 3121 et
662 3064 691 3121 in
706 3062 829 3123 sellariis
845 3064 944 3124 domus
960 3081 1065 3124 aureae
1081 3065 1141 3124 dis-

113 3158 148 3214 65
158 3150 261 3227 posita.
299 3146 363 3226 [25]
381 3146 537 3207 Praeterea
552 3154 617 3206 sunt
640 3146 813 3223 aequalitate
835 3147 974 3207 celebrati
997 3147 1178 3224 artifices,aa

35 3242 43 3258 ·
155 3230 207 3289 sed
226 3230 310 3289 nullis
326 3247 450 3309 operum
461 3246 576 3288 suorum
598 3231 764 3307 praecipui,
784 3230 904 3290 Ariston
920 3232 967 3309 qui
986 3239 1015 3292 et
1031 3248 1141 3309 argen-

154 3321 212 3370 tum
227 3312 339 3373 caelare
355 3312 456 3372 solitus
473 3321 536 3387 est,
552 3310 694 3390 Callicles,
716 3311 846 3387 Ctesias,
862 3311 1020 3373 (lantherus
1037 3314 1142 3391 Sicyo·

154 3392 588 3472 ntus,1)ionysiodoruscnrtae
603 3396 768 3476 discipulus,
782 3395 929 3474 Deliades,
945 3397 1141 3480 Euphorioni,
1201 3452 1205 3466 ‚
