2484 3817
164 144 206 205 ‘44
243 212 248 233 k
511 150 541 199 o.
556 148 814 197 amur-suonam

168 308 247 368 silius
269 305 400 380 laudata,
420 304 534 382 quando
554 302 810 385 allenoplerique
830 303 951 381 ingenio
971 303 1064 380 magis
1079 322 1170 381 quam

167 408 220 450 suo
235 388 475 450 commendantur.
498 389 569 449 iecit
585 396 616 447 et
629 404 731 446 canem
745 396 776 446 et
791 386 967 447 discobolon
978 395 1010 446 et
1022 386 1169 447 Perseum

167 483 198 533 et
219 476 324 552 pristas
344 480 375 531 et
390 470 521 547 Satyrum
543 471 729 531 admirantem
751 469 838 529 tibias
855 478 887 531 et
903 468 1078 547 lliuervam,
1094 470 1168 531 Del-

167 556 269 636 phinon
292 554 477 635 pantomimos,
504 556 729 633 pancratiastas,
755 552 910 613 Herculem
935 555 984 630 qui
1014 561 1061 613 est
1088 555 1168 653 apud

111 704 116 719 ι
165 642 273 701 circum
295 656 455 699 maxumum
475 641 505 699 in
528 638 601 698 aede
616 637 737 715 Pompei
757 635 864 713 llagni.
904 638 1014 697 iecisse
1038 646 1070 696 et
1087 639 1189 700 oica-a

168 724 221 783 due
239 730 451 783 monumentum
471 739 505 781 ac
522 722 655 782 locustae
675 720 848 781 carminibus
869 722 930 779 suis
945 719 1054 779 Brinno
1074 723 1166 797 signi-

126 808 244 872 sedeat.
282 807 353 866 iecit
371 813 402 865 et
422 804 589 883 Apollinem
610 822 696 882 quem
717 804 753 863 ab
775 805 925 862 triumviro
942 803 1073 863 Antonio
1096 805 1166 864 sub·

167 892 253 951 latum
273 891 400 950 restituit
414 887 551 966 Ephesiis
568 887 652 946 divos
667 888 816 965 Augustus
831 886 1016 945 admonitus
1007 906 1040 946 ιιι
1051 889 1164 964 quiete.

167 976 274 1054 primus
300 973 347 1032 liic
367 970 574 1047 multiplicasse
595 973 750 1030 veritatem
766 970 899 1047 videtur,
926 973 1114 1031 numerosior
1133 974 1166 1052 in

168 1067 232 1118 arte
253 1074 337 1135 quam
355 1054 514 1129 Polyclitus
537 1062 567 1113 et
594 1056 624 1113 in
645 1055 811 1151 symmetria
832 1053 1018 1131 diligentior,
1046 1056 1164 1132 etipse
1174 1073 1198 1113 m

167 1151 262 1199 tamen
282 1154 437 1215 corporum
457 1144 539 1211 tenus
569 1139 701 1198 comosus
720 1138 804 1200 animi
829 1156 933 1197 sensus
956 1155 1015 1196 non
1042 1156 1166 1217 expres-

168 1226 255 1296 sisse,
268 1220 401 1297 capillum
410 1236 527 1297 quoque
537 1229 569 1281 et
579 1220 686 1298 pubem
697 1237 755 1279 non
768 1220 945 1298 emendatius
958 1221 1068 1281 iecisse
1080 1239 1165 1299 qnam

125 1318 159 1372 59
169 1304 246 1365 rudis
261 1304 415 1381 antiquitas
429 1304 612 1363 instituisset.
651 1304 695 1382 [41
712 1303 792 1363 Vicit
806 1322 870 1363 eum
884 1302 1065 1381 Pythagoras
1086 1304 1165 1365 Rhe-

166 1391 251 1466 ginus
277 1404 315 1447 ex
335 1386 417 1446 ltalia
436 1390 630 1465 pancratiaste
651 1385 774 1465 Delphis
796 1389 895 1466 posito
916 1388 1077 1448 -·eodem
1092 1391 1164 1449 vicit

168 1480 199 1532 et
214 1469 398 1531 leontiscum
420 1504 478 1546 -,
498 1472 570 1531 lecit
585 1482 615 1530 et
630 1470 846 1530 stadiodromon
861 1471 988 1547 Astylon
1003 1473 1051 1549 qni
1067 1472 1197 1548 Olym-1⁵

168 1557 234 1635 piae
257 1555 419 1616 ostenditur
440 1563 470 1615 et
485 1552 577 1631 Libyn
596 1572 717 1633 puerum
738 1561 885 1615 tenentem
906 1554 1042 1624 tabellam
1057 1556 1163 1615 eodem

168 1640 253 1716 loco,
276 1648 305 1699 et
326 1638 398 1699 mala
418 1640 562 1699 serentem
583 1637 704 1713 nudum,
724 1637 876 1713 Syracusis
892 1646 989 1698 autem
1002 1638 1163 1699 claudican-

169 1731 242 1799 tem,
257 1724 338 1783 cuius
349 1722 457 1781 ulceris
470 1721 601 1781 dolorem
613 1724 723 1781 sentire
736 1723 821 1789 etiam
837 1730 1004 1800 spectantes
1016 1722 1161 1800 videntur,

168 1809 237 1867 item
248 1805 415 1884 Apollinem
431 1813 657 1883 serpentemque
674 1807 736 1865 eius
752 1806 866 1881 sagittis
883 1805 1002 1881 configi,
1017 1806 1162 1867 citharoe-

169 1892 243 1966 dum,
262 1892 309 1967 qui
325 1886 449 1949 Dicaeus
467 1888 629 1967 appellatus
646 1896 704 1964 est,
719 1887 807 1965 quod,
823 1905 886 1948 cum
900 1887 1019 1948 Thebae
1038 1889 1074 1949 ab
1090 1888 1196 1952 Ale-an

168 1974 278 2033 nandro
293 1968 484 2050 caperentur,
502 1989 599 2030 aurum
615 1971 781 2047 a'lugiente
796 1970 941 2031 conditum
955 1974 1020 2032 sinu
1036 1975 1098 2033 eius
1113 1992 1161 2034 cc·

169 2058 255 2116 latum
271 2064 359 2115 esset.
392 2054 562 2132 hicprimus
577 2071 685 2113 neruos
700 2062 732 2114 et
745 2072 837 2114 venas
852 2057 1000 2133 expressit
1014 2056 1159 2134 capillum·

47 2194 51 2203 .
127 2152 162 2206 oo
172 2158 228 2219 qne
245 2138 420 2216 diligentius.
458 2139 500 2217 [5]
524 2138 604 2197 Fuit
600 2146 647 2196 ct
653 2136 725 2196 alius
740 2136 921 2216 Pythagoras
934 2139 1059 2216 Samius,
1074 2140 1157 2198 initio

169 2226 283 2303 pictor,
306 2223 386 2282 cuius
408 2223 491 2299 signa
506 2220 541 2281 ad
558 2221 660 2280 aedem
673 2220 819 2281 Fortunae
835 2221 955 2282 huiusce
973 2223 1030 2282 diei
1045 2230 1158 2299 septem

171 2306 244 2366 nuda
258 2314 288 2365 et
303 2306 382 2365 senis
400 2322 485 2365 unum
499 2304 613 2365 laudata
628 2312 704 2363 sunt
742 2303 788 2363 hic
803 2323 889 2381 supra
905 2305 983 2365 dicto
997 2306 1071 2365 facie
1086 2324 1159 2389 quo·
1147 2324 1194 2365 -ao

130 2408 227 2468 que
241 2378 396 2449 indiscreta
418 2388 518 2449 similis
538 2388 631 2447 fuisse
652 2387 788 2463 traditur,
814 2387 938 2464 Rhegini
960 2398 1054 2449 autem
1075 2374 1159 2450 dis'ci-

129 2473 256 2551 61pulus
273 2480 303 2531 ct
318 2472 392 2531 lilius
410 2473 523 2531 sororis
531 2470 626 2531 luisse
643 2470 800 2538 Sostratus.
830 2471 873 2550 {6}
888 2470 1044 2549 Lysippum
1058 2471 1159 2548 Sicyo·

172 2559 247 2616 nium
257 2555 344 2616 Duris
356 2564 446 2632 negem
456 2554 543 2614 ullius
552 2554 645 2615 fuisse
655 2554 836 2633 discipulum,
848 2555 902 2614 sed
912 2557 1005 2633 primo
1015 2558 1159 2616 aerarium

171 2640 282 2700 labrum
293 2638 414 2714 audendi
426 2640 568 2698 rationem
579 2641 697 2718 cupisse
711 2638 832 2715 pictoris
843 2636 986 2716 Eupompi
1001 2657 1156 2718 responso.

150 2740 236 2799 *eum
259 2724 334 2783 euim
355 2724 584 2799 interrogatum,
605 2740 693 2800 quem
718 2722 891 2798 sequeretur
915 2723 1193 2800 antecedentium,ao

171 2806 280 2881 dixisse
304 2814 460 2867 monstrata
482 2806 625 2864 hominum
640 2804 821 2864 multitudine
838 2812 966 2865 natumm
981 2807 1075 2883 ipsam
1097 2808 1158 2866 imi·

130 2900 164 2954 62
175 2889 286 2950 tundam
298 2907 377 2965 esse,
391 2908 451 2949 non.
464 2888 608 2949 artificem.
637 2888 766 2966 pluruma
778 2906 817 2947 ex
831 2888 961 2948 omnibus
979 2892 1060 2965 signa
1076 2890 1157 2965 iecit,

135 2973 202 3032 ”ut
224 2968 363 3051 diuinitus,
384 2972 604 3033 iocundissimae
624 2972 713 3046 artis,
734 2972 811 3030 inter
830 2988 904 3049 quae
927 2970 1157 3049 destringentem

176 3074 209 3116 se
225 3074 309 3133 quem
325 3052 587 3134 Marcus-'Agrippa
611 3062 678 3114 ente
703 3054 841 3122 Tlnernnas
862 3072 929 3115 suas
957 3055 1061 3116 dicarit
1083 3059 1155 3115 mire

172 3148 284 3216 gratum
307 3137 426 3198 Tiberio
442 3140 572 3217 principi.
596 3155 667 3197 ‘non
687 3139 780 3215 quivit
799 3145 963 3214 temperare
982 3140 1038 3199 sibi
1059 3140 1090 3199 in
1107 3156 1193 3216 eo,as

173 3238 340 3298 quamquam
369 3222 541 3299 imperiosus
571 3222 615 3281 sui
644 3222 720 3281 inter
744 3222 823 3280 initia
845 3222 1038 3299 principatus,
1063 3234 1155 3283 trans·

173 3304 296 3382 tulitque
322 3306 351 3365 in
377 3302 536 3363 cubiculum
563 3304 623 3364 alio
645 3304 730 3381 signo
754 3303 1021 3379 substituto,'cum
1040 3307 1157 3385 quidem

173 3393 251 3447 tanta
272 3386 370 3465 populi
393 3384 714 3456 Romanitontumacia
736 3387 789 3445 init
810 3392 841 3443 ιιι
857 3385 961 3452 dueatri
982 3388 1158 3449 clamoribus
