2484 3817
324 193 404 242 usn.
421 193 512 244 nasu.
532 185 897 263 xxvr.s-t.(1r-ro.)
1049 186 1114 248 tto
1162 140 1167 155 .

119 347 252 424 reperio.
288 345 382 408 Radix
396 346 523 408 morbac
539 348 762 410 conmanducata
780 357 810 410 et
823 349 853 408 io
867 349 934 408 rino
949 347 1112 410 madelncts

120 447 181 488 nou
195 429 266 488 tussi
287 437 393 490 tanturn
413 429 467 488 sed
490 439 520 489 et
538 430 671 490 faucibus
691 431 820 508 prodest.
862 431 968 510 hysopi
986 435 1116 513 quinqw

118 513 192 571 rami
206 529 271 571 cusa
286 511 398 572 duobus
412 521 494 572 rutae
515 522 545 573 et
566 513 629 573 licis
643 513 734 574 tribus
747 514 862 574 decocti
877 514 1028 575 thoracem
1041 534 1109 594 pur·

117 604 200 672 gant,
216 596 316 654 tussi·
334 595 445 656 sedant.
520 639 523 644 -

94 692 108 732 s
182 677 269 756 (16.)
292 677 421 738 Bechicn
441 679 582 756 tussilago
598 679 710 742 dieitur.
743 679 800 740 dno
819 681 881 740 eius
901 697 1030 758 genera:
1059 681 1157 747 sil-dt)

117 761 227 820 restris
247 759 294 820 ubi
319 762 444 822 nascitur
467 762 590 821 subesse
610 779 701 840 agnas
722 763 858 840 credunt,
879 773 910 824 et
927 764 985 824 boc
1004 765 1113 825 babent

118 847 233 920 signum
262 843 423 922 aquilegae.
481 845 551 905 lolia
583 855 649 906 sunt
677 846 835 906 maiuscula
865 863 950 924 quam
984 846 1112 906 hederae

117 926 612 1072 adstrictoriis
627 927 1112 1092 iliadtdtdlllatd

206 1053 214 1084 r
385 1056 393 1085 s
575 1053 576 1056 ’
601 1057 609 1088 r
825 1056 832 1070 ·

85 1109 110 1150 ss
118 1111 189 1154 esse
209 1094 308 1152 arcion
319 1102 348 1152 et
362 1095 419 1153 alio
431 1097 544 1154 nomine
558 1094 780 1156 chamaeleucen
791 1104 900 1173 putant.
916 1094 1000 1155 huius
1013 1096 1112 1155 aridae

118 1193 184 1236 cnm
199 1174 298 1236 radice
313 1175 406 1236 tamus
421 1195 474 1256 per
486 1177 671 1238 harundinem
685 1175 803 1240 haustus
817 1188 847 1239 et
860 1179 1016 1238 devoratus
1031 1187 1111 1237 rete-

116 1278 181 1319 rem
197 1277 301 1320 sanare
317 1257 420 1320 dicitnr
439 1262 553 1336 marim,
575 1260 628 1320 sed
653 1264 682 1320 in
703 1262 835 1338 singulos
856 1262 974 1322 bannos
993 1252 1111 1340 passim

116 1341 290 1420 gustandum
306 1352 360 1402 est.

184 1426 269 1503 (17.)
292 1424 392 1487 Altera
409 1443 426 1486 a
441 1426 607 1504 quibusdam
627 1428 717 1488 salvia
732 1427 908 1505 appellatur,
924 1428 1025 1486 similis
1039 1445 1105 1488 rer·
1117 1439 1152 1492 tl

82 1509 221 1570 sebasoo.
243 1509 401 1569 conteritur
416 1517 444 1568 st
459 1510 553 1569 colata
571 1511 763 1589 calolitatpne
778 1512 818 1572 ita
832 1510 870 1570 ad
883 1510 983 1570 tussim
999 1511 1110 1571 lateris·

117 1611 176 1670 que
198 1591 318 1651 dolores
341 1590 459 1669 bibitur,
485 1602 584 1654 contra
600 1595 773 1672 scorpiones
794 1592 895 1652 eadem
916 1601 947 1651 et
968 1592 1112 1653 dracones

115 1676 246 1734 marinos
260 1675 377 1734 cilicas.
408 1683 507 1736 contra
521 1677 666 1754 serpentis
681 1693 797 1753 quoque
817 1692 856 1734 ex
877 1674 947 1732 oleo
969 1678 1111 1752 perungui

116 1775 155 1818 ea
171 1757 303 1835 prodest.
324 1755 435 1838 llysopi
451 1759 608 1818 fasciculus
622 1776 685 1818 cum
697 1757 855 1835 quadrante
867 1755 963 1815 mellis
975 1754 1111 1834 decoqui·

118 1849 167 1899 tur
182 1841 217 1899 ad
230 1841 341 1916 tussim,
357 1839 470 1916 lateris,
486 1844 615 1918 pectoris
630 1840 765 1915 dolores,
781 1837 952 1899 verbascum
966 1855 1030 1897 cum
1048 1849 1111 1900 rnta

81 1937 112 1978 cc
122 1939 161 1982 ex
174 1939 257 2002 aqna,
272 1924 443 1984 Vettonicae
458 1924 549 1983 farina
566 1923 672 1983 bibitur
684 1941 723 1984 ex
738 1939 812 2000 aqua
829 1921 930 1982 calida.

189 2007 217 2064 7.
239 2007 319 2085 (18.)
340 2006 522 2068 Stomachum
534 2006 709 2067 conroborat
718 2005 864 2066 scordotis
880 2020 976 2081 sucus,
993 2015 1108 2066 centan·
1118 2019 1156 2074 aa

122 2092 207 2164 rium,
234 2092 368 2167 gentiana
385 2107 509 2167 eraque
526 2101 630 2167 potae,
651 2089 788 2168 plantago
808 2096 857 2148 aot
880 2105 936 2165 per
949 2105 983 2148 se
1000 2090 1029 2148 in
1044 2090 1111 2149 cibo

1 2209 3 2268 p
120 2181 235 2250 sumpta
259 2182 307 2232 aut
327 2189 390 2232 cum
411 2172 489 2232 lente
508 2173 640 2232 alicaeve
658 2171 827 2232 sorbitione.
870 2171 1024 2232 Vettonica
1039 2172 1112 2232 alias

121 2257 222 2333 gravis
237 2255 386 2316 stomacho
402 2256 469 2316 vitia
487 2265 580 2316 tamen
595 2265 676 2316 sanat
692 2264 761 2334 pota
781 2254 829 2314 vel
845 2254 925 2314 loliis
939 2256 1110 2316 conmandu-

87 2348 204 2414 rscata,
220 2339 287 2398 item
303 2337 490 2399 aristolochia
506 2347 589 2416 pota,
614 2341 761 2415 agaricum
777 2337 975 2399 manducatum
989 2341 1110 2413 siccum,

121 2431 151 2483 nt
166 2439 205 2480 er
220 2421 373 2481 intervallo
390 2439 498 2480 merum
514 2421 681 2496 sorbeatur,
696 2422 856 2499 nymphaea
869 2420 1003 2482 Heraclia
1019 2423 1111 2497 inlita,

1 2555 2 2560 ,
120 2503 285 2582 peucedani
300 2521 395 2564 meos.
431 2502 560 2578 Psyllioo
581 2503 733 2564 ardoribus
749 2505 911 2583 inponitur,
935 2503 985 2562 vel
999 2504 1110 2576 cotyle-

119 2587 178 2648 don
197 2588 264 2646 trita
280 2604 343 2646 oum
358 2587 476 2663 polenta
489 2585 538 2646 vel
552 2589 672 2647 aizoum.

112 2719 115 2734 ,
183 2670 269 2746 (19.)
288 2668 387 2729 bloloa
406 2686 497 2747 scapo
518 2671 700 2745 calatriam,
726 2669 805 2730 loliis
824 2667 975 2743 mollibus,
1001 2667 1156 2744 paruisse

79 2753 218 2812 aoradice
236 2748 291 2810 llll
305 2751 457 2828 digitorum
478 2753 506 2810 in
521 2769 576 2830 qua
589 2762 719 2812 extrema
733 2752 772 2812 ali
791 2762 878 2829 eaput
896 2759 951 2811 est.
992 2757 1112 2809 vocator

116 2851 135 2894 s
150 2832 319 2912 quibusdam
334 2851 432 2908 syron.
474 2853 512 2894 ex
527 2835 594 2895 vino
609 2834 759 2896 stomacho
780 2844 810 2895 et
824 2835 993 2912 dyspnoeae
1013 2830 1110 2892 mede·

115 2927 181 2993 tar,
211 2919 386 2981 centaurium
401 2918 489 2978 maius
509 2917 679 2995 ecligmate,
704 2917 842 2996 plantago
868 2933 940 2976 suco
962 2910 1109 2990 veterno,

114 2999 294 3060 vettonicae
316 3009 417 3060 tonsae
441 3001 538 3078 pondo
558 3001 650 3076 libra,
677 3001 772 3060 mellis
799 2999 888 3058 attici
907 2997 1052 3058 semuncia
1073 3014 1112 3056 ex

114 3099 193 3160 aqua
215 3081 309 3143 calida
335 3082 441 3142 cotidie
469 3083 651 3158 bibentibus,
678 3081 864 3144 aristolochia
889 3080 939 3140 rel
965 3080 1111 3156 agaricum

75 3181 105 3222 sn
117 3164 219 3226 obolis
235 3166 329 3224 ternis
343 3183 380 3224 ex
394 3182 466 3244 aqua
483 3165 575 3226 calida
593 3175 642 3226 aut
662 3166 738 3224 lacte
755 3165 825 3225 asini
843 3170 951 3240 potum.
994 3161 1107 3224 cissan-
1119 3172 1155 3226 34

113 3248 232 3310 themos
248 3247 284 3308 ad
305 3246 500 3326 orthopnoeas
514 3246 629 3323 bibitur,
646 3249 713 3305 item
727 3246 870 3324 hysopum
884 3252 914 3304 et
927 3245 1112 3320 asthmaticis,

115 3331 283 3410 peucedani
304 3348 391 3390 sucos
417 3331 446 3388 in
465 3331 602 3390 iocineris
624 3328 775 3390 doloribus
794 3336 825 3386 et
848 3329 978 3406 pectoris
999 3328 1110 3387 lateris·

114 3433 195 3494 qne,
224 3415 250 3476 si
277 3412 379 3474 febres
402 3429 458 3472 noo
484 3414 548 3472 siut.
581 3411 748 3487 sangninem
770 3425 887 3487 quoqne
905 3409 1113 3486 exspuentibus
