2484 3817
134 113 193 174 122
469 122 499 171 c.
521 122 616 172 eurus
639 121 786 170 saeuum

26 285 34 294 ’
131 280 204 340 dum
223 293 433 355 trecanum,
462 277 534 338 alta
561 277 872 353 quinquagenum,
902 277 937 336 in
957 294 1023 354 qua
1044 278 1123 339 basi

129 362 307 441 quadrata
323 365 422 421 intus
437 357 687 437 labyrinthum
705 359 1030 436 inextricabilem,
1053 380 1121 438 quo

130 447 160 506 si
187 447 270 529 quis
295 447 492 506 introierit
511 446 591 504 sine
614 441 784 520 glomere
804 442 888 520 lini,
911 445 1049 504 exitum
1069 448 1122 504 in-·

4 576 9 599 .
86 531 454 608 obvenirenequeat.
490 525 654 606 supraid
678 527 896 605 quadratum
914 529 1122 605 pyramides

129 621 231 689 stant
254 615 434 693 quinque,
464 621 642 692 quattuor
669 612 704 670 in
723 609 866 688 angulis
889 619 926 672 et
947 602 982 670 in
1002 613 1143 672 medios

128 715 211 773 una,
244 700 337 757 imae
369 697 467 758 latae
496 696 626 775 pedum
662 696 808 772 quinum
837 704 1122 774 septuagenum,
1237 729 1238 778 p

128 781 227 841 altae
249 790 439 839 centenum
459 783 768 858 quinquagenum,
786 777 1056 856 italastigatae
1086 789 1122 839 ut

128 867 164 925 in
187 881 320 924 summo
337 863 442 923 orbis
465 880 602 922 aeneus
618 869 654 921 et
675 870 937 939 pe‘tasusunus
954 864 1122 923 omnibus

127 951 179 1008 sit
206 948 414 1027 inpositus,
441 963 485 1007 ex
509 961 577 1023 qno
605 945 796 1022 pendeant
816 954 953 1024 exapta
975 949 1122 1007 cetenis

129 1031 366 1092 tintinabula
399 1044 489 1107 quae
530 1037 643 1088 vento
670 1030 812 1105 agitata
837 1027 948 1106 longe
974 1033 1157 1090 sonitusro

84 1116 302 1182 torelerant
332 1111 559 1172 utDodonae
589 1112 671 1172 olim
696 1114 840 1172 lactum.
886 1131 997 1192 supra
1020 1132 1122 1191 quem
1177 1143 1180 1150 ⁴

128 1199 252 1260 orbem
293 1204 469 1273 quattuor
505 1195 717 1272 pyramides
758 1196 912 1275 insuper
954 1197 1121 1275 singulae

128 1288 228 1343 stant
249 1279 356 1338 altae
385 1277 515 1358 pedum
545 1286 745 1338 centenum.
791 1297 903 1358 supra
932 1292 1022 1359 quas
1054 1300 1121 1341 uno

127 1364 209 1427 solo
233 1365 393 1442 quinque
414 1361 647 1442 pyramides,
673 1380 791 1440 quarum
811 1363 990 1424 altitudinem
1013 1364 1121 1424 Varro-

127 1466 192 1509 nem
206 1448 306 1527 puduit
320 1448 454 1524 adicere,
474 1445 588 1507 fabulae
607 1444 749 1506 Etruscae
765 1446 879 1506 tradunt
894 1449 1013 1509 eandem
1027 1448 1120 1508 luisse
1133 1469 1157 1508 ιε

127 1533 315 1611 quamtotius
332 1535 432 1610 operis
448 1529 483 1591 ad
503 1549 562 1590 eas.
592 1547 717 1590 vaesana
733 1530 875 1590 dementia
892 1534 1041 1609 quaesisse
1056 1531 1120 1609 glo·

34 1681 46 1704 ο
127 1620 198 1676 riam
226 1601 363 1694 inpendio
391 1614 460 1675 nulli
486 1614 668 1692 profuturo„
692 1622 847 1692 praeterea
871 1615 1010 1693 fatigasse
1034 1619 1119 1692 regni

126 1703 214 1777 viris,
230 1709 260 1759 ut
274 1709 369 1759 tamen
386 1699 449 1760 laus
467 1699 559 1758 maior
578 1698 697 1758 artificis
713 1707 802 1759 esset.
905 1731 907 1744 ·

84 1794 120 1849 94
193 1785 276 1862 (20.)
299 1783 421 1860 Legitur
442 1790 473 1842 et
488 1781 612 1860 pensilis
628 1783 748 1860 hortus,
771 1784 855 1842 immo
875 1799 947 1842 vero
965 1791 1054 1842 totum
1069 1802 1121 1862 op·
1237 1783 1238 1798 ¹

126 1869 222 1948 pidum
238 1869 404 1945 Aegyptiae
420 1864 538 1926 Thebae
559 1867 709 1926 exereitus
729 1875 853 1927 armatos
874 1865 976 1926 subter
993 1867 1156 1928 educerem

127 1952 222 2013 solitis
237 1951 356 2027 regibus
378 1948 458 2009 nullo
480 1949 689 2028 oppidanorum
710 1951 874 2027 sentiente,
898 1951 1049 2010 etiamnum
1064 1951 1121 2012 hoc

125 2039 217 2095 minus
243 2037 344 2093 mirum
369 2051 452 2112 quam
475 2031 552 2110 quod
579 2030 697 2093 domine
721 2033 842 2096 medium
871 2033 1005 2111 oppidum
1031 2037 1120 2094 inter·

127 2118 243 2178 fluente.
269 2135 343 2195 quae
359 2119 386 2176 si
399 2116 533 2193 luissent,
552 2133 610 2176 non
625 2115 739 2176 dubium
753 2125 799 2176 est
814 2115 968 2177 Homerum
980 2118 1120 2178 dicturum

126 2203 235 2278 luisse,
254 2219 317 2260 cum
333 2208 447 2260 centnm
463 2208 562 2279 portas
579 2200 619 2259 ihi
638 2198 826 2278 praedicaret.

84 2298 118 2354 95
196 2288 242 2345 14.
266 2283 350 2362 (21.)
372 2283 499 2345 Graecae
521 2283 750 2360 magnificentiae
766 2302 836 2344 vera
853 2284 1001 2344 admiratio
1020 2293 1155 2346 exstataa

128 2369 264 2448 templum
291 2366 437 2445 Ephesiae
460 2368 569 2428 Dianae
593 2364 673 2426 CXX
691 2369 771 2428 annis
791 2369 896 2428 laetum
915 2386 931 2428 a
953 2377 1014 2428 tota
1036 2368 1118 2429 Asia.

127 2457 156 2514 in
171 2453 236 2512 solo
250 2451 278 2511 id
289 2451 408 2530 palustri
423 2453 534 2527 iecere,
551 2469 587 2510 ne
602 2459 699 2512 terrae
714 2460 807 2512 motus
822 2453 944 2512 sentiret
960 2461 1007 2510 aut
1022 2452 1120 2513 hiatus

127 2540 260 2612 timeret,
275 2554 373 2595 rursus
391 2553 428 2594 ne
442 2537 471 2594 in
485 2534 597 2599 lubrico
613 2543 701 2612 atque
716 2535 841 2596 instabili
858 2534 1039 2596 fundamenta
1058 2545 1119 2596 tarr·

125 2631 173 2682 tae
188 2619 272 2680 molis
287 2619 462 2695 locarentur,
476 2618 593 2681 calcatis
604 2637 639 2679 ea
651 2619 838 2679 substravere
850 2618 1035 2694 carbonibus,
1050 2619 1120 2679 dein

92 2771 95 2774 ,
126 2703 285 2765 velleribus
301 2703 394 2767 lanae.
425 2703 561 2761 universo
580 2702 688 2780 templo
703 2701 853 2778 longitudo
869 2712 915 2763 est
932 2700 1155 2762 ccccmo

126 2787 389 2868 pedum,datitudo
407 2783 555 2862 GGXXV,
576 2785 726 2846 columnae
750 2793 864 2846 centurn
883 2787 984 2864 viginti
1000 2795 1118 2863 septem

125 2890 143 2934 a
157 2871 278 2948 singulis
292 2870 411 2947 regibus
423 2868 517 2929 laetae
528 2868 578 2928 LX
590 2868 692 2947 pedum
708 2867 870 2947 altitudine,
889 2889 927 2930 ex
941 2871 976 2930 iis
989 2867 1119 2931 XXXVI
1237 2931 1238 2944 ἦ

78 2952 81 2957 ⁴
126 2955 271 3030 caelatae,
292 2971 347 3012 nna
363 2971 380 3012 a
394 2952 496 3031 Scopa
533 2954 617 3031 operi
636 2953 759 3029 praefuit
777 2949 975 3032 Chersiphron
991 2952 1118 3014 archite-
1165 2997 1175 3008 .-
1237 2953 1238 2966 ¹

83 3049 118 3104 96
129 3048 200 3099 ctus.
230 3054 336 3097 summa
351 3036 479 3096 miraculi
498 3036 633 3114 epistylia
648 3043 743 3096 tantae
755 3036 840 3098 molis
857 3037 950 3097 attolli
969 3039 1115 3115 potuisse.

125 3123 154 3183 id
169 3128 342 3181 consecutus
366 3129 411 3181 est
424 3119 476 3180 ille
493 3119 649 3180 aeronibus
667 3118 792 3180 harenae
808 3119 920 3198 plenis,
936 3120 1015 3180 molli
1032 3119 1155 3182 clivosa

126 3223 215 3282 super
234 3205 328 3281 capita
347 3203 540 3264 columnarum
560 3211 756 3280 exaggerato,
778 3202 922 3280 paullatim
943 3205 1116 3264 exinaniens

125 3288 198 3346 imos
217 3295 248 3346 ut
264 3289 371 3347 sensim
386 3303 458 3346 onus
472 3286 584 3355 inloco
601 3286 740 3351 sederet(
762 3285 929 3347 difficillime
950 3287 1005 3347 hoa
1021 3290 1118 3347 eonti-

126 3371 170 3447 git
190 3371 219 3428 in
241 3369 338 3430 limine
358 3371 424 3448 ipso
444 3369 520 3447 quod
538 3371 650 3430 foribus
674 3369 840 3450 inponebat.
878 3373 985 3432 etenim
1006 3388 1041 3431 ea
1056 3387 1118 3432 rna-
