2484 3817
314 221 394 268 nnn.
411 219 501 269 unsa.
518 208 905 302 xxx11.t-o.‚(at-31.)
1048 207 1109 272 aot

111 391 242 453 masque.
271 374 363 451 Rigor
378 377 502 434 cervicis
517 374 645 435 mollitur
658 369 773 435 morinis
788 377 837 452 qui
852 376 988 455 peduculi
1004 392 1110 460 rocon:
1146 412 1151 423 ·

111 468 158 519 tur
172 457 306 519 drachma
323 468 400 536 pota,
418 469 553 519 castoreo
569 467 642 536 poto
657 475 721 518 cunr
740 460 842 536 pipere
857 477 895 518 ex
914 459 1006 518 mulso
1022 461 1111 519 mixto

109 544 189 602 ranis
214 542 346 601 decoctis
361 559 399 602 cx
420 543 489 602 oleo
508 551 536 602 et
557 541 636 620 salo,
660 551 691 601 ut
714 541 866 600 sorbeatur
885 561 982 602 sucus.
1014 545 1064 602 Sic
1081 553 1112 602 et

111 625 300 703 opisthotono
311 625 461 685 medentur
473 635 501 686 ct
517 634 626 700 tetano,
639 625 777 703 spasticis
787 643 859 686 vero
869 626 972 705 pipere
983 625 1109 686 adiecto.
1198 694 1202 700 ,

87 709 242 784 nhnginas
267 725 412 768 menarum
434 709 573 768 salsarum
598 727 614 768 e
636 708 780 786 capitibus
807 711 879 768 cinis
902 727 941 770 ex
962 710 1049 770 melle
1067 713 1155 775 inoo

110 793 179 854 litus
200 791 315 869 abolet,
338 809 468 852 ranarum
490 793 674 852 decoctarum
692 800 778 851 aceto
798 809 903 867 sucus,
925 791 972 852 hic
992 802 1022 852 et
1043 811 1110 853 con·

109 885 153 936 tra
168 876 300 936 tonsillas
313 875 444 954 prodest.
468 878 564 936 cancri
576 875 732 936 llnviatiles
744 877 802 934 triti
814 876 920 953 singoli
930 878 959 936 iu
970 876 1110 935 heminam

110 977 204 1037 aquae
221 960 334 1035 anginis
350 959 500 1020 medentur
512 962 697 1037 garganicam,
714 967 761 1018 aut
777 977 794 1018 e
809 960 877 1018 vino
889 959 1023 1020 etoulidn
1037 977 1111 1037 aqua

111 1045 182 1122 poti.
212 1059 286 1102 uvae
303 1041 435 1102 medetur
452 1061 552 1120 garum
576 1042 761 1104 coclearibus
778 1042 931 1103 subditum.
954 1060 1058 1103 vocem
1074 1035 1131 1103 si·'

77 1145 102 1186 1o
113 1127 167 1187 luri
183 1136 319 1188 recentes
334 1126 442 1186 salsive
459 1130 487 1186 in
506 1125 572 1186 cibo
589 1128 692 1205 sumpti
708 1126 853 1186 adiuvant.

175 1211 260 1288 (29.)
276 1211 458 1270 vomitiones
471 1210 549 1270 mulli
567 1210 720 1270 inveterati
734 1210 849 1288 tritique
862 1212 892 1270 iu
903 1212 1022 1288 potione
1039 1227 1107 1269 cou-
1118 1221 1151 1275 91

112 1297 209 1354 citant.
232 1293 406 1371 Suspiriosis
419 1303 553 1354 castorea
565 1312 630 1354 cum
641 1293 836 1354 Hammoniaci
851 1296 958 1371 exigua
976 1296 1110 1373 portione

112 1394 151 1437 ex
167 1386 250 1438 aceto
268 1377 361 1438 mulso
376 1379 478 1438 iciunis
490 1378 641 1438 utilissima
657 1386 739 1456 potu.
761 1376 863 1438 eadem
881 1381 962 1456 potio
976 1395 1110 1456 spasmos

114 1460 251 1522 stomachi
263 1461 346 1521 sedat
359 1479 395 1522 ex
407 1471 491 1522 soem
503 1459 595 1522 mulso'
615 1462 710 1522 caldo.
731 1461 844 1521 Tussim
856 1480 958 1521 sanare
976 1462 1108 1522 dicuntur
1119 1469 1155 1526 92

78 1563 105 1604 nn
115 1547 233 1623 piscium
254 1545 340 1605 modo
364 1546 463 1605 eiuro
486 1545 630 1606 decoctae
652 1549 681 1604 in
702 1546 806 1625 patinis
826 1562 923 1604 ranae.
951 1563 1110 1623 suspensae

112 1638 204 1690 autem
227 1628 366 1706 pedibus,
393 1647 456 1688 cum
482 1629 675 1688 destillaverit
697 1630 726 1685 in
747 1629 858 1704 patinas
887 1626 978 1686 saliva
1003 1647 1110 1704 earum,

112 1714 266 1772 exinterari
291 1711 424 1771 iubentur
447 1711 629 1788 abiectisque
644 1712 800 1769 interaneis
817 1709 938 1768 condiri.
970 1709 1023 1769 Est
1040 1730 1110 1772 rana

111 1813 201 1875 parva
217 1794 351 1854 arborem
370 1793 512 1853 scandens
528 1803 613 1872 atque
631 1811 669 1850 ex
685 1810 719 1852 ea
733 1791 914 1868 vociferans,
935 1795 964 1851 in
978 1792 1059 1853 huius
1077 1814 1111 1856 os

112 1879 222 1956 siquis
246 1885 369 1954 exspuat
394 1878 544 1954 ipsamque
566 1876 710 1951 demittat,
739 1876 810 1935 tussi
832 1875 950 1935 liberari
970 1887 1109 1937 narratur.

76 1977 103 2018 zo
114 1963 297 2043 praecipiunt
313 1969 343 2019 et
358 1958 481 2020 cocleae
497 1959 603 2020 crudae
621 1977 736 2019 carnem
756 1961 850 2020 tritam
864 1959 968 2020 bibere
982 1979 1020 2020 ex
1036 1979 1111 2040 aqua

113 2043 196 2108 calda
212 2045 239 2102 in
254 2042 327 2103 tussi
344 2051 472 2102 cruenta.

175 2129 205 2190 9.
229 2127 313 2204 (30.)
336 2126 476 2186 Iocineris
492 2126 643 2188 doloribus
659 2129 777 2207 scorpio
792 2129 916 2187 marinus
932 2131 960 2187 in
975 2130 1043 2189 virro
1058 2149 1106 2190 ne·
1118 2140 1154 2195 93

114 2223 195 2274 catur
211 2220 239 2271 ut
253 2211 321 2271 inde
333 2210 457 2286 bibatur,
475 2212 604 2272 conchae
621 2212 729 2289 longae
745 2229 848 2272 carnes
863 2229 901 2272 ex
915 2213 1007 2272 mulso
1024 2223 1111 2292 potae

114 2315 177 2357 cum
195 2313 288 2374 aquae
303 2294 466 2374 parimodo
482 2303 540 2371 aut,
557 2297 580 2354 si
595 2294 696 2354 febres
710 2297 775 2372 siut,
792 2313 830 2355 ex
844 2313 918 2373 aqna
934 2297 1035 2357 mulsa.
1058 2297 1111 2358 Lo·

77 2385 185 2441 asteris
205 2379 324 2439 dolores
348 2380 457 2440 leniunt
477 2378 661 2457 hippocampi
683 2381 752 2438 tosti
774 2381 878 2458 sumpti
900 2381 1057 2459 tetheaque
1072 2384 1110 2440 si-

112 2463 187 2523 milis
207 2471 305 2522 ostreo
328 2464 356 2521 in
374 2462 440 2522 cibo
457 2471 586 2540 sumpta,
610 2462 831 2523 ischiadicorum
849 2465 938 2522 muria
953 2464 1034 2524 siluri
1050 2465 1110 2538 cly-

114 2556 194 2606 stere
208 2547 310 2605 inlusa.
333 2546 434 2606 dantur
446 2555 539 2606 autem
552 2545 684 2606 conchae
694 2548 784 2607 ternis
796 2547 891 2608 obolis
905 2547 1000 2606 dilutis
1011 2549 1041 2607 in
1053 2548 1110 2606 vini

115 2630 249 2689 sextariis
267 2629 379 2689 duobus
395 2647 448 2709 per
463 2629 525 2689 dies
541 2630 713 2708 quindecim.

179 2711 264 2790 (31.)
284 2711 390 2772 Alvom
407 2713 516 2773 emollit
530 2713 637 2772 silurus
652 2731 670 2772 e
683 2715 746 2773 iore
760 2723 789 2774 et
801 2713 925 2791 torpedo
939 2714 969 2771 in
981 2713 1057 2774 cibo.
1080 2723 1153 2779 etos

80 2813 106 2856 co
118 2795 183 2855 olus
199 2795 334 2855 marinum
353 2796 445 2856 simile
461 2797 564 2872 sativo,
582 2796 731 2856 stomacho
747 2797 898 2873 inimicum,
915 2796 1010 2856 alvom
1027 2797 1108 2856 iacil-

115 2881 182 2940 lime
204 2887 325 2956 purgat,
349 2879 400 2938 sed
422 2889 542 2958 propter
557 2881 742 2940 acrimoniam
761 2898 825 2938 cum
839 2880 937 2957 pingui
955 2897 1041 2940 carne
1057 2898 1108 2940 cc·

115 2963 224 3042 quitur,
244 2970 274 3021 et
291 2964 414 3022 omnium
434 2965 554 3042 piscium
576 2964 631 3023 ins.
653 2963 729 3022 idem
750 2973 779 3023 et
798 2966 895 3022 urinas
910 2965 984 3035 ciet,
1009 2965 1107 3024 ovino

114 3063 256 3106 maxume.
280 3055 425 3125 optumum
438 3064 454 3105 e
466 3047 670 3123 scorpionibus
685 3056 715 3106 et
725 3047 813 3106 iulide
827 3055 856 3105 ct
870 3046 1038 3107 saxatilibus
1053 3065 1108 3106 nec

114 3131 193 3188 virus
208 3130 412 3208 resipientibus
434 3145 489 3188 nec
510 3129 673 3206 pinguibus.
702 3133 787 3207 coqui
803 3129 909 3189 debent
931 3148 994 3190 cum
1010 3139 1106 3206 aneto,

80 3214 200 3291 osopio,
218 3214 387 3288 coriandro,
405 3229 504 3292 porro,
523 3212 625 3273 additis
639 3213 717 3289 oleo,
732 3213 803 3272 sale.
832 3223 956 3292 purgant
975 3223 1005 3273 et
1020 3213 1104 3288 cybia
1115 3224 1149 3279 95

113 3305 214 3356 vetera
230 3299 418 3374 privatimque
437 3295 607 3372 cruditates,
636 3298 753 3374 pituitas
775 3295 864 3355 bilem
884 3297 1006 3356 trahunt.
1040 3315 1105 3376 pur·

114 3388 184 3456 gant
209 3387 239 3439 et
264 3397 381 3455 myaces
408 3395 527 3459 quorum
550 3389 651 3439 natura
672 3388 732 3438 tota
759 3379 788 3437 in
811 3379 868 3439 hoc
894 3380 962 3439 loco
983 3380 1104 3439 dicetur.

115 3471 285 3524 acervantur
305 3466 442 3525 muricum
466 3462 552 3523 modo
574 3463 730 3541 vivuntque
754 3463 783 3521 in
804 3462 931 3540 algosis,
951 3463 1106 3540 gratissimi
