2484 3817
161 161 200 221 42
502 168 532 219 o.
549 168 644 217 111111
659 168 805 217 sncnnnr

120 338 154 393 46
165 328 314 407 principis.
341 324 511 384 mirabamur
525 326 554 383 in
572 322 687 383 cilicina
702 334 759 397 non
775 321 860 381 modo
875 340 913 381 ex
932 321 1033 399 argilla
1050 323 1152 381 simili-

164 410 289 469 tudinem
299 410 453 485 insignem,
465 424 564 467 verum
576 414 607 466 et
620 406 656 465 de
668 407 764 483 parvis
775 404 922 464 admodum
937 404 1059 465 surculis
1071 406 1152 482 quod

163 495 282 571 primum
301 493 401 569 operis
421 492 569 550 instaurati
590 490 651 548 init.
685 506 720 548 ea
742 497 835 547 statua
854 488 989 552 indicavit
1009 490 1150 553 interisse

163 574 298 636 tundendi
316 576 392 635 aeris
406 574 569 649 scientiam,
590 590 653 631 cum
676 581 707 632 et
720 570 800 631 Nero
815 570 915 648 largiri
932 589 1028 630 aurum
1044 590 1151 648 argen-

164 670 277 736 tumque
294 666 409 737 paratus
426 665 507 717 esset
520 665 551 716 et
564 654 735 715 Zenodorus
751 656 872 714 scientia
893 654 1018 731 lingendi
1036 654 1172 715 caelen-s

121 754 153 809 47
165 743 252 820 dique
264 741 332 801 nulli
346 749 475 800 veterum
487 746 723 817 postponeretur.
745 745 866 797 statuam
877 737 1074 797 Arvernorum
1086 757 1152 798 oum

162 828 273 885 iaceret
287 825 455 903 provinciae
470 822 565 882 Dubio
581 821 670 880 Avito
687 820 883 898 praesidente,
898 820 956 880 duo
975 820 1077 899 pocula
1096 820 1152 881 Ca·

163 908 272 969 lamidis
288 926 369 967 manu
385 906 505 981 caelata,
516 922 589 983 quae
603 901 706 963 Cassio
717 902 821 964 Salano
837 904 978 964 avonculo
990 887 1053 964 eins
1065 922 1149 982 prae·

162 992 274 1071 ceptori
291 1007 343 1049 sno
357 988 539 1049 Germanicus
553 986 662 1047 Caesar
672 986 799 1049 adamata
809 987 978 1064 donaverat,
990 987 1150 1049 aemulatus

163 1073 363 1135 estutvixulla
374 1071 536 1131 differentia
548 1079 629 1129 esset
641 1072 719 1129 artis.
741 1080 846 1147 quanto
854 1072 944 1130 maior
955 1074 984 1131 in
991 1069 1149 1133 Zenodoro
1159 1092 1183 1131 m

162 1158 337 1299 praegtagtia
349 1156 412 1252 luit,
429 1161 507 1212 tanto
522 1154 855 1296 magdstePrddiendiltur'
869 1156 943 1252 aeris
957 1154 1148 1296 oltrlitteratio.

120 1253 155 1306 48
249 1286 254 1296 .
301 1256 375 1297 rnrs
417 1254 469 1295 uae
492 1252 584 1295 vocan
638 1254 702 1295 orrn
745 1255 761 1296 a
813 1256 855 1297 ert
878 1256 914 1297 ue
933 1256 963 1297 m
993 1256 1088 1297 anum
1103 1257 1150 1299 ca·

163 1325 280 1402 piuntnr
307 1256 337 1379 dt
369 1254 466 1380 seham
495 1320 712 1395 circumierant,
743 1256 817 1380 steht
845 1255 1017 1380 ldortensius
1048 1331 1149 1382 orator

163 1404 312 1483 sphingem
328 1403 414 1464 Verri
439 1420 492 1463 reo
507 1402 645 1477 ablatam,
670 1411 792 1481 propter
812 1422 895 1481 qnam
909 1403 1014 1465 Cicero
1035 1405 1087 1464 illc
1105 1408 1150 1463 in-

162 1489 238 1547 dicio
252 1489 281 1547 in
297 1488 485 1548 altercatione
503 1488 620 1563 neganti
637 1488 665 1545 ei
680 1488 839 1563 aenigmata
856 1507 890 1547 se
911 1488 1086 1565 intellegere
1101 1508 1182 1550 re-1s

163 1570 279 1650 spondit
299 1571 425 1647 debere,
445 1572 578 1649 quoniam
601 1570 752 1648 sphingem
773 1569 848 1629 domi
869 1570 998 1631 haberet.
1029 1574 1148 1632 circum-

53 1705 55 1715 ,
129 1678 152 1712 aa
165 1656 228 1715 tulit
245 1664 275 1714 et
291 1654 370 1715 Nero
382 1656 518 1733 princeps
528 1655 720 1729 Amazonem,
736 1654 771 1713 de
786 1672 842 1731 qua
858 1653 1000 1730 dicemus,
1019 1664 1048 1715 et
1060 1655 1147 1734 panlo

162 1748 227 1799 anta
249 1737 280 1798 0.
297 1736 412 1798 Cestius
434 1738 593 1797 consularis
615 1738 767 1816 [signnm,l
792 1755 874 1816 quam
896 1756 993 1798 secum
1012 1740 1097 1799 etiam
1117 1742 1149 1800 in

162 1822 278 1902 proelio
293 1822 398 1882 hahuit.
435 1820 594 1880 Alexandri
618 1839 733 1899 qnoque
750 1820 846 1898 hlagni
864 1821 1077 1882 tabernaculum
1100 1841 1148 1883 su·
1182 1834 1187 1841 “

163 1910 271 1967 stinere
284 1905 431 1965 traduntur
446 1903 550 1964 solitae
566 1912 690 1979 statuae,
707 1923 744 1963 ex
759 1906 862 1983 quihus
878 1906 950 1965 dnae
965 1914 1031 1966 ante
1045 1905 1146 1967 llartis
1157 1917 1182 1957 ²⁰

162 1990 273 2050 Ultoris
290 1987 514 2051 aedemdioatae
529 1996 609 2063 sunt,
624 1988 745 2048 totidem
764 1997 830 2049 ante
848 1991 966 2064 regiam.
1041 2016 1046 2043 t

119 2086 153 2141 49
225 2072 305 2152 (19.)
331 2064 503 2131 llinoribus‘
518 2070 676 2131 simulacris
703 2074 852 2149 signisque
877 2075 1024 2132 innumera
1051 2090 1145 2149 prope

162 2157 299 2219 artificum
312 2154 462 2215 multitudo
478 2154 627 2214 nobilitata
644 2163 707 2230 est,
728 2162 795 2215 ante
815 2158 906 2215 omnis
922 2165 1017 2217 tamen
1030 2155 1142 2215 Phidias

161 2239 349 2299 Atheniensis
369 2232 589 2316 love'Olympio
611 2238 688 2297 iacto
707 2256 746 2297 ex
766 2238 858 2298 ebore
878 2238 991 2316 quidem
1012 2248 1042 2299 et
1060 2256 1143 2315 auro,

161 2322 213 2383 sed
225 2329 304 2381 etex
318 2339 387 2380 aere
398 2322 480 2397 signa
489 2323 569 2383 iecit.
586 2320 683 2381 dornit
694 2330 789 2381 autem
801 2321 963 2400 olympiade
975 2320 1183 2398 Lxxxt11.,2s

160 2406 277 2466 circiter
289 2400 370 2463 CCC.
383 2412 500 2463 nostrae
517 2404 596 2463 urhis
605 2422 691 2479 anno,
707 2422 764 2483 qno
778 2405 882 2466 eodem
895 2414 1030 2485 tempore¹
1041 2406 1146 2466 aemuli

160 2492 223 2551 eius
243 2490 325 2547 luere
340 2487 529 2562 Alcamenes,
544 2485 667 2563 Critias,
681 2487 840 2566 Nesiotes,
856 2488 979 2567 llegias,
996 2499 1026 2550 et
1041 2490 1146 2549 deinde

116 2579 121 2592 “
162 2570 323 2649 olympiade
335 2568 506 2629 LXXXVII.
518 2568 692 2648 llagelades,
708 2569 820 2649 Callon,
832 2571 954 2649 Gorgias
965 2572 1071 2649 Lacon,
1084 2592 1147 2632 rur·

163 2676 211 2715 sus
222 2652 364 2713 LXXXX.
380 2652 549 2728 Polyclitus,
564 2654 736 2730 Phradmon,
747 2654 861 2732 lllyron,
873 2654 1063 2733 Pythagoras,
1074 2656 1147 2715 Sco-

119 2752 230 2817 50pas,
251 2737 393 2798 Perellns.
432 2754 470 2797 ex
484 2736 528 2795 his
547 2736 707 2814 Polyclitus
728 2738 884 2817 discipulos
905 2739 1002 2799 habuit
1024 2740 1181 2816 Argiumao

160 2820 376 2899 Asopodornm,
384 2819 677 2896 Alexim,Aristiden,
688 2819 880 2897 Phrynonem,
892 2821 1046 2895 Dinonem‚
1055 2821 1147 2885 Athe-

160 2904 314 2979 nodorum,
344 2903 471 2963 Demean
493 2901 660 2978 Clitorium,
686 2902 790 2978 llyron
809 2904 934 2982 Lyciam.
976 2903 1146 2970 LXXXXV.

161 2986 322 3066 olympiade
343 2986 469 3047 doruere
489 2986 662 3061 Naucydes,
688 2986 881 3066 Dinomenes,
908 2987 1071 3063 Canachus,
1093 2987 1146 3047 Pa-

161 3071 287 3145 troclns,
309 3068 370 3129 011.
387 3068 539 3146 Polycles,
560 3067 795 3149 Cephisodotus,
813 3071 995 3149 Leochares,
1016 3071 1146 3149 llypato-

160 3155 264 3228 dorus,
284 3149 372 3211 Cllll.
389 3152 569 3229 Praxiteles,
588 3150 777 3232 Euphranor,
797 3153 885 3215 CVll.
901 3156 1026 3231 Aetion,
1042 3153 1182 3215 Phari-as

117 3250 150 3301 51
162 3235 285 3295 machus.
300 3233 403 3295 CXlll.
415 3234 557 3314 Lysippus
568 3236 633 3312 luit,
644 3254 707 3295 cum
718 3238 920 3298 etAlexander
930 3238 1061 3315 llagnns,
1073 3241 1144 3298 item

159 3316 335 3393 Lysistratus
346 3320 438 3377 irater
449 3319 523 3393 eius,
544 3317 672 3391 Sthenis,
686 3319 834 3397 Laphron,
849 3320 968 3399 Euclea,
980 3322 1144 3397 Sostratus,

159 3398 223 3475 lon,
241 3398 368 3459 silanion
383 3432 425 3444 -
438 3401 467 3458 in
485 3400 541 3459 hoo
558 3402 689 3462 mirabile
703 3396 783 3488 cuod
799 3403 878 3464 nullo
894 3404 1017 3465 doctore
1035 3403 1145 3465 nobilis
