2484 3817
167 140 208 203 to
510 148 814 197 c.rnmrsncunn1

168 307 244 382 roni,
260 302 450 382 Pythagorae.
478 284 593 365 landa'nt
611 305 674 363 eius
687 301 815 363 Larisam
830 311 859 362 et
877 301 1059 380 spintharum
1075 312 1162 381 pent-

169 389 276 448 athlum
297 397 328 448 et
342 388 517 467 Apollinem.
546 387 594 447 alii
619 404 677 446 non
692 385 764 449 hano
778 386 969 463 ignobilitatis
984 386 1075 445 luisse
1092 405 1161 452 oan-

168 490 243 547 sam,
270 471 323 532 sed
353 471 430 549 quod
463 490 496 531 se
525 488 626 548 regum
658 467 765 529 Xerxis
794 476 880 546 atque
909 468 996 530 Darei
1018 466 1160 529 'cilicinis

125 566 160 623 69
170 555 327 631 dediderit,
343 554 515 616 existimant.
549 554 613 633 [10]
629 553 791 613 Praxiteles
806 570 922 631 qnoque
937 570 1079 625 mamone
1094 554 1160 613 leli·

169 642 248 714 eior,
275 639 342 698 ideo
364 647 395 699 et
417 638 524 700 clarior
539 639 602 698 init.
641 638 711 696 lecit
726 645 819 696 tamen
836 644 868 695 et
886 655 924 695 err
939 654 1008 696 aere
1025 635 1181 713 pulcher-5

167 724 238 783 rima
250 739 355 801 opera:
371 721 565 800 Proserpinae
574 729 699 798 raptum,
715 722 784 779 item
796 728 970 797 catagusam,
982 728 1012 779 et
1022 718 1160 780 Liberum

167 814 296 885 patrem,
320 806 492 867 ebrietatem
513 803 699 881 nobilemque
723 822 776 862 nna
795 802 927 878 Satyrum
945 821 1031 881 quem
1054 801 1160 864 Graeci

167 890 343 969 periboeton
354 890 567 965 cognominant,
580 894 611 947 et
622 888 705 964 signa
715 905 789 964 quae
803 895 869 947 ante
881 885 1040 946 Felicitatis
1056 887 1160 947 aedem

168 974 271 1045 luere,
293 972 497 1049 Veneremque
521 988 594 1049 qnae
617 972 681 1048 ipsa
704 970 786 1030 aedis
806 969 939 1055 incepdio
960 978 1086 1031 cremata
1112 981 1159 1031 est

67 1073 70 1082 ¹
169 1054 267 1116 Claudi
290 1056 466 1133 principatu,
487 1070 665 1113 marmoreae
685 1053 726 1113 illi
748 1071 818 1113 snae
839 1070 893 1131 per
917 1062 1010 1114 terras
1031 1054 1157 1115 inclutae
1169 1076 1193 1115 ro

126 1149 161 1204 70
171 1155 286 1218 parem,
306 1139 375 1196 item
390 1135 611 1214 stephannsam,
632 1137 848 1216 pseliumenen,
863 1137 1071 1215 canephoram,
1086 1136 1158 1197 llar-

168 1220 290 1281 modium
313 1228 344 1279 et
358 1220 591 1296 Aristogitonem
610 1221 818 1296 tyrannicidas,
841 1238 914 1299 quos
937 1219 1071 1281 aXerxe
1087 1220 1158 1281 Per·

169 1321 261 1363 sarum
284 1321 355 1379 rege
377 1311 477 1380 captos
496 1305 572 1363 victa
587 1302 708 1363 Perside
724 1303 953 1364 Atheniensibus
971 1306 1082 1364 remisit
1098 1304 1159 1364 hla-

167 1406 241 1465 gnns
262 1386 438 1465 Alexander.
485 1387 555 1447 lecit
578 1396 608 1447 et
628 1387 768 1466 puberem
792 1387 959 1465 Apollinem
986 1389 1156 1466 subrepenti

168 1471 294 1531 lacertae
309 1472 465 1531 comminus
481 1472 585 1549 sagitta
600 1470 782 1530 insidiantem
797 1468 881 1547 quem
897 1479 1093 1540 sauroctonon
1107 1490 1158 1530 ro·
1169 1496 1193 1534 15

167 1562 240 1615 cant.
276 1564 443 1634 spectantur
463 1563 494 1615 et
508 1554 563 1613 duo
586 1555 667 1631 signa
683 1555 747 1614 eius
764 1554 898 1614 diversos
916 1554 1046 1615 adlectus
1062 1558 1159 1634 expri-

166 1639 289 1714 mentia,
321 1638 416 1699 llentis
447 1647 594 1697 matronae
623 1646 655 1698 et
682 1639 847 1710 meretricis
874 1638 1037 1715 gaudentis.
1086 1639 1159 1699 hane

167 1730 267 1800 putant
285 1721 419 1798 Phrynen
437 1722 528 1781 luisse
549 1721 825 1800 deprehenduntque
849 1723 878 1781 in
901 1739 935 1781 ea
951 1740 1077 1782 amorem
1091 1726 1161 1781 arti·

126 1816 159 1870 71
171 1807 233 1865 licis
249 1815 279 1866 et
287 1806 449 1865 mercedem
463 1806 493 1864 in
504 1804 585 1864 voltu
599 1807 772 1867 meretricis.
802 1806 865 1884 [111
879 1805 967 1865 habet
978 1806 1158 1865 simulacrum

169 1898 199 1950 at
214 1890 376 1966 benignitas
394 1890 474 1965 eius,
497 1886 649 1947 Calamidis
666 1890 741 1949 enim
756 1888 913 1965 quadrigae
933 1890 1061 1965 aurigam
1076 1900 1157 1948 suurn
1168 1910 1192 1948 ro

168 1974 311 2052 inposuit,
332 1990 370 2031 ne
385 1972 490 2033 melior
506 1973 534 2030 in
552 1989 690 2049 equorum
706 1973 804 2048 elligie
826 1973 972 2032 deiecisse
995 1974 1024 2031 in
1042 1973 1156 2032 homine

168 2056 345 2115 crederetur.
381 2057 444 2133 ipse
461 2053 583 2115 Calamis
611 2062 641 2113 et
662 2054 732 2113 alias
755 2056 908 2133 quadrigas
925 2056 1067 2133 bigasque
1085 2057 1157 2115 lecit

169 2138 607 2299 ttttttffltttrlttll?
628 2155 789 2282 blatta
809 2139 1155 2282 „ttlnsbtltll

126 2305 238 2384 72112}
265 2305 436 2365 Alcamenes
463 2304 581 2364 Phidiae
606 2304 763 2383 discipulus
789 2313 820 2365 et
844 2322 1005 2365 marmorea
1029 2306 1100 2365 lecit
1127 2315 1192 2369 etet

131 2392 138 2409 ⁸
168 2406 283 2449 aereum
302 2388 476 2466 pentathlum
494 2388 542 2465 qui
567 2396 687 2447 vocatur
707 2391 943 2462 enerinomenos,
971 2397 1000 2447 at
1021 2389 1156 2466 Polycliti

139 2494 144 2507 ·
168 2472 323 2549 discipulus
335 2472 479 2531 Aristides
496 2471 649 2549 quadrigas
661 2471 811 2550 bigasque.
835 2470 1030 2549 Amphiaratis
1041 2472 1157 2533 Leaena

168 2555 297 2615 landatur
316 2563 449 2615 scortum.
481 2554 554 2613 baec
568 2554 650 2630 lyrae
670 2563 753 2615 cantu
772 2555 918 2614 familiaris
948 2554 1103 2616 Harmodio
1127 2566 1157 2617 et

168 2639 362 2715 Aristogitoni
377 2637 497 2697 consilia
513 2655 613 2697 eorum
628 2637 664 2697 de
676 2638 864 2713 tyrannicidio
880 2657 971 2717 nsque
987 2640 1016 2698 in
1033 2648 1156 2700 mortem

170 2724 360 2781 excruciatae
373 2722 500 2796 tyrannis
517 2738 575 2780 non
592 2720 729 2798 prodidit,
747 2722 931 2797 quamobrem
946 2720 1156 2799 Athenienses,
1166 2744 1191 2784 ao

169 2814 199 2865 et
211 2804 349 2865 honorem
361 2805 469 2865 habere
482 2806 509 2863 ei
521 2803 656 2864 volentes
669 2821 724 2863 nec
734 2810 827 2863 tamen
838 2814 965 2864 scortum
974 2806 1156 2883 celebrasse,

168 2888 270 2949 animal
291 2890 412 2948 nominis
434 2890 495 2947 eius
521 2889 620 2947 iecere
643 2894 746 2963 atque,
773 2896 804 2946 ut
824 2887 1046 2965 intellegeretur
1068 2909 1155 2949 cansa

126 2971 307 3047 tenereris,
329 2973 358 3029 in
376 2989 466 3049 opere
482 2971 605 3046 lingnam
629 2968 692 3027 addi
708 2968 743 3028 ab
763 2971 872 3029 artifice
890 2980 1052 3031 vetuerunt.
1090 2974 1156 3051 [l'dl

168 3047 289 3131 Bryaxis
307 3053 510 3132 Aesculapium
529 3062 559 3113 et
574 3052 725 3111 Seleucum
741 3053 828 3129 lecit,
841 3052 953 3113 Boedas
976 3054 1156 3132 adorantem,

167 3137 259 3197 Raton
273 3136 439 3214 Apollinem
461 3146 490 3196 et
504 3136 642 3196 lunonem
657 3137 703 3212 qui
721 3146 786 3195 snnt
798 3136 908 3196 Rornae
928 3138 958 3196 in
975 3136 1192 3200 Concordiaeas

126 3230 160 3283 74
172 3219 287 3298 templo.
317 3219 523 3299 {1410resttas
541 3218 916 3279 volneratumdeficientem
935 3222 963 3279 in
982 3239 1039 3297 qno
1062 3225 1158 3299 possit

168 3303 299 3379 intellegi
321 3312 454 3381 quantum
477 3310 569 3362 restet
594 3304 703 3362 animae
728 3312 758 3362 et
779 3302 938 3380 Olympium
959 3302 1093 3365 Periclen
1115 3305 1158 3366 di·

168 3402 253 3461 gnum
264 3388 447 3463 cognomine,
461 3387 618 3461 mirumque
631 3387 660 3444 in
670 3385 723 3445 hac
735 3394 797 3445 arte
810 3393 856 3444 est
869 3386 945 3462 quod
958 3387 1063 3447 nobilis
1075 3390 1158 3448 viros
