2484 3817
90 216 95 228 ,
190 147 231 210 92
281 219 288 236 ,
535 159 565 206 c.
580 159 675 206 nuru
690 157 840 206 succum

191 313 343 392 losophum
356 315 503 374 mitterent
523 313 559 372 ad
573 311 746 373 erudiendos
759 310 888 388 liberos,
908 313 977 371 item
990 312 1157 389 pictorem
1172 313 1204 372 ad

191 396 361 474 triumphum
376 397 583 474 excolendum,
600 396 796 456 Athenienses
815 393 1013 455 Metrodorum
1029 394 1204 471 elegerunt

190 481 318 558 professi
334 481 455 540 eundem
466 482 496 539 in
507 488 632 558 utroque
644 477 791 538 desiderio
806 479 1105 556 praestantissimum,
1122 478 1201 555 qnod

150 574 202 628 136
211 565 251 622 ita
268 562 371 623 Paulus
393 581 510 642 quoqne
534 564 679 624 iudicavit.
708 559 906 621 Timomachus
931 560 1094 637 Byzantius
1127 561 1219 644 Cae-¹

120 682 123 690 ι
191 649 264 705 saris
285 647 435 713 dictatoris
456 655 553 707 aetate
574 647 694 705 Aiacem
721 653 751 704 et
775 643 898 704 lllediam
920 645 1015 723 pinxit
1041 645 1081 703 ab
1108 663 1152 704 eo
1174 648 1219 714 ins

192 729 318 790 Veneris
341 728 504 790 Genetricis
525 730 598 790 aede
618 730 747 805 positas,
774 730 921 804 octoginta
944 727 1064 786 talentis
1082 747 1198 788 venun·
1218 745 1219 800 t

191 813 280 872 datas.
313 813 451 873 talentum
470 813 598 873 Atticum
613 811 697 878 xii
714 819 791 870 taxat
812 809 851 870 Μ.
866 810 969 871 Varro.
1011 809 1219 874 Timomachi}

191 914 286 974 aeque
304 896 453 956 laudantur
474 895 613 970 Orestes,
637 893 818 973 Iphigenia'
810 913 839 953 ιιι
859 892 960 954 Tauris
979 902 1010 953 et
1024 893 1195 970 Lecythion
1218 913 1219 974 ι

192 979 331 1055 agilitatis
342 982 520 1038 exercitator
521 980 678 1054 ,cognatio
690 978 839 1053 nobilium,
849 967 958 1055 palliati
970 995 1045 1076 qnos
1059 977 1193 1037 dicturos
1218 979 1219 1060 i

192 1064 300 1140 pinxit,
316 1062 437 1121 alterum
449 1068 582 1136 stantem,
594 1061 716 1121 alterum
731 1061 890 1120 sedentem
916 1063 1080 1138 praecipue
1098 1067 1219 1120 tamems}

150 1155 199 1210 137
213 1163 259 1202 ars
272 1164 299 1204 ei
292 1144 445 1206 ''larisse
437 1161 467 1203 m
477 1141 615 1220 Gorgone
629 1145 691 1202 visa
706 1151 761 1203 est.
794 1143 858 1223 {311
874 1143 995 1202 Pausiae
1007 1144 1088 1202 filius
1106 1153 1142 1204 et
1155 1145 1191 1202 di-

192 1227 320 1303 scipulus
335 1225 500 1285 Aristolaus
519 1244 537 1286 c
556 1228 750 1286 severissimis
766 1226 925 1304 pictoribus
942 1227 1006 1304 luit,
1023 1229 1110 1286 cuins
1129 1236 1190 1286 sunt

192 1307 420 1385 Epaminondas,
437 1308 567 1368 Pericles
575 1307 1006 1386 ,ll,edia,Virtus,Theseus
1022 1311 1126 1387 imago
1144 1313 1188 1369 At-

193 1393 268 1451 ticae
282 1392 395 1470 plebis,
416 1393 522 1452 horom
543 1393 702 1452 inmolatio.
745 1390 816 1450 Sunt
835 1393 937 1470 quibus
952 1401 983 1452 et
997 1392 1188 1470 Nicophanes

193 1476 321 1536 eiusdem
328 1474 449 1537 Pausiae
458 1475 615 1554 discipulus
626 1474 742 1575 placeat
756 1475 906 1552 diligentia
918 1494 1000 1552 quam
1011 1477 1206 1560 intellegenti

80 1633 84 1639 .
194 1558 249 1618 soli
267 1561 411 1637 artifices,
433 1559 504 1619 alias
521 1559 632 1619 durus
624 1577 653 1618 m
667 1558 815 1619 coloribus
838 1567 867 1618 et
884 1559 939 1620 sile
953 1559 1117 1617 multus-
1072 1579 1188 1618 -nam

193 1642 355 1704 Socrates
346 1663 409 1704 iure
422 1642 553 1702 omnibus
565 1643 719 1721 placet-
721 1641 824 1702 ‚tales
837 1651 902 1700 snut
917 1645 979 1701 eins
995 1660 1060 1701 cum
1078 1637 1187 1702 Aes'cu·

194 1725 272 1804 lapio
292 1727 369 1787 liliae
389 1725 499 1803 llygia,
523 1725 638 1803 Aegle,
655 1726 802 1802 Panacea,
824 1724 889 1784 laso
912 1734 942 1784 et
961 1727 1047 1802 piger
1070 1730 1121 1802 qni
1144 1743 1187 1802 ap

169 1809 320 1887 pellatur
331 1809 445 1884 Ocnos,
466 1817 594 1886 spartum
608 1818 746 1906 torquens
759 1809 834 1887 qnod
851 1809 958 1868 asellus
974 1807 1099 1868 adrodit.
1124 1808 1185 1890 [32]

153 1903 205 1956 138
216 1893 359 1953 llactenus
377 1891 508 1952 indicatis
524 1892 726 1970 proceribus'
718 1910 747 1950 m
767 1900 890 1968 utroque
905 1909 1016 1968 genere
1032 1909 1095 1951 non
1116 1893 1183 1952 sile·
1191 1905 1208 1944 tt

195 1975 300 2036 buntur
321 1983 352 2035 et
370 1976 469 2052 primis
493 1976 642 2054 proxumi:
678 1973 871 2034 Aristoclides
897 1977 944 2051 qui
970 1975 1063 2052 pinxit
1086 1977 1185 2035 aedem

194 2058 340 2136 Apollinis
354 2056 486 2135 Delphis.
520 2057 686 2136 Antiphilus
707 2074 799 2135 puero
820 2059 915 2133 ignem
930 2057 1076 2117 conllante
1093 2059 1184 2117 lauda·

195 2150 241 2199 tur
257 2159 290 2200 ac
304 2141 422 2218 pulchra
437 2141 508 2202 alias
523 2141 608 2200 domo
620 2140 844 2218 splendescente
859 2143 1008 2218 ipsiusque
1024 2144 1109 2218 pueri
1122 2160 1184 2216 ore,

194 2225 264 2283 item
278 2224 402 2284 lanificio
415 2225 513 2302 inquo
528 2232 685 2302 properant
699 2225 821 2284 omnium
836 2224 984 2284 mulierum
999 2241 1104 2302 pensa,
1120 2224 1185 2283 Pto·

195 2306 307 2367 lemaeo
324 2315 464 2383 venante,
488 2306 541 2367 sed
562 2306 742 2366 nobilissimo
762 2307 864 2383 Satyro
883 2325 946 2368 cum
964 2306 1043 2383 pelle
1065 2307 1208 2384 parthe-a

195 2391 274 2468 rina,
296 2408 380 2469 quem
401 2398 638 2468 aposcopeuonta
663 2390 819 2469 appellant.
863 2389 1045 2468 Aristophou
1064 2391 1184 2450 Ancaeo

194 2473 348 2534 volnerato
366 2473 402 2533 ab
417 2490 489 2550 apro
510 2491 572 2532 cnm
592 2475 673 2532 socia
688 2473 798 2533 doloris
814 2473 955 2551 Astypale
972 2491 1184 2552 numerosaque

196 2557 291 2616 tabula
304 2559 334 2616 in
352 2574 407 2634 qua
421 2563 486 2616 sunt
502 2554 647 2633 Priamus,
662 2555 782 2631 Helena,
799 2553 970 2632 Credulitas,
987 2555 1104 2633 Ulixes,
1119 2556 1184 2617 Dei-

154 2650 205 2705 139
221 2639 350 2718 phebus,
371 2639 490 2700 Dolusa
506 2639 671 2699 Androbius
688 2641 779 2716 pinxit
795 2637 919 2714 Scyllum
935 2655 1054 2699 ancoras
1073 2643 1184 2718 praeci-

197 2722 311 2782 dentem
325 2723 461 2784 Persicae
483 2721 602 2796 classis,
628 2722 768 2780 Artemon
789 2721 906 2782 Danaen
930 2723 1100 2782 mirantibus
1124 2736 1206 2783 eamn

196 2797 407 2884 praedonibus,
427 2807 557 2884 reginam
573 2804 776 2879 Stratonicen,
794 2803 947 2865 Herculem
964 2814 993 2866 et
1008 2804 1182 2882 Deianiram,

196 2889 388 2950 nobilissimas
403 2898 515 2964 autem,
536 2902 612 2966 qnae
625 2894 689 2946 sunt
705 2889 733 2946 in
749 2885 885 2948 Octaviae
900 2888 1054 2966 operibus,
1075 2887 1182 2948 Hercu·

196 2972 253 3032 lem
267 2974 302 3032 ah
314 2971 387 3032 Oeta
401 2982 499 3033 monte
508 2970 633 3035 Doridos
648 2978 749 3029 exusta
763 2972 936 3031 mortalitate
952 2989 1097 3031 consensu
1115 2973 1179 3032 deo·

195 3074 258 3116 rum
271 3058 301 3116 in
316 3055 429 3114 coelum
440 3065 571 3131 euntem,
596 3052 798 3113 laomedontis
819 3056 894 3115 circa
909 3053 1062 3114 Herculem
1082 3064 1112 3114 et
1126 3056 1180 3115 Ne·

196 3147 313 3216 ptunum
333 3137 492 3216 historiam.
529 3135 706 3198 Alcimacluus
735 3136 926 3215 Dioxippum,
957 3139 1004 3216 qui
1032 3141 1205 3214 pascuarios

196 3219 328 3297 Olympia
346 3223 417 3280 citra
437 3218 567 3298 ¹pulveris
590 3222 709 3294 iactum,
738 3221 813 3299 quod
829 3228 932 3280 vocant
952 3221 1074 3297 aconiti,
1102 3224 1178 3293 vicit,

153 3311 205 3366 140
220 3301 335 3362 Coenus
350 3312 506 3363 stemmata.
525 3303 590 3382 {33}
606 3300 788 3363 Ctesilochus
802 3302 916 3381 Apellis
932 3303 1086 3380 discipulus
1100 3314 1179 3382 petu-

196 3383 264 3443 lanti
282 3387 392 3463 pictura
410 3385 549 3462 innotuit,
560 3386 642 3448 ,love
657 3383 791 3447 Liberum
806 3387 982 3466 parturiente
997 3385 1113 3463 depicto
1130 3391 1178 3448 mi-
