2484 3817
162 152 199 211 12
452 214 454 223 Α
504 160 817 210 cemmendandam

160 317 236 377 dicti.
267 334 335 377 mox
347 315 416 393 lege
431 315 544 394 Papiria
559 315 739 374 semunciarii
757 332 845 373 asses·
858 313 935 372 iacti.
965 310 1063 373 Livius
1077 312 1150 373 Dru-

160 416 209 460 sus
222 402 252 459 in
268 400 412 460 tribunatu
426 400 525 478 plebei
541 406 669 457 octavam
680 405 791 475 partem
802 398 880 457 acris
891 405 1014 472 argento
1026 400 1146 457 miscuit.

160 485 245 561 isqui
260 502 334 549 nunc
344 482 520 541 victoriatus
541 479 703 559 appellatur
722 480 790 556 lege
805 478 907 539 Clodia
921 497 1078 557 percussus
1094 490 1146 541 est.

159 576 243 626 antea
266 568 341 626 enim
361 564 407 625 hic
431 583 558 625 nummus
585 581 623 623 ex
641 563 760 638 Illyrico
786 563 923 623 advectus
947 564 1054 623 mercis
1080 563 1146 623 loco*

160 649 326 710 habebatur.
377 658 423 709 est
452 657 546 707 autem
571 649 700 723 signatus
726 645 856 706 Victoria
886 653 917 705 et
941 645 1008 706 inde
1033 664 1169 708 uomens

84 794 86 815 ,
117 742 150 797 47
164 733 279 793 Aureus
294 749 421 792 nummus
440 740 508 810 post
526 746 616 790 anuos
631 728 672 788 ¹Ll
694 747 850 808 percussus
871 737 918 789 est
940 746 1023 805 quam
1044 737 1147 806 argen-

160 824 242 893 teus,
264 818 304 875 ita
324 824 356 874 ut
381 814 535 911 scripulum
558 811 672 921 valeret
692 814 837 872 sestertiis
859 814 989 888 vicenis,
1011 813 1088 890 quod
1106 816 1147 873 el-

160 900 248 958 licit
240 918 269 958 m
292 898 387 958 librali
417 893 585 956 rationes*
581 894 744 967 sestertii
770 897 817 973 qui
845 904 912 954 tune
935 904 1017 955 erant
1038 894 1145 957 0000.

159 991 264 1081 postea
283 981 391 1060 placuit
409 978 458 1038 Xh
483 980 589 1055 signari
606 997 645 1038 ex
659 977 723 1038 auri
743 978 842 1054 libris,
858 977 1051 1056 paulatimque
1069 981 1145 1057 prin-

160 1084 241 1143 orpes
256 1082 415 1124 mmmuero
431 1062 558 1139 pondus,
575 1070 605 1121 et
619 1080 802 1121 novisissime
816 1060 896 1121 Nero
911 1060 946 1120 ad
962 1060 1047 1122 XLV
1109 1066 1116 1079 '
1155 1085 1180 1123 ro

117 1159 152 1213 48
228 1147 306 1225 (14.)
329 1146 386 1204 Sed
407 1163 424 1203 a
444 1161 556 1203 nummo
573 1146 664 1222 prima
683 1146 796 1221 origiue
810 1145 946 1203 avaritiae
960 1145 1081 1205 laeuone
1098 1165 1146 1205 ex-

160 1232 287 1305 cogitata
306 1211 543 1326 quaestuosaque
559 1228 683 1304 segnitia
702 1246 757 1287 nec
777 1228 910 1305 paulatim
931 1230 1041 1287 exarsit
1064 1229 1145 1289 rabie

158 1311 276 1388 quadam
298 1328 355 1370 non
374 1312 430 1369 iarn
443 1312 561 1369 avaritia
577 1310 630 1370 sed
643 1311 733 1369 fames
749 1313 809 1369 auri
818 1319 949 1389 ,utpote
964 1329 1027 1369 cum
1041 1311 1146 1390 Septu-

158 1394 279 1453 muleius
298 1392 348 1453 Gai
364 1393 483 1452 Gracchi
497 1393 644 1453 familiaris
660 1411 731 1453 auro
752 1394 966 1471 rependendum
981 1403 1064 1471 caput
1083 1398 1145 1455 eins

160 1477 303 1536 abscisum
315 1476 350 1536 ad
367 1476 507 1556 Opimium
526 1476 625 1536 tulerit
644 1476 820 1555 plumboque
842 1478 871 1536 in
893 1494 925 1536 os
943 1477 1038 1536 addito
1053 1481 1180 1555 parri-rs

159 1560 234 1620 cidio
251 1578 303 1619 suo
319 1579 380 1620 rem
394 1560 537 1637 publicam
551 1561 637 1619 etiam
651 1562 926 1638 circumscripserit,
942 1578 996 1619 nec
1011 1562 1063 1619 iam
1076 1558 1145 1631 Qui·

157 1646 253 1703 ritium
266 1644 369 1721 aliquis
382 1643 434 1702 sed
446 1645 581 1703 universo
597 1646 711 1703 nomine
723 1642 852 1703 llomauo
864 1644 959 1703 infami
973 1662 1026 1702 rex
1036 1643 1145 1704 blithri·

160 1726 242 1793 dates
257 1727 374 1804 Aquilio
390 1726 454 1786 duci
475 1735 559 1804 capto
576 1745 674 1787 aurum
687 1728 718 1787 in
732 1744 766 1786 os
782 1726 893 1787 inludit.
920 1726 992 1785 haec
1005 1729 1081 1803 parit
1096 1727 1145 1787 ha-

116 1819 151 1875 49
162 1810 247 1870 bendi
273 1808 391 1887 cupido!
426 1810 515 1888 pudet
536 1812 694 1869 intuentem
714 1813 828 1870 nomina
849 1811 905 1869 ista
927 1827 1000 1887 quae
1022 1810 1144 1871 subinde

160 1912 234 1953 nova
248 1892 360 1952 Graeco
375 1910 509 1952 sermone
532 1895 734 1968 excogitantur
748 1895 883 1970 insperso
903 1894 1051 1969 argenteis
1065 1897 1143 1953 uasis
1153 1912 1179 1951 eo

158 1993 228 2035 auro
245 1984 275 2035 et
292 1975 413 2051 incluso,
430 1975 532 2051 quibus
546 1974 657 2034 deliciis
671 1975 761 2053 pluris
773 1984 902 2035 veneunt
918 1977 1045 2035 inaurata
1061 1995 1143 2054 quam

158 2076 262 2133 aurea,
283 2076 345 2116 cum
366 2059 486 2117 sciamus
510 2057 696 2118 interdixisse
718 2061 820 2118 castris
842 2060 901 2118 suis
923 2058 1090 2136 Spartacum
1105 2079 1143 2120 ue
1237 2067 1238 2086 l

159 2143 221 2219 quis
238 2158 335 2208 aurum
356 2140 478 2200 haberet
498 2149 545 2200 aut
564 2150 721 2217 argentum.
760 2150 838 2201 tauto
854 2142 917 2219 plus
932 2142 986 2201 luit
1000 2144 1084 2201 animi
1101 2144 1144 2203 iu·
1237 2159 1238 2162 ’

116 2237 151 2287 50
161 2226 259 2302 gitivis
275 2222 397 2282 uostris!
414 2223 538 2283 blessala
551 2232 651 2283 orator
665 2224 792 2302 prodidit
804 2225 958 2285 Antonium
969 2226 1144 2285 triumvirum

158 2308 253 2366 aureis
271 2324 352 2365 usum
366 2308 443 2366 vasis
458 2308 490 2366 in
510 2307 639 2367 omnibus
659 2309 795 2368 obscenis
819 2307 987 2386 desideriis,
1007 2308 1178 2385 pudendoas

159 2390 276 2449 crimine
309 2391 394 2449 etiam
415 2388 598 2468 Cleopatrae.
642 2410 748 2450 summa
767 2391 841 2469 apud
863 2399 982 2450 exteros
1008 2391 1144 2453 licentiae

159 2474 252 2547 luerat
266 2472 427 2551 Philippum
443 2492 544 2550 regem
562 2474 667 2551 poculo
690 2492 779 2533 aureo
800 2474 923 2552 pulvinis
945 2474 1144 2536 subditodor·

159 2558 230 2615 mire
248 2554 374 2632 solitum,
389 2555 556 2631 llaguoncm
569 2556 668 2616 Teium
680 2557 836 2616 Alexandri
851 2556 947 2634 llagui
965 2560 1144 2634 praefectum
1213 2595 1216 2604 ι

159 2640 253 2697 aureis
281 2638 370 2697 clavis
396 2639 535 2716 suffigere
555 2642 697 2719 crepidas
735 2639 879 2704 Antonius
906 2640 1016 2718 sophus
1043 2650 1142 2701 contu-

162 2720 247 2863 mqlia
263 2730 381 2846 naturap
396 2721 535 2783 vilitatem
555 2741 625 2783 auro
642 2725 720 2784 iecit.
753 2740 770 2782 o
786 2722 900 2799 dignum
916 2726 1178 2803 proscriptioue‚ao

158 2822 191 2863 sc
226 2805 371 2882 Spartaci.

114 2899 148 2951 51
222 2887 302 2964 (15.)
324 2886 463 2966 Equidem
480 2890 569 2949 miror
583 2886 720 2967 populum
733 2886 889 2948 Romanum
904 2891 988 2949 victis
1005 2890 1141 2965 genubus

157 2971 187 3029 in
207 2970 315 3029 tributo
338 2990 453 3050 semper
477 2980 625 3047 argentum
644 2972 821 3048 imperasse,
844 2988 901 3031 nou
927 2990 1039 3046 aurum,
1068 2974 1142 3033 sicut

158 3051 322 3127 Carthagini
338 3071 400 3112 cum
413 3053 570 3115 Hannibale
581 3055 675 3113 victae
690 3055 854 3131 octingenta
863 3055 951 3132 milia,
965 3058 1028 3136 ῖιῖι
1043 3056 1141 3133 pondo

157 3152 246 3194 annua
270 3136 299 3193 in
321 3136 522 3213 quinquaginta
543 3154 651 3212 anuos,
671 3136 740 3196 nihil
760 3139 831 3196 auri.
862 3156 918 3198 nec
930 3148 1030 3216 potest
1047 3138 1177 3201 viderias

158 3218 293 3293 paenuria
313 3218 407 3277 mundi
426 3218 456 3277 id
476 3222 621 3279 evenisse.
658 3220 713 3278 iam
732 3218 822 3278 blidas
844 3228 874 3279 et
898 3219 1026 3281 Croesus
1048 3222 1141 3280 initui·

158 3307 216 3356 tum
243 3300 452 3375 possederant,
484 3303 539 3360 iam
559 3300 651 3377 Cyrus
679 3302 791 3361 deuicta
810 3302 882 3361 Asia
907 3305 1141 3382 pondo*
1032 3322 1141 3371 xxnn

158 3379 309 3441 invenerat
324 3388 443 3457 practer
464 3400 533 3441 vasa
555 3400 723 3462 aurumque
731 3384 834 3443 lactum
855 3387 908 3444 et
900 3404 929 3445 m
949 3404 985 3446 eo
1011 3388 1143 3448 foliatam
