2484 3817
307 222 388 271 usu.
403 219 494 271 nuso.
510 222 594 269 xxx.
611 220 729 276 11—13.
746 212 892 290 (at—ao.)
1000 254 1004 263 ·
1034 209 1095 276 253

101 385 190 457 potus
216 394 279 435 cum
302 371 346 434 llll
363 373 479 452 radice,
503 376 528 435 si
541 374 641 453 blopis
664 376 815 436 credimus.
846 376 879 437 ln
897 380 1097 439 contractione

99 474 258 520 nervorum
270 471 338 518 caro
351 458 513 539 palumbina
525 462 553 518 in
561 458 635 518 cibis
646 460 766 538 prodest
778 468 808 519 et
818 459 989 537 inveterata,
1002 466 1097 523 irena·
1183 488 1189 503 ι

99 547 146 604 cei
160 544 312 623 spasticis,
334 542 403 601 item
415 542 556 601 maculae
567 544 656 619 ciuis',
671 578 714 589 —
729 542 904 622 serpentium
917 554 1053 606 senectus
1067 548 1096 605 iu
1176 573 1178 577 ·

98 624 181 707 pelle
195 628 304 686 taurina
319 623 472 701 adalligata
489 640 621 705 spasmos
639 627 702 686 ilerl
717 626 905 705 prohibet-
907 628 1096 707 ,opisthoto-

75 712 172 771 unicis
197 710 305 768 milvi
295 726 377 768 iecur
397 710 505 769 aridum
526 708 618 768 tribus
635 710 760 770 obolis
751 729 779 769 m
794 728 885 789 aquae
904 712 1013 772 mulsae
1029 730 1095 787 cra·

95 794 155 855 this
170 790 263 852 tribas
278 794 387 869 potum.

162 873 249 954 (37.)
271 874 418 935 liedurias
441 883 471 934 et
494 878 619 973 quaein
643 876 740 953 digitis
766 884 921 935 nascuntur
940 880 1137 955 pterygialll

96 959 202 1021 tollunt
221 957 313 1018 canini
330 958 432 1035 capitis
450 959 522 1017 cinis
539 966 588 1019 aut
601 959 688 1019 volva
704 959 856 1019 decocta
845 978 875 1018 ιιι
889 960 958 1019 oleo
967 976 1096 1041 ,-super

96 1044 179 1103 inlito
195 1040 302 1117 butyro
318 1041 408 1100 orillo
422 1059 485 1101 cum
500 1042 606 1117 melle,
627 1044 694 1101 item
710 1040 855 1103 iolllculus
871 1043 1023 1104 cuiuslibet
1036 1045 1095 1103 ani·

64 1126 213 1187 annualium
228 1124 316 1199 fellis,
332 1127 467 1201 ungutam
483 1124 647 1185 scabritiam
659 1126 841 1186 cantharides
857 1142 921 1186 cum
933 1128 998 1205 pice
1009 1130 1095 1187 tertio

95 1210 144 1270 die
159 1209 275 1268 solutae
296 1216 345 1268 aut
366 1208 499 1267 locustae
513 1208 618 1268 irictae
634 1220 696 1269 c'um
715 1209 788 1269 sebo
806 1209 935 1287 hircino,
954 1211 1095 1289 pecudum

94 1293 209 1353 sebum.
249 1290 337 1369 aliqui
353 1292 476 1350 miscent
490 1292 602 1351 viscum
615 1300 646 1353 et
662 1293 868 1371 porcillaoam,
887 1294 934 1354 alii
952 1295 1095 1354 aerisllo·

94 1394 157 1436 rem
174 1384 205 1434 et
219 1376 329 1433 viscum
346 1376 385 1434 ita
402 1384 432 1434 ut
445 1376 533 1435 tertio
548 1376 595 1435 die
610 1376 734 1436 solvunt.

162 1460 212 1519 13.
235 1456 319 1537 (38.)
343 1459 517 1535 Sanguinem
528 1460 604 1519 slstb
617 1460 647 1519 in
663 1458 779 1519 naribus
795 1459 896 1519 sebum
909 1478 947 1521 ex
959 1471 1138 1527 omentum

64 1542 237 1621 sspecudum
254 1540 381 1619 inditum,
396 1544 466 1601 item
480 1544 633 1619 coagulum
650 1561 687 1601 ex
700 1559 791 1620 aqua,
815 1560 945 1602 maxume
962 1548 1095 1621 eguinum

3 1647 4 1662 ι
95 1626 266 1686 subductum
282 1626 330 1684 vel
346 1626 480 1702 inlusum,
496 1628 607 1685 etiamsi
621 1626 676 1685 alia
693 1642 749 1683 uon
765 1626 895 1703 prosint,
912 1626 994 1703 adips
1011 1644 1094 1687 anse-

93 1710 175 1769 rinus
193 1724 255 1767 cum
271 1707 374 1783 butyro
392 1710 455 1786 pari
476 1708 608 1785 pondere
623 1706 747 1786 pastillis
761 1710 906 1783 ingestus,
928 1708 1094 1769 coclearum

3 1839 4 1856 2
93 1802 242 1869 terrenae,
259 1791 311 1850 sed
324 1801 353 1850 et
364 1793 447 1868 ipsae
458 1797 607 1849 extractae
618 1791 711 1849 testis.
738 1790 887 1851 suasibus
898 1790 1032 1849 tuentem
1044 1810 1094 1851 co·
1104 1812 1136 1848 ma

3 1865 4 1888 ¹
96 1876 181 1935 oleae
199 1875 339 1934 contritae
355 1872 441 1932 monti
464 1872 577 1948 inlitae,
601 1875 699 1932 aranei
721 1873 815 1949 telae,
836 1872 991 1949 gallinacei
1011 1891 1094 1934 cere·
1120 1888 1122 1894 ’

62 1958 205 2022 nobellum
218 1957 268 2033 yel
285 1958 414 2033 sanguis,
433 1956 576 2036 puellaria
597 1975 635 2017 ex
658 1955 798 2033 cerebro,
825 1959 893 2015 item
915 1956 1094 2017 columbinus

97 2040 136 2102 ob
154 2042 183 2101 id
203 2049 335 2100 servatus
353 2048 575 2119 concretusque.
608 2041 633 2099 si
656 2058 728 2100 vero
751 2058 788 2100 ex
808 2040 930 2099 volnere
950 2041 1094 2113 inmodice

86 2125 183 2200 -duat,
204 2125 261 2183 limi
283 2122 417 2183 caballini
439 2140 503 2183 cum
524 2124 714 2203 putaminibus
736 2124 856 2183 ovorum
878 2126 996 2185 cremati
1022 2126 1094 2184 cinis

95 2209 242 2287 inpositus
256 2209 326 2265 mire
342 2208 425 2266 sistit.

161 2290 245 2368 (39.)
267 2289 423 2350 Ulceribus
438 2290 568 2350 medetur
583 2307 723 2371 oesypum
739 2294 802 2351 cuni
816 2290 917 2351 bordei
933 2292 1031 2351 cluere
1047 2300 1137 2357 etlts

60 2392 86 2431 as
96 2375 236 2449 aerugine
252 2374 353 2450 aequis
372 2373 517 2452 partibus,
532 2373 568 2432 ad
583 2376 776 2434 carcinomata
794 2388 909 2453 quoquo
923 2392 958 2435 ac
973 2390 1093 2452 serpen·

3 2511 4 2523 ,
96 2460 136 2516 tia
151 2455 241 2515 valet.
279 2456 374 2516 erodit
388 2466 418 2515 et
432 2456 558 2517 ulcerum
573 2459 730 2533 margines,
747 2459 902 2535 carnisque
918 2472 1093 2517 excrescen-

95 2539 133 2599 tis
147 2539 184 2598 ad
200 2538 402 2616 aequalitatem
419 2540 533 2617 redigit.
566 2539 666 2617 explet
681 2558 798 2619 quoque
822 2550 853 2599 et
873 2540 909 2599 ad
926 2541 1092 2601 cicatricem

95 2622 239 2700 perducit.
272 2639 375 2698 magua
392 2624 438 2681 vis
463 2634 492 2683 et
506 2624 535 2681 iu
559 2624 656 2681 cinere
677 2624 818 2701 pecudum
837 2624 894 2683 llmi
907 2622 944 2683 ad
963 2624 1092 2683 carcino-

96 2715 182 2781 mata,
199 2704 296 2764 addito
310 2707 386 2765 uitro
393 2751 402 2785 ,
418 2715 467 2766 aut
480 2708 511 2765 in
524 2707 622 2766 cinere
643 2722 680 2765 ex
695 2706 810 2766 ossibus
824 2708 957 2766 iemiuum
972 2706 1091 2783 agnino·

60 2804 169 2863 aarum,
185 2789 342 2866 praecipue
356 2789 384 2847 in
399 2789 443 2848 bis
462 2789 607 2848 ulceribus
623 2804 697 2867 quae
710 2790 873 2850 cicatricem
889 2805 946 2847 nou
966 2788 1090 2862 trabunt,

96 2870 201 2947 magua
217 2878 247 2929 et
262 2871 452 2948 pulmonibus,
467 2875 626 2952 praecipue
649 2872 777 2936 arietum.
807 2873 900 2932 carnis
918 2889 1092 2931 excrescen·
1171 2934 1173 2939 Α

96 2956 135 3013 tis
150 2954 180 3011 in
194 2952 340 3013 ulceribus
354 2954 390 3013 ad
405 2955 608 3034 aequalitatem
621 2955 824 3016 eilicacissime
838 2954 988 3015 reducunt.
1006 2956 1071 3014 limo
1085 2964 1135 3019 114

98 3052 216 3115 quoque
244 3036 308 3114 ipso
335 3040 430 3097 orium
451 3038 504 3097 snb
525 3045 600 3099 testo
617 3038 766 3114 calefacto
788 3047 817 3098 et
838 3037 969 3097 subiecto
998 3045 1092 3097 tumor

96 3118 250 3179 volnerum
265 3118 396 3196 sedator,
419 3121 532 3182 fistulae
548 3130 704 3199 pargantur
718 3130 924 3199 sananturque,
944 3122 1011 3179 item
1029 3121 1094 3197 epi·'

62 3201 241 3277 ssuyctides.
263 3219 371 3262 summu
383 3221 455 3264 vero
466 3206 514 3263 vis
527 3205 556 3263 in
571 3206 663 3264 canini
673 3206 776 3281 capitis
791 3206 900 3278 uiuere,
917 3220 1091 3264 excrescen-

95 3287 136 3345 tia
157 3288 250 3345 omnia
267 3286 350 3363 spodi
365 3290 432 3347 rice
448 3288 542 3347 erodit
557 3296 587 3345 et
598 3295 745 3365 persanat.
773 3296 803 3345 et
819 3287 928 3346 murino
945 3286 1010 3345 limo
1026 3302 1090 3345 ero·

98 3369 220 3444 duntur,
241 3371 308 3429 item
322 3370 462 3430 mustelae
478 3371 536 3430 limi
558 3372 664 3428 cinere.
694 3368 811 3429 duritias
834 3372 862 3429 lu
884 3368 943 3428 alto
964 3370 1090 3428 ulcerum

99 3460 129 3511 et
154 3454 347 3513 carcinomata
371 3455 558 3533 persequitur
578 3450 733 3530 multipeda
756 3452 822 3511 trita
844 3452 968 3515 admixta
992 3453 1090 3511 resina
