2484 3817
166 149 207 213 90
257 158 262 166 ’
512 159 819 209 commacerant

126 331 244 385 tttnon
264 337 318 380 sno
342 336 455 397 genere
476 323 630 377 certasset.
666 312 742 375 idem
757 322 788 374 ct
807 313 953 373 lacunaria
975 313 1084 391 primus
1106 315 1172 392 pin·

166 421 239 481 gere
262 405 404 479 institnit,
425 419 481 462 nec
501 417 629 460 camaram
651 407 718 459 ante
738 416 802 458 euru
827 396 925 457 taliter
948 395 1084 457 adornari
1105 415 1172 458 mos

166 489 230 548 luit.
257 505 360 566 parvas
381 485 520 565 pingebat
542 483 666 544 tabellas
681 499 870 559 maxumeque
892 499 1011 560 pueros.
1046 480 1105 541 hoc
1121 501 1171 542 ae·

166 571 234 632 muli
256 571 523 650 interpretabantur
541 570 642 628 iacere
667 584 748 640 eum,
773 567 908 644 quoniam
930 564 1009 626 tarda
1033 566 1171 644 picturae

166 658 241 715 ratio
257 664 338 715 esset
352 654 410 716 illa.
441 653 629 732 quamobrem
644 651 759 712 daturus
774 658 804 710 et
820 649 982 710 celeritatis
997 651 1100 709 lamam
1116 651 1190 714 ab=u

168 740 257 802 solvit
281 757 337 798 uno
353 739 400 799 die
423 737 560 807 tahellam
582 733 657 814 qnae
677 743 780 794 uocata
801 743 848 795 cst
868 733 1051 794 hemeresios
1072 752 1170 813 puero

128 835 177 890 ηδ
187 826 278 903 picto.
323 823 476 882 amaritia
497 824 614 881 inventa
636 818 787 895 Glyceram
810 820 982 897 municipem
1005 836 1101 896 suam,
1128 821 1171 880 in·

167 910 328 969 ventricem
348 923 538 981 coronarum,
569 903 767 982 certandoque
788 904 947 963 imitatione
970 904 1034 963 eius
1059 903 1096 963 ad
1118 923 1171 963 nu·

167 993 392 1053 merosissimam
415 988 518 1048 dorum
539 990 710 1049 varietatem
732 987 867 1066 perduxit
887 995 979 1048 artem
994 986 1080 1052 illam.
1116 1005 1170 1065 po·

168 1086 277 1136 strcmo
296 1075 388 1152 pinxit
405 1080 434 1132 et
456 1073 548 1149 ipsam
566 1071 718 1132 sedentem
734 1090 798 1132 cum
812 1089 939 1147 corona,
956 1088 1031 1149 quae
1051 1089 1067 1130 e
1085 1072 1198 1134 nobi-ro

169 1155 286 1219 lissimis
304 1155 400 1216 tabula
409 1154 561 1233 'appellata
576 1163 622 1213 est
638 1154 904 1233 stephaneploccs‚
920 1155 955 1215 ab
970 1155 1035 1214 aliis
1050 1155 1169 1234 stepha-

167 1240 300 1320 nopolis‚
322 1239 456 1316 qnoniam
472 1236 597 1313 Glycera
615 1237 788 1298 venditando
804 1256 928 1299 corones
951 1247 1169 1300 sustentaverat

167 1331 378 1404 paupertatem.
408 1322 492 1381 huius
509 1321 625 1381 tabulae
640 1321 805 1400 exemplar,
820 1322 898 1401 quod
910 1324 1102 1401 apographon
1116 1342 1169 1383 vo·

166 1417 248 1483 cant,
271 1405 302 1466 L.
319 1404 454 1466 [moulins
485 1405 598 1466 duobus
623 1405 739 1466 talentis
764 1407 833 1465 emit
858 1406 1006 1482 Dionysiis
1030 1407 1167 1467 Athenis.

124 1504 175 1559 126
188 1493 252 1570 [241
270 1490 388 1551 Pausias
404 1499 499 1551 nutem
514 1492 584 1550 lecit
599 1498 629 1550 et
643 1489 760 1568 grandis
773 1489 902 1567 tabulas,
917 1493 993 1550 sicut
1007 1500 1169 1569 spectatam
1178 1515 1195 1556 n

167 1579 195 1636 in
210 1576 330 1655 Pompei
362 1573 575 1654 porticu'boum
593 1577 817 1636 immolationem.
868 1593 939 1634 ‘eam
956 1576 1063 1654 primns
1088 1577 1168 1636 inve·

166 1663 209 1721 nit
221 1662 376 1738 picturam,
392 1676 475 1737 qnam
491 1666 597 1737 postea
610 1659 711 1718 imitati
726 1665 793 1718 sunt
807 1657 908 1733 multi,
924 1660 1058 1736 aequavit
1071 1678 1167 1720 nemo.

167 1753 234 1804 ante
255 1745 365 1819 omnin,
387 1761 450 1805 cum
465 1741 677 1818 longitudinem
692 1742 777 1802 bovis
799 1742 912 1804 ostendi
934 1741 1042 1820 vellet,
1066 1737 1191 1804 adser-⁴

168 1848 229 1888 sum
248 1846 314 1888 eum
329 1828 438 1906 pinxit,
459 1833 712 1903 contraversum,
731 1834 762 1887 et
784 1826 897 1887 abunde
912 1826 1097 1904 intellegitur
1112 1846 1170 1886 am-

125 1923 175 1976 127
187 1913 307 1990 plitudo.
339 1910 422 1987 dein,
436 1928 500 1969 cnm
514 1927 701 1988 omnesquae
715 1909 814 1970 nolunt
828 1912 982 1971 eminentia
994 1909 1089 1971 videri
1102 1929 1169 1971 can-
1178 1935 1197 1973 nn

166 1996 272 2055 dicanti
293 1995 398 2054 iaciant
422 1994 542 2069 colore,
558 2012 633 2072 quae
645 1992 771 2052 condunt
782 1996 882 2072 nigro,
895 1994 942 2055 hic
957 2003 1047 2055 totum
1058 1994 1168 2056 bovem

168 2082 221 2138 atri
234 2077 344 2137 coloris
356 2079 427 2138 lecit
438 2078 615 2155 umbraeque
627 2093 733 2154 corpus
746 2096 783 2136 ex
795 2080 858 2157 ipsa
870 2078 949 2140 dedit
967 2097 1070 2157 magna
1083 2096 1168 2158 pror·

166 2181 216 2222 sus
232 2170 296 2222 arte
313 2163 343 2222 in
355 2179 450 2239 aeqno
467 2162 611 2222 exstantia
627 2160 799 2222 ostendente
819 2171 848 2222 et
864 2165 893 2222 in
906 2164 1055 2224 contracto
1073 2164 1170 2224 solida

167 2246 270 2312 omnia.
314 2244 440 2321 Sicyone
464 2256 495 2307 et
516 2245 564 2306 hie
584 2247 672 2304 vitam
694 2247 771 2323 egit,
798 2246 903 2325 diuque
926 2246 975 2308 illa
992 2247 1047 2308 init
1073 2251 1170 2326 patria

167 2331 309 2408 picturae.
341 2329 452 2389 tabulas
467 2329 534 2390 inde
550 2347 567 2389 e
582 2329 702 2409 publico
720 2332 811 2389 omnis
830 2339 953 2409 propter
970 2349 1020 2392 aes
1041 2331 1200 2395 alienuma

124 2425 176 2480 128
187 2415 313 2473 civitatis
325 2413 451 2473 addictas
459 2413 559 2472 Scauri
570 2412 702 2473 aedilitas
710 2412 829 2473 Romam
841 2414 998 2476 transtulit.
1014 2415 1081 2494 [25]
1096 2416 1172 2476 Post

168 2516 231 2558 eum
254 2497 373 2557 eminuit
398 2497 487 2574 longe
513 2505 580 2557 ante
607 2497 890 2575 omnisEuphrauor
915 2497 1050 2559 Isthmius
1078 2500 1172 2577 olym·

124 2600 153 2645 a.
165 2604 187 2638 sn
199 2581 283 2661 piade
299 2579 400 2657 cult,
416 2579 491 2640 idem
505 2581 553 2658 qui
571 2582 649 2641 inter
664 2581 783 2642 lictores
798 2581 891 2642 dietus
908 2591 954 2644 est
969 2583 1066 2662 nobis.
1096 2584 1172 2646 iecit

167 2676 198 2728 et
219 2665 355 2725 colossos
374 2672 404 2725 et
421 2681 581 2724 marmorea
603 2673 634 2725 et
652 2673 738 2743 typos
757 2665 894 2744 scalpsit,
917 2666 1020 2727 docilis
1036 2686 1072 2729 ac
1087 2667 1172 2730 labo·

166 2753 264 2810 riosus
283 2759 350 2809 ante
366 2750 457 2808 omnis
474 2756 504 2809 et
520 2749 550 2808 in
568 2766 750 2827 quocumque
765 2766 877 2824 genere
893 2750 1042 2811 excellens
1058 2770 1095 2812 ac
1110 2754 1199 2821 sibin

168 2827 307 2910 aequalis.
334 2833 381 2892 hic
394 2833 502 2911 primus
512 2831 628 2893 videtur
637 2833 824 2910 expressisse
835 2833 983 2911 dignitatis
996 2834 1123 2896 heroum
1141 2847 1172 2898 et

166 2934 324 2996 usurpasse
334 2916 647 2998 symmetriamsedlnit
657 2917 687 2975 iu
696 2915 1048 2997 universitatecorpornm
1057 2921 1172 2980 exilior

125 3013 176 3068 129
186 3009 217 3062 et
234 3000 377 3079 capitibus
397 3000 585 3078 articulisque
603 2997 748 3075 grandior.
794 3001 937 3062 volumina
957 3019 1075 3080 quoque
1099 3022 1172 3066 con·

166 3085 265 3164 posuit
280 3083 316 3143 de
331 3085 497 3159 symmetria
511 3092 542 3144 et
558 3082 719 3143 coloribus.
753 3101 843 3163 opera
858 3087 921 3146 eius
942 3094 1008 3146 sunt
1024 3098 1172 3163 equestre

166 3165 1202 3328 llllllhdlllillllltTli⁵.⁹¹¹⁸.’.l¹n‘¹¹¹.⁰.ll¹l.lll⁶‘lollll³⁵

686 3293 697 3328 9
1012 3301 1018 3312 ·
1121 3277 1130 3316 l
1158 3277 1171 3316 S

166 3334 230 3394 eius
255 3332 351 3394 tabula
366 3330 476 3410 llphesi
493 3343 556 3409 cst,
576 3331 679 3394 Ulixes
700 3334 829 3397 simulata
844 3337 953 3397 insania
971 3338 1079 3400 bovem
1103 3357 1173 3400 cnm

166 3432 244 3493 equo
265 3417 390 3493 iungens
413 3423 444 3475 et
465 3415 574 3496 palliati
593 3418 774 3497 cogitantes,
801 3418 859 3479 dux
878 3420 1001 3498 gladium
1017 3423 1173 3498 condens.
