2484 3817
176 189 238 254 308
498 205 529 254 c.
552 207 649 266 entur
669 204 820 254 socom

171 359 281 418 marlot.
315 357 389 438 pilos
413 360 442 418 in
461 376 580 422 mamma
602 363 740 424 muricum
762 376 866 420 carnea
887 361 1029 438 inpositae
1052 360 1166 422 tollunt.

172 443 830 602 :tt?ttritta:retentetur
848 444 1168 606 euoluitur

130 619 181 675 1³0
193 625 251 684 sas,
262 612 330 667 item
341 609 460 670 strombi
474 613 503 671 in
516 621 600 673 aceto
614 611 778 690 putrefacti.
798 609 953 672 Perearum
962 611 1010 671 vel
1021 629 1167 682 menarum

172 693 275 770 capitis
291 693 362 752 einis
380 693 442 754 sale
458 694 583 756 admixto
605 705 636 755 et
649 695 744 755 cunila
760 694 886 773 oleoque
902 695 1008 754 volvae
1023 695 1193 771 medetur,a

171 775 317 835 suilitionc
331 793 447 856 quoque
464 779 608 840 secuntias
628 779 760 838 donabit.
790 780 859 838 item
873 777 953 837 vitali
968 779 1068 838 marini
1083 779 1167 858 arlips

170 857 325 918 instillatur
345 861 404 937 igni
426 861 542 922 naribus
563 864 811 922 intermortuarum
831 861 936 922 volvae
955 863 1035 922 vitio.
1058 879 1166 940 coagu-

171 942 228 1002 lum
245 942 372 1003 eiusdem
394 945 421 1004 io
439 945 551 1005 vellere
572 948 742 1025 inpositum,
764 945 860 1024 pulmo
877 947 1002 1006 marinus
1024 944 1167 1023 adligatus

171 1034 278 1106 purgat
289 1029 409 1104 egregie
425 1029 576 1106 profluvia,
589 1029 684 1090 celsini
695 1030 828 1088 virentes
842 1029 917 1088 must
929 1037 958 1088 et
968 1030 997 1088 in
1009 1031 1076 1089 vino
1089 1030 1167 1090 dulci

129 1111 267 1188 131poti.
292 1111 395 1171 sistunt
411 1121 440 1171 et
456 1115 551 1174 caueri
568 1113 720 1173 iumatiles
736 1113 794 1172 triti
809 1113 839 1172 in
855 1113 921 1172 vino
937 1113 1068 1191 potique.
1098 1115 1168 1174 item
1175 1127 1202 1168 ro

171 1193 252 1253 siluri
274 1193 386 1268 suffitu,
409 1197 566 1274 praecipue
587 1197 695 1269 Africi,
718 1195 866 1255 faciliores
884 1204 984 1273 partus
1008 1197 1110 1256 iacere
1126 1196 1166 1255 di·

172 1285 283 1353 cuntur‚
302 1281 397 1338 canori
413 1297 450 1338 ex
466 1297 539 1357 aqua
554 1282 616 1357 poti
633 1280 775 1357 profluvia
789 1281 904 1350 sistere,
916 1298 955 1340 ex
969 1280 1085 1357 hysopo
1100 1298 1165 1358 pur·

170 1377 251 1437 gare.
274 1369 303 1420 et
319 1363 343 1420 si
360 1371 459 1438 partus
478 1363 649 1439 strangulet,
666 1362 797 1422 similitor
811 1365 872 1441 poti
890 1363 1070 1423 auxiliantur.
1099 1381 1166 1422 eos·

171 1444 236 1503 dem
257 1447 384 1504 recentis
397 1444 446 1503 rel
464 1445 560 1504 aridos
575 1445 676 1504 bibunt
690 1445 727 1504 arl
746 1454 845 1522 partus
863 1446 1063 1506 continendos.
1095 1446 1165 1523 llip·

171 1536 309 1606 pocrutes
325 1525 361 1585 ad
381 1528 569 1605 purgationes
583 1537 769 1606 mortuosque
790 1537 889 1605 partus
906 1532 993 1590 utitur
1005 1529 1080 1603 illis,
1102 1543 1201 1590 comm

172 1611 265 1688 quinis
287 1609 394 1687 lapathi
414 1609 513 1670 radice
534 1620 672 1690 rutaeque
698 1619 729 1670 et
744 1611 866 1688 iuligine
884 1614 952 1673 trita
971 1622 1001 1673 et
1021 1615 1049 1672 in
1070 1613 1163 1672 mulso

129 1702 180 1757 132
193 1691 257 1753 data
269 1701 349 1770 potu.
370 1693 456 1754 iidem
471 1695 499 1754 in
510 1695 571 1755 iure
583 1696 660 1755 cocti
672 1712 735 1754 cum
749 1694 867 1772 lapatho
880 1705 910 1756 et
925 1698 993 1775 apio
1003 1704 1164 1756 menstruas

60 1833 63 1842 ,
171 1777 360 1854 purgationes
376 1777 530 1855 expediunt
550 1779 693 1857 lactisque
714 1777 873 1839 ubertatem
889 1779 1013 1855 iaciunt,
1036 1779 1121 1838 iidem
1136 1779 1163 1838 io

170 1858 246 1919 iebri
261 1877 335 1936 quae
350 1862 386 1920 sit
406 1878 469 1921 oum
484 1864 586 1941 capitis
602 1862 751 1923 doloribus
768 1871 798 1922 et
812 1863 961 1924 oculorum
977 1863 1163 1943 palpitatione

170 1941 337 2002 mulieribus
353 1944 381 2002 in
396 1945 461 2004 vino
476 1953 593 2006 austero
609 1948 671 2025 poti
684 1945 827 2025 prodesse
838 1947 979 2008 dicuntur.
1000 1956 1199 2009 castoreumm

171 2041 210 2083 ex
224 2024 317 2084 mulso
333 2035 430 2104 potum
446 2030 663 2107 purgationibus
678 2028 799 2109 prodest
820 2039 977 2109 contraque
990 2030 1107 2090 volvam
1121 2028 1163 2088 ol·

130 2107 296 2171 133taotum
307 2125 371 2168 oum
383 2120 466 2171 aceto
482 2122 512 2171 et
524 2113 591 2190 pioe
603 2120 652 2170 aut
663 2112 806 2172 sublitum
817 2113 951 2191 pastillis.
970 2113 1009 2174 all
1021 2112 1163 2174 secundas

172 2191 258 2250 etlam
272 2192 312 2252 uti
328 2193 430 2253 eodem
446 2195 565 2272 prodest
580 2211 644 2253 cunr
659 2211 769 2272 panace
789 2195 820 2254 in
834 2205 966 2274 quattmr
980 2197 1091 2271 cyathis
1105 2195 1163 2254 viui

170 2283 200 2333 et
225 2291 242 2334 a
268 2274 379 2353 frigore
402 2276 598 2337 laborantibus
620 2279 710 2338 ternis
733 2277 838 2338 obolis.
874 2279 926 2338 sad
952 2283 976 2339 si
1001 2289 1163 2339 castoreum

171 2357 688 2438 libromtusupcrgretliaturgrarirla,
704 2361 834 2421 abortum
845 2362 944 2422 iacere
955 2363 1161 2438 dicitur‚etpe·
1172 2378 1196 2417 aa

170 2441 289 2501 riclitari
306 2453 397 2522 partu,
413 2444 439 2501 si
453 2444 660 2521 superferatur.
677 2445 867 2505 limumestet
878 2445 956 2524 quod
966 2444 1163 2523 detorpediue

171 2526 302 2585 invenio:
323 2529 347 2585 si
364 2529 503 2605 capiatur,
519 2544 582 2586 cnm
594 2527 660 2587 luna
672 2528 701 2586 ia
715 2527 788 2588 lbra
803 2529 850 2602 sit,
865 2528 1017 2607 triduoque
1028 2530 1162 2590 adserve-

170 2608 362 2684 totostoto,
383 2607 477 2670 lacilis
498 2619 595 2687 partus
616 2610 717 2671 iacere
739 2620 843 2689 postca
861 2613 996 2688 quotiens
1016 2613 1161 2674 intentor.

172 2691 308 2752 adiurare
323 2701 353 2752 et
377 2696 540 2772 pastinacae
558 2692 655 2753 radios
675 2695 848 2771 adalligatus
863 2695 997 2756 umbilico
1020 2697 1161 2757 existimo·

172 2783 233 2851 tur,
256 2778 279 2834 si
298 2777 403 2836 viventi
420 2776 530 2836 ablatus
550 2779 599 2854 sit,
623 2778 744 2856 ipsaque
766 2777 860 2837 denuo
883 2780 912 2838 iu
936 2797 1021 2844 mare.
1036 2778 1195 2839 dimissam

130 2867 182 2922 134
194 2857 313 2919 invento
334 2860 408 2938 apud
427 2859 564 2938 quosdam
584 2870 747 2921 ostraceum
770 2864 878 2941 vocari
891 2863 969 2942 quod
989 2863 1076 2940 aliqui
1093 2878 1162 2934 ony-

173 2941 255 3001 chem
266 2952 383 3017 vocent,
396 2943 454 3003 lroc
467 2943 592 3004 salitum
606 2945 713 3004 volvae
726 2943 831 3023 poenis
839 2947 911 3006 mire
924 2946 1071 3006 resistere.
1092 2943 1162 3004 otlo-

52 3039 63 3068 ·
172 3036 234 3084 rem
251 3043 318 3085 esse
332 3027 467 3102 castorei,
481 3026 642 3104 meliusque
656 3045 720 3087 com
731 3045 768 3088 eo
781 3037 873 3088 ustam
885 3030 1040 3107 prolicere.
1061 3036 1163 3086 vetera

175 3124 289 3188 quoque
307 3108 405 3170 ulcera
422 3118 451 3169 et
468 3109 609 3170 cacoetlre
626 3111 756 3170 ciusdem
770 3112 869 3170 cinere
883 3114 988 3172 sanari.
1015 3127 1078 3171 nam
1098 3128 1162 3170 car·

172 3191 313 3251 bruculos
328 3203 356 3252 et
371 3195 562 3254 carcinomata
578 3194 606 3251 in
623 3192 756 3253 muliebri
772 3203 854 3271 parte
869 3196 1101 3274 praesentissimo
1117 3210 1160 3250 re·
1172 3207 1197 3246 aa

171 3274 265 3335 medio
281 3278 375 3338 sanurl
396 3276 509 3337 trudunt
523 3293 630 3337 canoro
644 3276 748 3336 lomina
769 3293 834 3337 cnm
850 3278 920 3338 salis
932 3277 1005 3338 iore
1022 3286 1162 3338 contunsa

172 3367 240 3436 post
255 3358 372 3437 plenam
388 3360 480 3419 lunam
499 3369 530 3419 et
543 3377 581 3418 ex
596 3377 669 3438 aqua
687 3360 778 3420 inlito.

130 3449 181 3504 1³5
240 3439 323 3522 (tt.)
346 3442 498 3503 Psilotrum
518 3451 563 3502 est
581 3443 682 3518 thynni
700 3445 835 3520 maguis,
851 3441 910 3517 iel,
925 3444 1023 3520 iocur,
1039 3445 1103 3504 sire
1115 3461 1163 3504 re·
