<?xml version="1.0" encoding="UTF-8"?>
<!DOCTYPE html PUBLIC "-//W3C//DTD XHTML 1.0 Transitional//EN"
    "http://www.w3.org/TR/xhtml1/DTD/xhtml1-transitional.dtd">
<html xmlns="http://www.w3.org/1999/xhtml" xml:lang="en" lang="en">
 <head>
  <title>
</title>
<meta http-equiv="Content-Type" content="text/html;charset=utf-8" />
  <meta name='ocr-system' content='tesseract 3.04.00' />
  <meta name='ocr-capabilities' content='ocr_page ocr_carea ocr_par ocr_line ocrx_word'/>
</head>
<body>
  <div class='ocr_page' id='page_1' title='image "./cplinisecundina24plingoog_0332.png"; bbox 0 0 2484 3817; ppageno 0'>
   <div class='ocr_carea' id='block_1_1' title="bbox 148 186 804 273">
    <p class='ocr_par' dir='ltr' id='par_1_1' title="bbox 148 186 804 273">
     <span class='ocr_line' id='line_1_1' title="bbox 148 186 804 273; baseline -0.006 0"><span class='ocrx_word' id='word_1_1' title='bbox 148 210 211 273; x_wconf 77' lang='lat'><strong>26⁰</strong></span> <span class='ocrx_word' id='word_1_2' title='bbox 245 186 260 197; x_wconf 57' lang='grc'>’</span> <span class='ocrx_word' id='word_1_3' title='bbox 499 222 529 270; x_wconf 91' lang='lat' dir='ltr'><strong>c.</strong></span> <span class='ocrx_word' id='word_1_4' title='bbox 544 223 640 271; x_wconf 73' lang='lat' dir='ltr'><strong>curru</strong></span> <span class='ocrx_word' id='word_1_5' title='bbox 655 220 804 271; x_wconf 80' lang='lat' dir='ltr'><strong>succum</strong></span> 
     </span>
    </p>
   </div>
   <div class='ocr_carea' id='block_1_2' title="bbox 35 374 1177 1622">
    <p class='ocr_par' dir='ltr' id='par_1_2' title="bbox 35 374 1177 1622">
     <span class='ocr_line' id='line_1_2' title="bbox 107 374 1140 455; baseline -0.002 -18"><span class='ocrx_word' id='word_1_6' title='bbox 107 388 218 445; x_wconf 68' lang='lat' dir='ltr'><strong>luscos</strong></span> <span class='ocrx_word' id='word_1_7' title='bbox 235 379 318 455; x_wconf 79' lang='lat' dir='ltr'><strong>requi</strong></span> <span class='ocrx_word' id='word_1_8' title='bbox 334 394 427 437; x_wconf 83' lang='lat' dir='ltr'><strong>eumn</strong></span> <span class='ocrx_word' id='word_1_9' title='bbox 442 393 500 454; x_wconf 80' lang='lat' dir='ltr'><strong>quo</strong></span> <span class='ocrx_word' id='word_1_10' title='bbox 511 375 664 435; x_wconf 87' lang='lat' dir='ltr'><strong>cerebrum</strong></span> <span class='ocrx_word' id='word_1_11' title='bbox 678 375 758 435; x_wconf 90' lang='lat' dir='ltr'><strong>corvi</strong></span> <span class='ocrx_word' id='word_1_12' title='bbox 770 376 938 453; x_wconf 89' lang='lat' dir='ltr'><strong>acceperint</strong></span> <span class='ocrx_word' id='word_1_13' title='bbox 950 376 979 435; x_wconf 92' lang='lat' dir='ltr'><strong>in</strong></span> <span class='ocrx_word' id='word_1_14' title='bbox 994 376 1060 435; x_wconf 86' lang='lat' dir='ltr'><strong>olla.</strong></span> <span class='ocrx_word' id='word_1_15' title='bbox 1078 374 1140 453; x_wconf 92' lang='lat' dir='ltr'><strong>pul·</strong></span> 
     </span>
     <span class='ocr_line' id='line_1_3' title="bbox 147 459 1142 539; baseline -0.002 -18"><span class='ocrx_word' id='word_1_16' title='bbox 147 479 248 521; x_wconf 88' lang='lat' dir='ltr'><strong>verem</strong></span> <span class='ocrx_word' id='word_1_17' title='bbox 263 461 291 519; x_wconf 92' lang='lat' dir='ltr'><strong>in</strong></span> <span class='ocrx_word' id='word_1_18' title='bbox 306 476 363 539; x_wconf 80' lang='lat' dir='ltr'><strong>quo</strong></span> <span class='ocrx_word' id='word_1_19' title='bbox 378 477 412 519; x_wconf 87' lang='lat' dir='ltr'><strong>ae</strong></span> <span class='ocrx_word' id='word_1_20' title='bbox 426 459 502 518; x_wconf 85' lang='lat' dir='ltr'><strong>mula</strong></span> <span class='ocrx_word' id='word_1_21' title='bbox 511 459 686 519; x_wconf 75' lang='lat' dir='ltr'><strong>volutaverit</strong></span> <span class='ocrx_word' id='word_1_22' title='bbox 701 459 818 537; x_wconf 91' lang='lat' dir='ltr'><strong>corpori</strong></span> <span class='ocrx_word' id='word_1_23' title='bbox 831 459 994 537; x_wconf 77' lang='lat' dir='ltr'><strong>inspersum</strong></span> <span class='ocrx_word' id='word_1_24' title='bbox 1008 460 1142 537; x_wconf 77' lang='lat' dir='ltr'><strong>mitigare</strong></span> 
     </span>
     <span class='ocr_line' id='line_1_4' title="bbox 149 542 1140 619; baseline -0.002 -14"><span class='ocrx_word' id='word_1_25' title='bbox 149 544 270 605; x_wconf 84' lang='lat' dir='ltr'><strong>ardores</strong></span> <span class='ocrx_word' id='word_1_26' title='bbox 283 543 399 603; x_wconf 78' lang='lat' dir='ltr'><strong>amorio.</strong></span> <span class='ocrx_word' id='word_1_27' title='bbox 428 544 540 603; x_wconf 76' lang='lat' dir='ltr'><strong>soricen</strong></span> <span class='ocrx_word' id='word_1_28' title='bbox 555 542 664 619; x_wconf 75' lang='lat' dir='ltr'><strong>iugari,</strong></span> <span class='ocrx_word' id='word_1_29' title='bbox 688 543 712 601; x_wconf 83' lang='lat' dir='ltr'><strong>si</strong></span> <span class='ocrx_word' id='word_1_30' title='bbox 734 560 806 602; x_wconf 82' lang='lat' dir='ltr'><strong>unus</strong></span> <span class='ocrx_word' id='word_1_31' title='bbox 827 551 967 603; x_wconf 78' lang='lat' dir='ltr'><strong>carnatus</strong></span> <span class='ocrx_word' id='word_1_32' title='bbox 989 544 1140 603; x_wconf 85' lang='lat' dir='ltr'><strong>emittatur.</strong></span> 
     </span>
     <span class='ocr_line' id='line_1_5' title="bbox 147 625 1140 707; baseline -0.003 -19"><span class='ocrx_word' id='word_1_33' title='bbox 147 629 272 705; x_wconf 73' lang='lat' dir='ltr'><strong>anguina</strong></span> <span class='ocrx_word' id='word_1_34' title='bbox 292 626 371 707; x_wconf 89' lang='lat' dir='ltr'><strong>pelle</strong></span> <span class='ocrx_word' id='word_1_35' title='bbox 392 634 422 685; x_wconf 86' lang='lat' dir='ltr'><strong>et</strong></span> <span class='ocrx_word' id='word_1_36' title='bbox 440 626 518 697; x_wconf 82' lang='lat' dir='ltr'><strong>iarrc</strong></span> <span class='ocrx_word' id='word_1_37' title='bbox 537 634 568 684; x_wconf 86' lang='lat' dir='ltr'><strong>et</strong></span> <span class='ocrx_word' id='word_1_38' title='bbox 587 626 651 686; x_wconf 87' lang='lat' dir='ltr'><strong>aale</strong></span> <span class='ocrx_word' id='word_1_39' title='bbox 671 634 702 685; x_wconf 86' lang='lat' dir='ltr'><strong>et</strong></span> <span class='ocrx_word' id='word_1_40' title='bbox 722 625 853 705; x_wconf 75' lang='lat' dir='ltr'><strong>serpyllo</strong></span> <span class='ocrx_word' id='word_1_41' title='bbox 872 628 1001 686; x_wconf 77' lang='lat' dir='ltr'><strong>contritis</strong></span> <span class='ocrx_word' id='word_1_42' title='bbox 1015 644 1070 685; x_wconf 92' lang='lat' dir='ltr'><strong>una</strong></span> <span class='ocrx_word' id='word_1_43' title='bbox 1091 626 1140 686; x_wconf 89' lang='lat' dir='ltr'><strong>de·</strong></span> 
     </span>
     <span class='ocr_line' id='line_1_6' title="bbox 147 708 1167 789; baseline -0.003 -17"><span class='ocrx_word' id='word_1_44' title='bbox 147 714 291 789; x_wconf 80' lang='lat' dir='ltr'><strong>iectiaque</strong></span> <span class='ocrx_word' id='word_1_45' title='bbox 304 728 368 770; x_wconf 88' lang='lat' dir='ltr'><strong>curu</strong></span> <span class='ocrx_word' id='word_1_46' title='bbox 378 711 446 770; x_wconf 90' lang='lat' dir='ltr'><strong>vino</strong></span> <span class='ocrx_word' id='word_1_47' title='bbox 455 712 484 770; x_wconf 90' lang='lat' dir='ltr'><strong>in</strong></span> <span class='ocrx_word' id='word_1_48' title='bbox 495 710 587 769; x_wconf 84' lang='lat' dir='ltr'><strong>iaucia</strong></span> <span class='ocrx_word' id='word_1_49' title='bbox 598 708 685 769; x_wconf 88' lang='lat' dir='ltr'><strong>boum</strong></span> <span class='ocrx_word' id='word_1_50' title='bbox 698 728 752 770; x_wconf 89' lang='lat' dir='ltr'><strong>uva</strong></span> <span class='ocrx_word' id='word_1_51' title='bbox 761 719 983 787; x_wconf 74' lang='lat' dir='ltr'>maturescente,</span> <span class='ocrx_word' id='word_1_52' title='bbox 996 719 1058 770; x_wconf 91' lang='lat' dir='ltr'><strong>toto</strong></span> <span class='ocrx_word' id='word_1_53' title='bbox 1066 728 1167 770; x_wconf 75' lang='lat' dir='ltr'><strong>annot</strong></span> 
     </span>
     <span class='ocr_line' id='line_1_7' title="bbox 147 792 1140 873; baseline -0.004 -18"><span class='ocrx_word' id='word_1_54' title='bbox 147 794 334 870; x_wconf 78' lang='lat' dir='ltr'><strong>convalere,</strong></span> <span class='ocrx_word' id='word_1_55' title='bbox 354 794 403 853; x_wconf 88' lang='lat' dir='ltr'><strong>vel</strong></span> <span class='ocrx_word' id='word_1_56' title='bbox 417 796 443 853; x_wconf 88' lang='lat' dir='ltr'><strong>ai</strong></span> <span class='ocrx_word' id='word_1_57' title='bbox 458 792 635 852; x_wconf 79' lang='lat' dir='ltr'><strong>hirundinum</strong></span> <span class='ocrx_word' id='word_1_58' title='bbox 651 794 722 873; x_wconf 89' lang='lat' dir='ltr'><strong>pulli</strong></span> <span class='ocrx_word' id='word_1_59' title='bbox 745 802 806 853; x_wconf 82' lang='lat' dir='ltr'><strong>tres</strong></span> <span class='ocrx_word' id='word_1_60' title='bbox 829 794 920 853; x_wconf 88' lang='lat' dir='ltr'><strong>trihus</strong></span> <span class='ocrx_word' id='word_1_61' title='bbox 942 793 1010 853; x_wconf 85' lang='lat' dir='ltr'><strong>cilis</strong></span> <span class='ocrx_word' id='word_1_62' title='bbox 1027 793 1140 854; x_wconf 90' lang='lat' dir='ltr'><strong>dentur.</strong></span> 
     </span>
     <span class='ocr_line' id='line_1_8' title="bbox 146 876 1142 957; baseline 0 -20"><span class='ocrx_word' id='word_1_63' title='bbox 146 878 268 957; x_wconf 84' lang='lat' dir='ltr'><strong>pulvere</strong></span> <span class='ocrx_word' id='word_1_64' title='bbox 288 879 455 953; x_wconf 78' lang='lat' dir='ltr'><strong>evestigio·</strong></span> <span class='ocrx_word' id='word_1_65' title='bbox 468 876 600 952; x_wconf 73' lang='lat' dir='ltr'><strong>anguium</strong></span> <span class='ocrx_word' id='word_1_66' title='bbox 625 877 751 937; x_wconf 90' lang='lat' dir='ltr'><strong>collecto</strong></span> <span class='ocrx_word' id='word_1_67' title='bbox 774 893 892 955; x_wconf 77' lang='lat' dir='ltr'><strong>sparnac</strong></span> <span class='ocrx_word' id='word_1_68' title='bbox 909 878 973 955; x_wconf 80' lang='lat' dir='ltr'><strong>apin</strong></span> <span class='ocrx_word' id='word_1_69' title='bbox 995 878 1025 935; x_wconf 90' lang='lat' dir='ltr'><strong>in</strong></span> <span class='ocrx_word' id='word_1_70' title='bbox 1045 876 1142 937; x_wconf 88' lang='lat' dir='ltr'><strong>alvom</strong></span> 
     </span>
     <span class='ocr_line' id='line_1_9' title="bbox 145 959 1140 1037; baseline -0.002 -16"><span class='ocrx_word' id='word_1_71' title='bbox 145 963 265 1022; x_wconf 85' lang='lat' dir='ltr'><strong>reverti.</strong></span> <span class='ocrx_word' id='word_1_72' title='bbox 302 961 402 1019; x_wconf 74' lang='lat' dir='ltr'><strong>arietis</strong></span> <span class='ocrx_word' id='word_1_73' title='bbox 421 959 532 1035; x_wconf 81' lang='lat' dir='ltr'><strong>dextro¹</strong></span> <span class='ocrx_word' id='word_1_74' title='bbox 551 968 626 1019; x_wconf 88' lang='lat' dir='ltr'><strong>teate</strong></span> <span class='ocrx_word' id='word_1_75' title='bbox 652 959 814 1037; x_wconf 78' lang='lat' dir='ltr'><strong>praeligato</strong></span> <span class='ocrx_word' id='word_1_76' title='bbox 839 960 902 1019; x_wconf 79' lang='lat' dir='ltr'><strong>ovis</strong></span> <span class='ocrx_word' id='word_1_77' title='bbox 922 968 1028 1019; x_wconf 88' lang='lat' dir='ltr'><strong>tantum</strong></span> <span class='ocrx_word' id='word_1_78' title='bbox 1047 960 1140 1037; x_wconf 74' lang='lat' dir='ltr'><strong>gigni.</strong></span> 
     </span>
     <span class='ocr_line' id='line_1_10' title="bbox 104 1042 1141 1121; baseline -0.002 -18"><span class='ocrx_word' id='word_1_79' title='bbox 104 1053 156 1110; x_wconf 75' lang='lat'><strong>149</strong></span> <span class='ocrx_word' id='word_1_80' title='bbox 166 1062 225 1104; x_wconf 90' lang='lat' dir='ltr'><strong>uon</strong></span> <span class='ocrx_word' id='word_1_81' title='bbox 238 1044 342 1104; x_wconf 78' lang='lat' dir='ltr'><strong>lassari</strong></span> <span class='ocrx_word' id='word_1_82' title='bbox 352 1045 381 1103; x_wconf 93' lang='lat' dir='ltr'><strong>iu</strong></span> <span class='ocrx_word' id='word_1_83' title='bbox 395 1042 455 1103; x_wconf 94' lang='lat' dir='ltr'><strong>ullo</strong></span> <span class='ocrx_word' id='word_1_84' title='bbox 465 1042 566 1102; x_wconf 89' lang='lat' dir='ltr'><strong>labore</strong></span> <span class='ocrx_word' id='word_1_85' title='bbox 582 1043 631 1121; x_wconf 85' lang='lat' dir='ltr'><strong>qui</strong></span> <span class='ocrx_word' id='word_1_86' title='bbox 643 1062 750 1103; x_wconf 81' lang='lat' dir='ltr'><strong>nervos</strong></span> <span class='ocrx_word' id='word_1_87' title='bbox 765 1060 803 1102; x_wconf 85' lang='lat' dir='ltr'><strong>ex</strong></span> <span class='ocrx_word' id='word_1_88' title='bbox 814 1043 867 1103; x_wconf 87' lang='lat' dir='ltr'><strong>alia</strong></span> <span class='ocrx_word' id='word_1_89' title='bbox 880 1052 909 1102; x_wconf 89' lang='lat' dir='ltr'><strong>et</strong></span> <span class='ocrx_word' id='word_1_90' title='bbox 920 1043 1050 1103; x_wconf 85' lang='lat' dir='ltr'><strong>cruribus</strong></span> <span class='ocrx_word' id='word_1_91' title='bbox 1061 1045 1141 1121; x_wconf 79' lang='lat' dir='ltr'><strong>gruis</strong></span> 
     </span>
     <span class='ocr_line' id='line_1_11' title="bbox 145 1125 1177 1203; baseline -0.003 -14"><span class='ocrx_word' id='word_1_92' title='bbox 145 1129 280 1189; x_wconf 87' lang='lat' dir='ltr'><strong>habeant.</strong></span> <span class='ocrx_word' id='word_1_93' title='bbox 311 1125 402 1185; x_wconf 79' lang='lat' dir='ltr'><strong>mulae</strong></span> <span class='ocrx_word' id='word_1_94' title='bbox 421 1142 478 1185; x_wconf 92' lang='lat' dir='ltr'><strong>non</strong></span> <span class='ocrx_word' id='word_1_95' title='bbox 492 1126 644 1187; x_wconf 78' lang='lat' dir='ltr'><strong>calcitrare</strong></span> <span class='ocrx_word' id='word_1_96' title='bbox 662 1144 724 1185; x_wconf 88' lang='lat' dir='ltr'><strong>cum</strong></span> <span class='ocrx_word' id='word_1_97' title='bbox 745 1127 839 1186; x_wconf 89' lang='lat' dir='ltr'><strong>vinum</strong></span> <span class='ocrx_word' id='word_1_98' title='bbox 853 1126 987 1186; x_wconf 84' lang='lat' dir='ltr'><strong>biberint.</strong></span> <span class='ocrx_word' id='word_1_99' title='bbox 1019 1126 1140 1203; x_wconf 77' lang='lat' dir='ltr'><strong>ungulae</strong></span> <span class='ocrx_word' id='word_1_100' title='bbox 1151 1145 1177 1186; x_wconf 86' lang='lat' dir='ltr'><strong>ro</strong></span> 
     </span>
     <span class='ocr_line' id='line_1_12' title="bbox 145 1209 1141 1288; baseline -0.002 -18"><span class='ocrx_word' id='word_1_101' title='bbox 145 1219 252 1271; x_wconf 87' lang='lat' dir='ltr'><strong>tautum</strong></span> <span class='ocrx_word' id='word_1_102' title='bbox 265 1209 404 1268; x_wconf 86' lang='lat' dir='ltr'><strong>mularum</strong></span> <span class='ocrx_word' id='word_1_103' title='bbox 419 1218 569 1288; x_wconf 78' lang='lat' dir='ltr'><strong>repertae,</strong></span> <span class='ocrx_word' id='word_1_104' title='bbox 593 1228 688 1287; x_wconf 87' lang='lat' dir='ltr'><strong>neque</strong></span> <span class='ocrx_word' id='word_1_105' title='bbox 703 1209 786 1269; x_wconf 88' lang='lat' dir='ltr'><strong>aliam</strong></span> <span class='ocrx_word' id='word_1_106' title='bbox 801 1210 888 1269; x_wconf 88' lang='lat' dir='ltr'><strong>ullam</strong></span> <span class='ocrx_word' id='word_1_107' title='bbox 902 1210 1048 1269; x_wconf 85' lang='lat' dir='ltr'><strong>materiam</strong></span> <span class='ocrx_word' id='word_1_108' title='bbox 1065 1227 1141 1287; x_wconf 85' lang='lat' dir='ltr'><strong>quae</strong></span> 
     </span>
     <span class='ocr_line' id='line_1_13' title="bbox 145 1292 1141 1372; baseline -0.004 -17"><span class='ocrx_word' id='word_1_109' title='bbox 145 1312 203 1355; x_wconf 91' lang='lat' dir='ltr'><strong>non</strong></span> <span class='ocrx_word' id='word_1_110' title='bbox 228 1292 437 1372; x_wconf 86' lang='lat' dir='ltr'><strong>perroderetur</strong></span> <span class='ocrx_word' id='word_1_111' title='bbox 457 1310 475 1352; x_wconf 89' lang='lat' dir='ltr'><strong>a</strong></span> <span class='ocrx_word' id='word_1_112' title='bbox 497 1310 609 1352; x_wconf 88' lang='lat' dir='ltr'><strong>veneno</strong></span> <span class='ocrx_word' id='word_1_113' title='bbox 631 1294 729 1369; x_wconf 77' lang='lat' dir='ltr'><strong>Stygia</strong></span> <span class='ocrx_word' id='word_1_114' title='bbox 755 1310 861 1370; x_wconf 86' lang='lat' dir='ltr'><strong>aquae,</strong></span> <span class='ocrx_word' id='word_1_115' title='bbox 886 1311 950 1353; x_wconf 86' lang='lat' dir='ltr'><strong>cunr</strong></span> <span class='ocrx_word' id='word_1_116' title='bbox 968 1292 997 1351; x_wconf 93' lang='lat' dir='ltr'><strong>id</strong></span> <span class='ocrx_word' id='word_1_117' title='bbox 1020 1292 1141 1351; x_wconf 89' lang='lat' dir='ltr'><strong>dandum</strong></span> 
     </span>
     <span class='ocr_line' id='line_1_14' title="bbox 146 1374 1141 1454; baseline -0.002 -17"><span class='ocrx_word' id='word_1_118' title='bbox 146 1375 315 1437; x_wconf 80' lang='lat' dir='ltr'><strong>Alexandro</strong></span> <span class='ocrx_word' id='word_1_119' title='bbox 338 1374 444 1452; x_wconf 81' lang='lat' dir='ltr'><strong>llagno</strong></span> <span class='ocrx_word' id='word_1_120' title='bbox 462 1374 616 1454; x_wconf 79' lang='lat' dir='ltr'><strong>Antipater</strong></span> <span class='ocrx_word' id='word_1_121' title='bbox 630 1378 771 1452; x_wconf 85' lang='lat' dir='ltr'><strong>mitteret,</strong></span> <span class='ocrx_word' id='word_1_122' title='bbox 799 1376 915 1453; x_wconf 78' lang='lat' dir='ltr'><strong>dignum</strong></span> <span class='ocrx_word' id='word_1_123' title='bbox 936 1378 1073 1437; x_wconf 85' lang='lat' dir='ltr'><strong>memoria</strong></span> <span class='ocrx_word' id='word_1_124' title='bbox 1096 1384 1141 1436; x_wconf 81' lang='lat' dir='ltr'><strong>cet</strong></span> 
     </span>
     <span class='ocr_line' id='line_1_15' title="bbox 35 1457 1139 1541; baseline 0 -22"><span class='ocrx_word' id='word_1_125' title='bbox 35 1526 42 1541; x_wconf 23' lang='lat' dir='ltr'><strong><em>t</em></strong></span> <span class='ocrx_word' id='word_1_126' title='bbox 145 1477 250 1536; x_wconf 74' lang='lat' dir='ltr'><strong>magua</strong></span> <span class='ocrx_word' id='word_1_127' title='bbox 273 1457 440 1519; x_wconf 77' lang='lat' dir='ltr'><strong>Aristotelio</strong></span> <span class='ocrx_word' id='word_1_128' title='bbox 460 1458 575 1518; x_wconf 81' lang='lat' dir='ltr'><strong>infamia</strong></span> <span class='ocrx_word' id='word_1_129' title='bbox 598 1460 806 1535; x_wconf 75' lang='lat' dir='ltr'><strong>excogitatum.</strong></span> <span class='ocrx_word' id='word_1_130' title='bbox 843 1458 926 1519; x_wconf 88' lang='lat' dir='ltr'><strong>Nunc</strong></span> <span class='ocrx_word' id='word_1_131' title='bbox 946 1460 982 1521; x_wconf 90' lang='lat' dir='ltr'><strong>ad</strong></span> <span class='ocrx_word' id='word_1_132' title='bbox 1004 1460 1139 1539; x_wconf 78' lang='lat' dir='ltr'><strong>aquatilia</strong></span> 
     </span>
     <span class='ocr_line' id='line_1_16' title="bbox 146 1550 374 1622; baseline -0.013 -19"><span class='ocrx_word' id='word_1_133' title='bbox 146 1550 374 1622; x_wconf 85' lang='lat' dir='ltr'><strong>praevertemur.</strong></span> 
     </span>
    </p>
   </div>
   <div class='ocr_carea' id='block_1_3' title="bbox 388 2153 856 2241">
    <p class='ocr_par' dir='ltr' id='par_1_3' title="bbox 388 2153 856 2241">
     <span class='ocr_line' id='line_1_17' title="bbox 388 2153 856 2241; baseline -0.002 -3"><span class='ocrx_word' id='word_1_134' title='bbox 388 2154 595 2239; x_wconf 76' lang='lat' dir='ltr'><strong>lll’llill</strong></span> <span class='ocrx_word' id='word_1_135' title='bbox 627 2153 856 2241; x_wconf 79' lang='lat' dir='ltr'><strong>satulli</strong></span> 
     </span>
    </p>
   </div>
   <div class='ocr_carea' id='block_1_4' title="bbox 146 2308 1028 2597">
    <p class='ocr_par' dir='ltr' id='par_1_4' title="bbox 146 2308 1028 2597">
     <span class='ocr_line' id='line_1_18' title="bbox 146 2308 1028 2424; baseline 0.001 -8"><span class='ocrx_word' id='word_1_136' title='bbox 146 2308 598 2418; x_wconf 77' lang='lat' dir='ltr'><strong>&#39;unicurtis</strong></span> <span class='ocrx_word' id='word_1_137' title='bbox 638 2322 1028 2424; x_wconf 81' lang='lat' dir='ltr'><strong>lllilllllllll</strong></span> 
     </span>
     <span class='ocr_line' id='line_1_19' title="bbox 324 2502 808 2597; baseline -0.006 -27"><span class='ocrx_word' id='word_1_138' title='bbox 324 2590 328 2597; x_wconf 26' lang='lat'><strong><em>¹</em></strong></span> <span class='ocrx_word' id='word_1_139' title='bbox 455 2502 808 2569; x_wconf 80' lang='lat' dir='ltr'><strong>urauaxxxr.</strong></span> 
     </span>
    </p>
   </div>
   <div class='ocr_carea' id='block_1_5' title="bbox 543 2676 693 2685">
    <p class='ocr_par' dir='ltr' id='par_1_5' title="bbox 543 2676 693 2685">
     <span class='ocr_line' id='line_1_20' title="bbox 543 2676 693 2685; baseline -0.013 0"><span class='ocrx_word' id='word_1_140' title='bbox 543 2676 693 2685; x_wconf 78' lang='lat'><strong>-—</strong></span> 
     </span>
    </p>
   </div>
   <div class='ocr_carea' id='block_1_6' title="bbox 116 2787 1173 3532">
    <p class='ocr_par' dir='ltr' id='par_1_6' title="bbox 120 2787 1173 3203">
     <span class='ocr_line' id='line_1_21' title="bbox 120 2787 1173 2869; baseline -0.008 -16"><span class='ocrx_word' id='word_1_141' title='bbox 120 2801 135 2853; x_wconf 91' lang='lat'><em>1</em></span> <span class='ocrx_word' id='word_1_142' title='bbox 211 2787 284 2867; x_wconf 77' lang='lat' dir='ltr'><strong>(lap.</strong></span> <span class='ocrx_word' id='word_1_143' title='bbox 299 2790 325 2847; x_wconf 85' lang='lat'><strong>1.</strong></span> <span class='ocrx_word' id='word_1_144' title='bbox 343 2789 438 2866; x_wconf 87' lang='lat' dir='ltr'><strong>(Seet.</strong></span> <span class='ocrx_word' id='word_1_145' title='bbox 453 2791 497 2869; x_wconf 84' lang='lat'><strong>1.)</strong></span> <span class='ocrx_word' id='word_1_146' title='bbox 517 2790 692 2868; x_wconf 80' lang='lat' dir='ltr'><strong>Aquatilium</strong></span> <span class='ocrx_word' id='word_1_147' title='bbox 709 2791 883 2849; x_wconf 86' lang='lat' dir='ltr'><strong>secunturin</strong></span> <span class='ocrx_word' id='word_1_148' title='bbox 894 2788 1034 2849; x_wconf 85' lang='lat' dir='ltr'><strong>medicina</strong></span> <span class='ocrx_word' id='word_1_149' title='bbox 1045 2787 1135 2861; x_wconf 75' lang='lat' dir='ltr'><strong>bene·</strong></span> <span class='ocrx_word' id='word_1_150' title='bbox 1146 2802 1173 2845; x_wconf 83' lang='lat' dir='ltr'><strong>ao</strong></span> 
     </span>
     <span class='ocr_line' id='line_1_22' title="bbox 146 2870 1137 2951; baseline -0.002 -20"><span class='ocrx_word' id='word_1_151' title='bbox 146 2872 222 2948; x_wconf 84' lang='lat' dir='ltr'><strong>licia,</strong></span> <span class='ocrx_word' id='word_1_152' title='bbox 242 2873 350 2951; x_wconf 89' lang='lat' dir='ltr'><strong>opiiice</strong></span> <span class='ocrx_word' id='word_1_153' title='bbox 366 2881 465 2931; x_wconf 90' lang='lat' dir='ltr'><strong>natura</strong></span> <span class='ocrx_word' id='word_1_154' title='bbox 479 2891 517 2932; x_wconf 91' lang='lat' dir='ltr'><strong>ue</strong></span> <span class='ocrx_word' id='word_1_155' title='bbox 531 2875 561 2933; x_wconf 90' lang='lat' dir='ltr'><strong>in</strong></span> <span class='ocrx_word' id='word_1_156' title='bbox 577 2875 635 2933; x_wconf 82' lang='lat' dir='ltr'><strong>illis</strong></span> <span class='ocrx_word' id='word_1_157' title='bbox 653 2874 766 2951; x_wconf 87' lang='lat' dir='ltr'><strong>quidem</strong></span> <span class='ocrx_word' id='word_1_158' title='bbox 781 2881 916 2933; x_wconf 73' lang='lat' dir='ltr'><strong>cessante</strong></span> <span class='ocrx_word' id='word_1_159' title='bbox 932 2880 962 2932; x_wconf 89' lang='lat' dir='ltr'><strong>et</strong></span> <span class='ocrx_word' id='word_1_160' title='bbox 975 2888 1029 2951; x_wconf 89' lang='lat' dir='ltr'><strong>per</strong></span> <span class='ocrx_word' id='word_1_161' title='bbox 1045 2870 1137 2931; x_wconf 79' lang='lat' dir='ltr'><strong>undas</strong></span> 
     </span>
     <span class='ocr_line' id='line_1_23' title="bbox 146 2954 1138 3036; baseline -0.003 -23"><span class='ocrx_word' id='word_1_162' title='bbox 146 2954 307 3033; x_wconf 77' lang='lat' dir='ltr'><strong>ductusque</strong></span> <span class='ocrx_word' id='word_1_163' title='bbox 329 2974 364 3015; x_wconf 91' lang='lat' dir='ltr'><strong>ac</strong></span> <span class='ocrx_word' id='word_1_164' title='bbox 384 2957 555 3034; x_wconf 81' lang='lat' dir='ltr'><strong>reciprocos</strong></span> <span class='ocrx_word' id='word_1_165' title='bbox 577 2965 675 3017; x_wconf 79' lang='lat' dir='ltr'><strong>aestus</strong></span> <span class='ocrx_word' id='word_1_166' title='bbox 697 2956 875 3034; x_wconf 81' lang='lat' dir='ltr'><strong>amniumque</strong></span> <span class='ocrx_word' id='word_1_167' title='bbox 897 2956 1013 3036; x_wconf 82' lang='lat' dir='ltr'><strong>rapidos</strong></span> <span class='ocrx_word' id='word_1_168' title='bbox 1035 2970 1138 3013; x_wconf 75' lang='lat' dir='ltr'><strong>cursus</strong></span> 
     </span>
     <span class='ocr_line' id='line_1_24' title="bbox 145 3038 1137 3120; baseline -0.002 -24"><span class='ocrx_word' id='word_1_169' title='bbox 145 3038 283 3115; x_wconf 82' lang='lat' dir='ltr'><strong>inprobae</strong></span> <span class='ocrx_word' id='word_1_170' title='bbox 296 3048 452 3098; x_wconf 83' lang='lat' dir='ltr'><strong>exercente</strong></span> <span class='ocrx_word' id='word_1_171' title='bbox 463 3041 544 3116; x_wconf 86' lang='lat' dir='ltr'><strong>viria,</strong></span> <span class='ocrx_word' id='word_1_172' title='bbox 558 3057 698 3117; x_wconf 79' lang='lat' dir='ltr'><strong>uunquam</strong></span> <span class='ocrx_word' id='word_1_173' title='bbox 714 3040 844 3120; x_wconf 91' lang='lat' dir='ltr'><strong>potentia</strong></span> <span class='ocrx_word' id='word_1_174' title='bbox 860 3041 979 3113; x_wconf 87' lang='lat' dir='ltr'><strong>maiore,</strong></span> <span class='ocrx_word' id='word_1_175' title='bbox 996 3038 1019 3095; x_wconf 89' lang='lat' dir='ltr'><strong>ai</strong></span> <span class='ocrx_word' id='word_1_176' title='bbox 1035 3052 1137 3095; x_wconf 83' lang='lat' dir='ltr'><strong>verum</strong></span> 
     </span>
     <span class='ocr_line' id='line_1_25' title="bbox 145 3119 1135 3203; baseline -0.004 -22"><span class='ocrx_word' id='word_1_177' title='bbox 145 3122 230 3181; x_wconf 84' lang='lat' dir='ltr'><strong>lateri</strong></span> <span class='ocrx_word' id='word_1_178' title='bbox 244 3120 393 3197; x_wconf 81' lang='lat' dir='ltr'><strong>volumus,</strong></span> <span class='ocrx_word' id='word_1_179' title='bbox 418 3124 526 3203; x_wconf 86' lang='lat' dir='ltr'><strong>quippe</strong></span> <span class='ocrx_word' id='word_1_180' title='bbox 541 3123 600 3181; x_wconf 85' lang='lat' dir='ltr'><strong>laoc</strong></span> <span class='ocrx_word' id='word_1_181' title='bbox 621 3122 793 3185; x_wconf 85' lang='lat' dir='ltr'><strong>elementum</strong></span> <span class='ocrx_word' id='word_1_182' title='bbox 814 3123 922 3183; x_wconf 76' lang='lat' dir='ltr'><strong>ceteris</strong></span> <span class='ocrx_word' id='word_1_183' title='bbox 935 3119 1064 3180; x_wconf 73' lang='lat' dir='ltr'><strong>omnibus</strong></span> <span class='ocrx_word' id='word_1_184' title='bbox 1084 3120 1135 3178; x_wconf 86' lang='lat' dir='ltr'><strong>irn-</strong></span> 
     </span>
    </p>

    <p class='ocr_par' dir='ltr' id='par_1_7' title="bbox 116 3202 1172 3532">
     <span class='ocr_line' id='line_1_26' title="bbox 116 3202 1172 3283; baseline -0.002 -18"><span class='ocrx_word' id='word_1_185' title='bbox 116 3212 239 3283; x_wconf 74' lang='lat' dir='ltr'><strong>tperat.</strong></span> <span class='ocrx_word' id='word_1_186' title='bbox 270 3212 364 3266; x_wconf 83' lang='lat' dir='ltr'><strong>terrac</strong></span> <span class='ocrx_word' id='word_1_187' title='bbox 377 3205 518 3267; x_wconf 84' lang='lat' dir='ltr'><strong>devorant</strong></span> <span class='ocrx_word' id='word_1_188' title='bbox 532 3224 641 3283; x_wconf 82' lang='lat' dir='ltr'><strong>aquae,</strong></span> <span class='ocrx_word' id='word_1_189' title='bbox 656 3208 782 3269; x_wconf 83' lang='lat' dir='ltr'><strong>llammaa</strong></span> <span class='ocrx_word' id='word_1_190' title='bbox 803 3214 923 3281; x_wconf 86' lang='lat' dir='ltr'><strong>necant,</strong></span> <span class='ocrx_word' id='word_1_191' title='bbox 944 3202 1083 3263; x_wconf 82' lang='lat' dir='ltr'><strong>scandunt</strong></span> <span class='ocrx_word' id='word_1_192' title='bbox 1106 3204 1172 3263; x_wconf 75' lang='lat' dir='ltr'><strong>inec</strong></span> 
     </span>
     <span class='ocr_line' id='line_1_27' title="bbox 146 3285 1135 3369; baseline -0.001 -25"><span class='ocrx_word' id='word_1_193' title='bbox 146 3285 267 3347; x_wconf 76' lang='lat' dir='ltr'><strong>sublime</strong></span> <span class='ocrx_word' id='word_1_194' title='bbox 281 3298 310 3349; x_wconf 90' lang='lat' dir='ltr'><strong>et</strong></span> <span class='ocrx_word' id='word_1_195' title='bbox 325 3289 435 3350; x_wconf 88' lang='lat' dir='ltr'><strong>caelum</strong></span> <span class='ocrx_word' id='word_1_196' title='bbox 452 3308 569 3369; x_wconf 86' lang='lat' dir='ltr'><strong>quoquc</strong></span> <span class='ocrx_word' id='word_1_197' title='bbox 589 3290 644 3350; x_wconf 82' lang='lat' dir='ltr'><strong>ailri</strong></span> <span class='ocrx_word' id='word_1_198' title='bbox 666 3291 808 3350; x_wconf 88' lang='lat' dir='ltr'><strong>vindicant</strong></span> <span class='ocrx_word' id='word_1_199' title='bbox 829 3306 864 3349; x_wconf 92' lang='lat' dir='ltr'><strong>ac</strong></span> <span class='ocrx_word' id='word_1_200' title='bbox 879 3286 993 3347; x_wconf 86' lang='lat' dir='ltr'><strong>nubium</strong></span> <span class='ocrx_word' id='word_1_201' title='bbox 1014 3294 1135 3365; x_wconf 87' lang='lat' dir='ltr'><strong>optentu</strong></span> 
     </span>
     <span class='ocr_line' id='line_1_28' title="bbox 145 3369 1134 3451; baseline -0.004 -22"><span class='ocrx_word' id='word_1_202' title='bbox 145 3370 261 3431; x_wconf 86' lang='lat' dir='ltr'><strong>vitalem</strong></span> <span class='ocrx_word' id='word_1_203' title='bbox 274 3374 402 3451; x_wconf 81' lang='lat' dir='ltr'><strong>spiritum</strong></span> <span class='ocrx_word' id='word_1_204' title='bbox 418 3372 604 3451; x_wconf 78' lang='lat' dir='ltr'><strong>strangulant,</strong></span> <span class='ocrx_word' id='word_1_205' title='bbox 621 3390 695 3449; x_wconf 87' lang='lat' dir='ltr'><strong>quae</strong></span> <span class='ocrx_word' id='word_1_206' title='bbox 711 3391 796 3433; x_wconf 86' lang='lat' dir='ltr'><strong>causa</strong></span> <span class='ocrx_word' id='word_1_207' title='bbox 817 3372 934 3433; x_wconf 80' lang='lat' dir='ltr'><strong>fulmina</strong></span> <span class='ocrx_word' id='word_1_208' title='bbox 951 3369 1043 3445; x_wconf 89' lang='lat' dir='ltr'><strong>elidit,</strong></span> <span class='ocrx_word' id='word_1_209' title='bbox 1067 3369 1134 3444; x_wconf 85' lang='lat' dir='ltr'><strong>ipso</strong></span> 
     </span>
     <span class='ocr_line' id='line_1_29' title="bbox 146 3451 1134 3532; baseline -0.002 -21"><span class='ocrx_word' id='word_1_210' title='bbox 146 3470 244 3513; x_wconf 77' lang='lat' dir='ltr'><strong>cecum</strong></span> <span class='ocrx_word' id='word_1_211' title='bbox 259 3454 440 3517; x_wconf 85' lang='lat' dir='ltr'><strong>discordante</strong></span> <span class='ocrx_word' id='word_1_212' title='bbox 456 3455 571 3517; x_wconf 89' lang='lat' dir='ltr'><strong>mundo.</strong></span> <span class='ocrx_word' id='word_1_213' title='bbox 605 3455 672 3532; x_wconf 88' lang='lat' dir='ltr'><strong>quid</strong></span> <span class='ocrx_word' id='word_1_214' title='bbox 689 3473 754 3515; x_wconf 86' lang='lat' dir='ltr'><strong>eaae</strong></span> <span class='ocrx_word' id='word_1_215' title='bbox 769 3455 924 3515; x_wconf 83' lang='lat' dir='ltr'><strong>mirabilius</strong></span> <span class='ocrx_word' id='word_1_216' title='bbox 939 3461 1036 3532; x_wconf 83' lang='lat' dir='ltr'><strong>potest</strong></span> <span class='ocrx_word' id='word_1_217' title='bbox 1050 3451 1134 3529; x_wconf 76' lang='lat' dir='ltr'><strong>aquis</strong></span> 
     </span>
    </p>
   </div>
   <div class='ocr_carea' id='block_1_7' title="bbox 0 0 1246 3817">
    <p class='ocr_par' dir='ltr' id='par_1_8' title="bbox 0 0 1246 3817">
     <span class='ocr_line' id='line_1_30' title="bbox 0 0 1246 3817; baseline 0 0"><span class='ocrx_word' id='word_1_218' title='bbox 0 0 1246 3817; x_wconf 95' lang='lat' dir='ltr'><strong> </strong></span> 
     </span>
    </p>
   </div>
  </div>
 </body>
</html>
