2484 3817
364 176 836 259 uar.n1su.xxv111.1o.(tt.)
1030 181 1091 245 203

100 348 181 402 turat
198 346 230 401 ut
249 338 298 400 vel
317 337 436 401 abortum
456 350 612 419 evocetur,
633 360 690 403 neo
710 343 794 405 aliter
814 344 982 424 adhibetur,
1003 364 1092 427 qnon-

103 428 163 485 iam
183 424 328 482 viventem
350 433 460 503 partum
481 434 575 485 necat.
610 426 739 487 eiusdem
758 429 888 489 animalis
901 431 995 491 limum
1009 434 1034 493 si
1047 450 1094 493 re·

103 524 177 569 cens
191 509 351 585 inponatur,
364 508 506 585 profluvia
519 510 666 586 sauguinis
688 512 758 570 mire
777 511 880 573 sedare
896 514 1016 591 dicitur,
1038 532 1094 575 nec

97 608 162 657 ,non
177 599 207 650 et
227 592 299 649 cinis
320 590 449 653 eiusdem
468 592 542 669 limi,
557 594 605 670 qui
626 602 656 653 et
675 593 780 654 volvae
802 596 921 674 prodest
940 599 1092 677 inpositus.

80 675 179 752 sliqui
200 691 302 752 spuma
315 674 395 735 inlita
410 692 464 752 per
480 674 542 734 dies
555 674 605 735 xt
623 676 701 755 prius
715 694 798 754 quarn
814 680 934 757 primum
953 697 1073 741 nascan·
1084 691 1135 745 252

101 769 149 819 tur
164 757 216 835 pili
231 758 438 835 restinguatur,
453 760 520 817 item
535 775 642 819 cornus
659 761 767 819 cervini
782 761 919 839 decocto,
933 763 1052 841 melius,
1068 766 1093 825 si

101 842 233 902 recentia
249 840 305 900 sint
319 858 435 901 cornua.
464 842 552 901 Lacte
569 844 675 920 equino
696 845 827 905 iuvantur
843 844 948 906 volvae
968 846 1092 907 cointae.

101 923 183 1003 quod
198 926 223 983 si
238 932 366 983 mortuns
380 934 480 1003 partus
492 927 644 1003 sentiatur,
658 926 753 987 licben
772 944 864 1005 equae
881 947 897 987 e
916 929 992 989 dulci
1007 938 1094 1007 potus

100 1009 184 1081 eicit,
198 1009 266 1067 item
279 1007 386 1083 ungula
401 1008 495 1069 suffitu
509 1016 558 1067 aut
571 1009 666 1069 limum
675 1010 793 1070 aridum.
814 1012 925 1071 Volvas
940 1012 1093 1091 prociden-

67 1108 92 1148 uo
102 1093 142 1151 tis
157 1090 290 1166 butyrum
306 1090 429 1150 inlusum
447 1093 532 1151 sistit.
563 1093 719 1153 induratam
739 1093 854 1155 volvam
867 1098 960 1174 aperit
981 1095 1022 1155 iel
1043 1095 1093 1155 bu·

100 1174 200 1235 bulum
214 1191 339 1234 rosaceo
353 1174 489 1251 admixto,
504 1176 576 1235 ioris
590 1175 702 1235 vellere
718 1194 781 1236 cum
795 1181 890 1237 resina
902 1178 1093 1239 terebinthina

100 1260 239 1337 inposito.
274 1258 352 1317 aiunt
364 1266 395 1316 et
416 1258 511 1318 sullitu
526 1259 582 1318 limi
598 1277 615 1319 e
633 1277 711 1319 mare
727 1258 802 1319 bore
819 1262 996 1340 procidentis
1011 1262 1072 1322 rol·
1084 1272 1135 1327 253

99 1359 155 1402 vas
167 1340 304 1420 reprimi,
323 1350 421 1417 partus
440 1341 584 1417 adiuvari,
609 1352 770 1421 conceptus
787 1362 859 1404 vero
875 1346 988 1405 vaccini
1009 1346 1092 1407 lactis

101 1434 184 1504 potu.
209 1423 396 1485 sterilitatem
411 1442 428 1484 a
442 1434 541 1503 partus
556 1426 711 1486 vexatione
726 1428 789 1487 lieri
811 1437 919 1488 certum
940 1438 994 1489 est.
1018 1428 1092 1489 hanc

69 1508 251 1569 reemendari
265 1506 413 1585 Olympias
427 1507 563 1569 l'bebana
584 1508 713 1569 adlirmat
733 1510 804 1571 lelle
827 1514 940 1571 taurino
963 1521 992 1571 et
1005 1512 1092 1590 adipe

100 1592 281 1671 serpentium
298 1599 328 1649 et
347 1592 483 1667 aerugine
498 1610 533 1651 ac
546 1592 634 1652 melle
648 1592 797 1653 medicatis
812 1592 887 1652 locis
908 1603 973 1655 aute
989 1596 1090 1655 coitus.

99 1674 260 1736 Vitulinum
281 1690 396 1752 quoque
416 1675 457 1734 iel
471 1676 500 1733 in
520 1673 738 1751 purgationibus
756 1673 809 1735 sub
829 1676 906 1734 coitu
923 1676 1092 1753 adsparsum

1 1779 2 1812 ι
99 1758 208 1817 volvae
229 1759 313 1817 etiam
334 1757 464 1823 duritiam
489 1758 598 1815 ventris
618 1756 729 1815 emollit
755 1766 784 1815 et
804 1756 974 1834 profluvium
995 1760 1093 1819 minuit

1 1833 2 1884 3
99 1841 238 1901 umbilico
255 1850 396 1920 peruncto
413 1848 499 1917 atque
513 1840 542 1898 in
561 1848 651 1897 totum
673 1837 777 1898 volvae
797 1839 928 1918 prodest.
959 1841 1135 1906 modum254

65 1942 94 1983 eo
105 1933 229 1983 statuunt
247 1924 326 1983 iellis
345 1922 476 2003 pondere
489 1922 599 1997 denari,
620 1922 669 2000 opi
689 1924 801 1983 tertiam
816 1922 942 1983 admixto
957 1924 1091 2001 amygda·

1 2033 2 2040 ι
103 2008 166 2069 lino
181 2006 246 2067 oleo
262 2016 396 2086 quantum
413 2024 480 2065 esse
495 2006 564 2065 satis
580 2004 729 2083 adpareat,
747 2006 820 2065 haec
837 2008 865 2065 in
881 2006 992 2067 vellere
1010 2011 1092 2087 inpo-

99 2099 217 2151 nuntur.
243 2090 364 2150 masculi
380 2090 422 2149 lel
437 2089 519 2148 vituli
534 2106 597 2148 cum
612 2088 706 2147 mellis
724 2088 838 2148 dimidio
853 2092 949 2149 tritum
961 2100 1092 2151 servatur

100 2174 139 2235 ad
154 2172 267 2235 volvas.
295 2172 417 2233 Carnem
428 2171 509 2233 vituli
523 2173 548 2231 si
564 2189 628 2231 cum
641 2173 828 2233 aristolochia
840 2174 992 2235 inassatam
1006 2176 1092 2235 edant

101 2260 180 2318 circa
196 2266 379 2334 conceptum,
394 2274 501 2316 marem
514 2258 654 2334 parituras
669 2257 842 2334 promittunt.
874 2258 997 2319 medulla
1010 2258 1090 2319 vituli

67 2343 130 2409 osio
146 2343 214 2400 uino
236 2350 266 2399 et
291 2357 364 2417 aqna
387 2340 509 2399 decoctu
532 2357 595 2399 cum
615 2338 688 2399 sebo
710 2339 971 2401 exulcerationibus
991 2342 1090 2402 uolua·

100 2443 163 2485 rnm
179 2425 304 2503 inposita
317 2424 453 2501 prodest,
475 2424 543 2482 item
563 2422 647 2501 adips
667 2421 795 2501 volpium
818 2434 1089 2502 excrementumque

100 2508 212 2581 lelium,
227 2506 362 2567 boccum
377 2507 472 2565 resina
487 2514 516 2564 et
523 2522 647 2565 rosaceo
659 2505 822 2583 inpositum.
844 2505 968 2585 Caprino
982 2525 1071 2567 cornu
1081 2517 1132 2571 255

99 2591 195 2652 suffiri
210 2590 324 2651 volvam
338 2590 514 2649 utilissimum
531 2597 637 2668 putant.
668 2589 839 2649 silvestrium
862 2608 1010 2668 caprarum
1026 2606 1089 2648 san·

100 2676 167 2753 guis
182 2691 247 2734 cum
268 2673 363 2751 palma
384 2674 491 2732 marina
509 2672 586 2749 pilos
611 2672 751 2748 detrabit,
778 2684 937 2733 ceterarum
957 2690 1028 2732 vero
1049 2672 1090 2733 iel

64 2756 370 2825 occallumrolrarum
392 2756 501 2815 emollit
522 2756 684 2834 inspersum
701 2764 731 2815 et
750 2774 767 2815 a
789 2758 962 2835 purgatione
985 2771 1089 2815 conce·

101 2852 167 2922 ptus
184 2840 266 2900 iacit.
301 2841 345 2899 sic
361 2857 478 2918 quoque
493 2840 607 2918 psilotri
623 2839 667 2898 vis
682 2838 817 2914 eilrcitur,
836 2838 944 2897 evolsis
960 2839 1027 2915 pilis
1041 2839 1090 2897 tri·

99 2926 156 2985 duo
171 2932 304 2984 servatur
324 2923 442 2983 inlitum.
473 2922 643 2999 profluuium
665 2924 793 2999 quamvis
813 2926 971 2983 inmensum
990 2921 1088 2981 urinae

100 3026 209 3086 caprae
226 3016 298 3086 potu
321 3008 382 3066 sisti
403 3005 577 3065 obstetrices
593 3006 775 3083 promittuut,
795 3013 825 3068 et
839 3004 864 3062 si
880 3004 973 3064 limum
989 3004 1088 3063 inline-

100 3100 155 3151 tur.
189 3089 355 3150 membrana
377 3107 526 3167 caprarum
550 3091 579 3147 in
605 3107 660 3168 qua
687 3098 786 3167 partus
812 3086 904 3146 editur
931 3087 1089 3147 inveterata

17 3180 33 3213 '
65 3185 231 3254 supotuque
255 3181 367 3251 sumpta
386 3174 416 3232 iu
438 3174 506 3231 vino
531 3172 672 3231 secundas
692 3170 784 3249 pellit.
816 3168 978 3229 llaedorum
1002 3171 1068 3250 pilis
1079 3180 1133 3245 256

101 3260 193 3320 sulliri
208 3257 314 3317 rolras
329 3256 398 3315 utile
414 3262 512 3333 putant
528 3263 556 3312 et
574 3255 603 3313 in
615 3254 757 3333 prollurio
773 3253 921 3329 sanguinis
937 3256 1090 3332 coagulum

99 3342 160 3403 bibi
183 3350 232 3401 aut
251 3340 419 3415 hyoscyami
435 3355 534 3398 semen
548 3337 656 3414 inponi.
687 3336 711 3397 E
727 3334 804 3395 bore
825 3336 950 3398 silvestri
966 3341 1050 3414 nigro
1065 3339 1089 3396 si

100 3425 245 3505 sanguine
263 3424 344 3485 ricini
361 3420 448 3482 lumbi
463 3428 677 3501 perunguantur
690 3418 819 3494 mulieri,
838 3419 960 3481 taedium
975 3422 1090 3479 veneris
