2484 3817
311 198 669 257 usa.sarsr.xxvs.¹1a.
687 206 727 259 13.
751 201 898 270 (tt—83.)
963 280 967 303 ⁴
1037 196 1095 261 123

109 356 238 436 polenta.
277 358 528 435 suppurationibus
551 362 723 440 inponuntur
744 362 914 441 pycnocomi
936 362 1006 424 folia
1032 366 1097 423 trita

109 457 173 500 cum
188 440 306 518 polenta
323 441 369 500 vel
382 460 491 518 semen,
507 444 575 502 item
592 444 715 503 orchis·
731 444 805 507 Vitia
820 464 894 525 qnae
910 447 1008 506 sintin
1023 449 1095 507 ossi·

108 523 162 583 bus
178 524 268 598 satyri
283 523 381 583 radice
398 526 521 604 inposita
537 527 741 587 efficacissima
756 532 850 588 sanari
873 530 1020 607 dicuntur,
1044 548 1096 590 no·

108 625 171 665 mae
187 606 424 678 etcollectiones
438 626 537 669 omnes
552 610 620 669 inco
635 611 738 688 maris,
760 613 923 690 priusquam
939 614 1094 673 inarescat.

85 700 137 750 set
152 690 274 750 alcimae
289 689 372 750 radix
387 692 577 753 collectiones
592 693 714 754 discutit.

170 772 256 851 (80.)
280 774 418 834 Ambusto
433 786 566 836 sanantur
581 776 762 855 plantagine,
785 779 875 837 arctio
896 779 934 837 ita
956 788 984 837 ut
999 780 1076 838 oica·
1088 790 1139 844 129

107 858 164 917 trix
177 856 269 916 fallat.
290 857 361 916 lolia
377 861 439 917 eius
455 860 483 917 in
498 877 570 938 aqua
587 860 709 921 decocta
725 863 848 919 contrita
866 861 1035 929 inlinuntur,
1051 880 1096 921 ra·
1122 886 1130 897 κ

107 940 188 999 dices
204 939 357 1014 cyclamini
371 959 434 1000 carn
451 944 553 1018 aizoo,
567 942 660 1003 herba
675 945 737 1021 ipsa
753 944 885 1021 hyperici
906 942 983 1021 quod
1008 946 1097 1004 coris·

106 1042 167 1083 snm
183 1023 404 1101 appellavimus.
1060 1068 1064 1079 .
1104 1046 1128 1079 ss

78 1118 100 1157 1⁰
173 1106 259 1185 (81.)
282 1105 387 1167 Nervis
407 1117 436 1167 et
456 1109 586 1168 articulis
616 1110 750 1169 convenit
769 1108 906 1187 plantago
926 1111 991 1170 trita
1013 1128 1076 1169 cum
1089 1120 1140 1174 130

107 1188 180 1265 sale,
197 1192 364 1265 argemonia
381 1199 462 1251 tunsa
477 1210 515 1251 ex
528 1192 625 1252 melle.
655 1191 816 1271 peucedani
839 1210 910 1252 suco
932 1211 1095 1272 perungun-

107 1282 151 1333 tur
159 1273 290 1351 spastici,
303 1275 428 1333 tetanici.
445 1292 598 1334 nervorum
611 1276 732 1335 duritiae
745 1274 879 1354 aegilops
894 1293 977 1351 suco,
990 1276 1095 1336 dolori·

106 1354 159 1418 bus
172 1357 359 1431 erigeron-
373 1374 410 1416 ex
421 1366 505 1417 aceto
516 1359 642 1418 inlinitur
652 1392 704 1433 -,
718 1358 900 1435 epithymum.
923 1361 1056 1437 spasticis
1068 1367 1097 1417 et

107 1439 331 1517 opisthotonicis
346 1442 485 1517 perungui
498 1444 605 1501 semine
620 1442 761 1520 hyperici,
778 1442 855 1519 quod
871 1460 954 1501 caros
966 1451 1096 1516 vocatur,

79 1523 233 1599 uicemque
256 1521 356 1581 bibere
384 1524 512 1601 prodest.
548 1524 693 1599 Phrynion
719 1523 821 1583 dicitur
844 1527 928 1584 etiam
949 1524 1096 1585 abscissos

107 1623 211 1665 sanare
233 1622 350 1681 nervos,
367 1608 391 1665 si
405 1607 554 1667 confestim
564 1609 718 1687 inponatur
728 1608 793 1667 trita
803 1608 852 1666 vel
864 1624 970 1667 mansa.
986 1609 1095 1685 Spasti·

107 1691 168 1764 cis,
189 1687 338 1764 tremulis,
362 1690 582 1768 opisthotonicis
601 1688 723 1750 alcimae
744 1688 827 1747 radix
842 1688 947 1747 bibitur
969 1707 1006 1747 ex
1024 1706 1096 1767 aqua

107 1772 208 1832 mulsa.
231 1772 276 1829 sic
291 1781 321 1829 et
335 1772 449 1849 rigores
464 1772 628 1832 excalfacit.

172 1853 256 1933 (82.)
279 1855 430 1933 Sanguinis
450 1854 590 1933 profluvia
606 1856 680 1915 sistit
693 1850 802 1912 herbae
816 1852 960 1912 Paeoniae
978 1868 1076 1911 semen
1089 1865 1136 1917 131

77 1935 236 2013 menbrum,
248 1972 292 1983 -
307 1938 452 1998 eadem-et
468 1937 496 1995 in
512 1938 686 2012 radicetis,
704 1970 744 1981 -
762 1935 909 2009 clymenus
927 1952 1012 2012 aero,
1036 1938 1097 1994 siae

113 2034 164 2077 ore
181 2022 294 2096 sanguis
309 2022 444 2080 reiciatur
458 2022 521 2078 sive
537 2020 669 2097 naribus,
687 2021 748 2080 sive
768 2020 834 2079 alvo
853 2018 920 2077 ssuat
939 2020 1001 2078 sive
1016 2018 1096 2079 femi·

112 2119 210 2161 narum
230 2112 331 2183 utero,
359 2105 426 2163 item
447 2104 625 2177 Lysimachia
645 2115 713 2182 pota
735 2102 784 2161 vel
807 2101 885 2161 inlita
909 2102 956 2161 vel
982 2100 1096 2163 naribus

110 2185 212 2261 indita,
232 2184 308 2245 item*
325 2186 497 2264 plantaginis
511 2204 627 2261 semen,
647 2184 872 2265 quinqueiolium
893 2194 988 2261 potum
1010 2194 1039 2245 et
1056 2186 1096 2242 in·

3 2293 4 2308 ÷
110 2268 197 2345 litum,
214 2270 326 2329 cicutae
342 2288 440 2329 semen
462 2270 489 2327 in
503 2271 595 2345 naris,
617 2272 642 2329 si
664 2269 730 2329 inde
749 2269 831 2336 lluat,
852 2269 946 2327 tritum
967 2286 1004 2327 ex
1023 2284 1096 2346 aqua

79 2351 242 2428 rainditnnr,
269 2354 394 2427 aizoum,
425 2352 560 2429 astragali
586 2353 677 2412 radix.
723 2353 797 2411 sistit
822 2360 850 2409 et
875 2350 1040 2410 ischaemon
1067 2359 1095 2409 et

111 2433 244 2493 Achillia.

174 2518 221 2578 13.
245 2515 328 2595 (83.)
351 2516 536 2595 Equisaetum
564 2518 694 2595 hippuris
716 2536 732 2577 a
753 2516 871 2577 Graecis
897 2516 972 2575 dicta
992 2521 1022 2571 et
1047 2514 1136 2576 in132

111 2600 198 2676 pratis
208 2602 369 2675 vituperata
386 2600 537 2676 nobis,›—-
550 2610 595 2660 est
608 2610 702 2661 autem
720 2600 793 2678 pilus
808 2609 902 2658 terrae
919 2598 1039 2675 equinae
1053 2594 1082 2634 ¹⁸·
1094 2596 1128 2629 ²⁵⁹

110 2691 207 2743 saetae
224 2682 340 2759 similis,
362 2715 405 2729 -
417 2683 509 2742 lienes
527 2702 675 2745 cursorum
696 2684 852 2759 exstinguit
872 2682 993 2741 decocta
1015 2678 1095 2737 fictili

77 2778 185 2824 mnovo
201 2764 237 2824 ad
252 2768 352 2825 tertias
368 2775 500 2843 quantum
520 2784 571 2826 vas
592 2768 687 2845 capiat
709 2774 737 2824 et
758 2783 811 2843 per
834 2764 954 2823 triduum
975 2761 1094 2819 heminis

109 2856 186 2925 pota.
228 2848 321 2906 unctis
346 2848 502 2908 esculentis
528 2867 566 2909 ex
593 2858 658 2908 ante
691 2847 765 2907 diem
797 2866 879 2907 unum
909 2842 1093 2916 interdicitur.

109 2928 285 2990 Graecorum
301 2932 379 2990 varia
395 2931 470 2991 circa
487 2932 561 2991 banc
575 2933 688 3009 opinio:
704 2932 752 2991 alii
767 2933 850 3009 pinus
866 2929 943 2987 loliis
958 2926 1076 2985 similem
1086 2936 1136 2989 133

108 3014 296 3089 nigricantem
311 3014 414 3073 eodem
427 3018 540 3074 nomine
560 3013 725 3091 appellant,
741 3014 801 3093 vim
817 3012 879 3069 eins
899 3006 1093 3075 admirabilem

109 3096 271 3172 tradentes,
302 3097 446 3173 sangoinis
473 3096 613 3174 profluvia
634 3097 681 3155 vel
701 3105 778 3155 tacto
800 3100 904 3153 tantum
925 3110 958 3151 ea
980 3091 1093 3152 bomine

76 3177 182 3255 assisti,
197 3180 245 3239 alii
261 3179 410 3257 hippurin,
426 3180 473 3238 alii
488 3178 653 3255 ephedron,
675 3178 723 3237 alii
735 3176 878 3236 anabasim
891 3182 1013 3251 vocant,
1037 3182 1092 3233 tra·

110 3260 233 3339 dantque
253 3264 333 3321 iuxta
355 3261 474 3321 arbores
496 3264 574 3321 nasci
595 3270 624 3320 et
643 3260 827 3319 scandentem
854 3274 903 3315 eas
926 3256 1092 3337 dependere

110 3347 201 3403 comis
215 3346 327 3405 iunceis
342 3344 437 3403 multis
448 3345 538 3421 nigris
557 3353 587 3403 ut
601 3362 639 3403 ex
654 3357 791 3419 equorum
804 3338 908 3414 cauda,
924 3337 1093 3416 geniculatis

109 3428 234 3500 rarnnlis,
248 3429 320 3488 folia
335 3426 445 3488 babere
458 3444 557 3508 pauca,
571 3426 678 3501 tenuia,
690 3424 805 3500 exigua,
821 3439 919 3483 semen
934 3418 1093 3495 rotundum,
