2484 3817
320 170 400 217 nnn.
421 170 511 219 uren.
534 168 708 221 1111111114.ι
731 159 896 236 (tl—23.)
1063 160 1103 219 17

111 323 261 383 trahuntur
276 324 311 383 ab
326 322 452 384 homine.
487 326 588 384 vitium
608 323 720 383 lavandi
742 332 772 385 et
795 326 820 383 si
844 324 936 385 llueus
959 325 1048 384 amnis
1063 324 1104 383 lu·

111 416 170 465 tum
184 408 323 485 inportet,
342 407 371 466 id
382 413 475 484 genus
490 416 588 468 terrae
604 408 697 464 urium
711 415 823 467 vocant.
846 426 919 485 ergo
934 426 989 485 per
1004 408 1102 467 silices

112 489 278 564 calculosve
290 491 395 550 ducunt
411 499 441 550 et
456 492 547 550 urium
563 492 680 550 evitant.
710 489 746 548 ad
761 492 856 569 capita
872 490 1003 549 deiectus
1015 492 1044 550 in
1058 510 1104 551 su·

56 606 58 611 ·
114 573 242 651 perciliis
253 576 390 633 montium
399 575 529 652 piscinae
540 580 678 632 cavantur
688 571 816 631 ducenos
829 572 920 651 pedes
932 575 961 632 in
975 592 1103 652 quasque

92 656 202 734 spartis
224 666 254 726 et
267 660 296 716 in
313 657 491 716 altitudinem
506 656 607 715 denos.
642 656 791 715 emissaria
803 658 833 714 in
849 658 884 715 iis
900 658 985 734 quina
1000 656 1103 733 pedum

111 740 313 817 quadratorum
340 750 451 800 ternum
471 740 536 799 fere
561 738 779 814 relinquontur‚
807 747 838 797 ut
861 739 978 818 repleto
1000 748 1103 815 stagno

112 825 244 883 excussis
262 825 468 901 opturamentis
488 830 618 899 erumpat
639 830 756 879 torrens
772 829 848 880 tanta
863 824 891 881 vi
907 830 938 881 ut
955 839 1024 881 saxu
1038 839 1105 899 pro·

111 905 220 965 volvat.
243 906 316 965 alius
335 908 486 966 etiamnum
501 907 531 965 in
545 906 633 983 plano
648 904 741 965 labor.
762 906 863 964 fossae
877 924 931 983 per
947 922 1017 983 quas
1033 923 1100 983 pro·
1110 912 1146 969 76

113 989 181 1048 duat
196 998 333 1049 cavantur
349 1002 387 1033 -‘
403 1006 514 1065 agogas
530 996 636 1047 vocant
648 1022 700 1063 —‚
716 987 771 1048 bae
783 997 950 1048 sternuntur
965 988 1105 1065 gradatim

79 1072 197 1131 rculice.
228 1073 325 1131 frutex
340 1080 386 1131 est
401 1074 477 1131 roris
495 1074 595 1131 marini
616 1070 736 1147 similis,
760 1089 848 1149 asper
863 1089 1019 1149 aurumque
1037 1074 1105 1130 rati-

112 1172 193 1213 nens.
216 1156 306 1214 latera
320 1155 471 1213 cluduntur
486 1156 590 1215 tabulis
608 1173 642 1213 ac
657 1171 710 1231 per
725 1161 879 1232 praerupta
892 1153 1105 1231 suspenduntur

113 1237 238 1297 canales.
272 1240 310 1296 ita
326 1238 475 1315 profluens
492 1246 571 1298 terra
585 1240 707 1297 inmane
722 1237 829 1297 labitur
842 1246 1002 1315 ruptusque
1021 1254 1104 1296 mons

112 1320 244 1397 diluitur,
260 1338 294 1379 ac
309 1322 396 1397 longe
412 1330 506 1381 terras
522 1324 550 1380 in
571 1339 649 1381 mare
668 1320 712 1380 bis
733 1321 769 1381 de
784 1324 878 1379 causis
893 1323 949 1380 iam
959 1322 1105 1399 promovit

111 1402 255 1483 Hispania.
269 1403 301 1463 lu
309 1407 407 1482 priore
419 1423 530 1481 genere
542 1422 616 1483 quae
630 1404 834 1463 exhauriuntur
844 1405 975 1466 inmenso
987 1404 1101 1480 labore,
1111 1413 1145 1469 77

78 1506 102 1545 11
110 1506 147 1546 ne
159 1496 301 1565 occupent
314 1496 431 1566 puteos,
443 1490 472 1547 in
483 1488 539 1548 boc
550 1490 688 1564 rigantur.
709 1503 808 1545 aurum
819 1489 934 1562 arrugia
945 1488 1106 1564 quaesitum
1122 1487 1146 1521 ⁸⁷

112 1588 169 1630 non
182 1574 332 1648 coquitur,
352 1571 405 1630 sed
423 1574 518 1630 statim
539 1589 619 1630 suum
638 1577 692 1628 est.
723 1569 907 1627 inveniuntur
927 1571 1102 1646 demessae,

111 1673 166 1713 nec
177 1672 234 1715 non
245 1657 274 1713 in
285 1656 382 1731 puteis
395 1662 425 1712 et
436 1654 525 1712 denas
537 1652 716 1711 excedentes
729 1650 829 1725 libras,
846 1651 975 1729 pelagas,
993 1651 1041 1711 alii
1056 1670 1104 1731 pa·

112 1737 254 1812 lacurnas,
269 1737 356 1796 iidem
371 1734 448 1812 quod
463 1738 599 1792 minutum
616 1742 661 1793 est
677 1733 807 1792 balucem
822 1743 938 1794 vocant.
966 1734 1035 1795 ulex
1050 1738 1104 1795 sic·

112 1826 203 1894 catur,
215 1822 317 1892 uritur,
333 1825 363 1876 et
376 1819 448 1875 cinis
464 1817 528 1875 eius
539 1816 651 1875 lavatur
663 1816 810 1875 substrato
821 1820 952 1895 caespite
962 1817 1103 1895 herboso,

77 1922 104 1960 ao
113 1909 143 1959 ut
166 1901 239 1959 sidat
262 1918 367 1958 aurum.
403 1901 506 1958 vicena
526 1899 720 1977 milia'pondo
741 1900 775 1959 ad
796 1900 871 1960 bunc
891 1901 1004 1960 modum
1018 1904 1146 1967 1111111178

113 1983 234 2058 singulis
250 1983 395 2041 Asturiam
412 1989 498 2059 atque
517 1980 689 2043 Callaeciam
711 1990 741 2041 et
760 1982 932 2053 Lusitaniam
952 1992 1102 2062 praestare

112 2066 224 2143 quidam
239 2064 445 2143 prodiderunt,
465 2067 505 2126 ita
521 2074 551 2124 ut
564 2067 723 2144 plurumum
737 2066 854 2125 Asturia
868 2069 976 2144 gignat.
1007 2086 1103 2146 neque

112 2153 142 2209 in
162 2150 217 2208 alia
241 2158 382 2235 terrarum
406 2157 490 2227 parte
509 2158 553 2208 tot
576 2148 703 2209 saeculis
723 2148 795 2209 baec
814 2150 958 2210 fertilitas.
1000 2151 1102 2212 ltaliae

113 2235 191 2311 parci
207 2240 309 2292 vetere
321 2232 476 2291 interdicto
492 2242 602 2310 patrum
618 2233 751 2309 diximus,
764 2232 870 2310 alioqui
883 2233 959 2293 nulla
973 2235 1071 2296 fecun-
1080 2258 1097 2296 a,
1109 2256 1144 2290 nc

77 2317 177 2376 asdior
202 2316 382 2376 metallorum
412 2334 527 2393 quoque
553 2324 616 2375 erat
640 2314 737 2377 tellus.
776 2326 872 2376 exstat
896 2318 946 2377 lex
969 2321 1103 2378 censoria

111 2400 331 2459 victumularum
344 2400 523 2460 aurifodinae
541 2401 571 2458 in
584 2397 769 2458 Vercellensi
783 2418 855 2476 agro
872 2419 927 2478 qua
946 2401 1103 2460 cavebatur

112 2500 149 2541 ne
170 2482 234 2559 plus
256 2485 381 2559 quinque
403 2483 517 2542 milibus
540 2483 684 2541 hominum
710 2484 739 2541 in
770 2499 861 2561 opere
885 2483 1030 2562 publicani
1053 2484 1102 2543 ba·

112 2564 228 2623 berent.
372 2620 374 2627 ,

130 2684 133 2696 ,
175 2646 256 2724 (22.)
276 2647 524 2708 Aurumfaciendi
547 2657 594 2708 est
616 2652 769 2709 etiamnum
789 2669 843 2710 una
865 2652 939 2709 ratio
963 2670 1001 2711 ex
1023 2654 1143 2717 auri-79
1217 2651 1221 2658 ’

75 2732 279 2809 aopigmento‚
298 2730 375 2807 quod
389 2734 419 2790 in
433 2732 515 2807 Syria
530 2732 639 2791 foditur
649 2734 811 2811 pictoribus
827 2736 856 2792 in
872 2752 978 2793 summa
994 2736 1099 2795 tellure

113 2816 174 2875 auri
190 2813 291 2873 colore
309 2813 360 2872 sed
377 2816 480 2891 fragile
494 2813 618 2892 lapidum
632 2816 824 2895 specularium
839 2816 935 2877 modo.
961 2818 1099 2878 invitare·

112 2906 214 2976 ratque
230 2914 299 2974 spes
318 2894 416 2955 Gaium
431 2899 589 2975 principem
604 2900 796 2958 avidissimum
816 2901 893 2975 auri,
915 2901 1100 2976 quamobrem

112 2984 196 3039 iussit
219 2981 343 3056 excoqui
363 2996 494 3055 magnum
510 2981 638 3058 pondus,
664 2990 693 3040 et
708 2982 794 3059 plane
808 2982 877 3040 lecit
891 3000 988 3042 aurum
1003 2983 1099 3044 excel·

113 3064 193 3138 lens,
209 3064 260 3123 sed
276 3064 315 3121 ita
330 3064 410 3140 parvi
428 3061 565 3141 ponderis
581 3073 613 3123 ut
627 3064 827 3124 detrimentum
841 3066 963 3125 sentiret
977 3076 1100 3146 propter
1126 3067 1133 3089 Χ

72 3166 102 3207 aa
112 3148 259 3206 avaritiam
271 3151 420 3224 expertus,
436 3162 601 3223 quamquam
616 3148 816 3225 auripigmenti
827 3147 918 3207 librae
929 3148 957 3208 X
968 3164 1022 3210 1111
1033 3169 1098 3230 per·

112 3237 306 3305 mutarentur,
326 3246 379 3288 nec
399 3236 502 3307 postea
517 3237 683 3307 temptatum
701 3230 736 3288 ab
752 3231 812 3291 ullo
828 3239 881 3291 est.

173 3312 252 3392 (23.)
273 3312 354 3372 Omni
375 3331 444 3372 auro
467 3314 544 3371 inest
566 3320 715 3389 argentum
734 3316 815 3373 vario
834 3313 981 3393 pondere,
1007 3317 1140 3382 attubiao

111 3397 229 3457 decuma
243 3398 326 3474 parte
345 3396 433 3456 aliubi
457 3404 565 3455 octava.
604 3398 633 3455 in
653 3413 709 3455 uno
735 3405 842 3457 tantum
857 3397 1019 3460 Callaeciae
1039 3394 1115 3461 me?

152 3497 228 3539 111111
244 3498 404 3543 1111111111.
421 3481 458 3537 V.
873 3549 876 3567 Ι
920 3483 939 3541 2
