<?xml version="1.0" encoding="UTF-8"?>
<!DOCTYPE html PUBLIC "-//W3C//DTD XHTML 1.0 Transitional//EN"
    "http://www.w3.org/TR/xhtml1/DTD/xhtml1-transitional.dtd">
<html xmlns="http://www.w3.org/1999/xhtml" xml:lang="en" lang="en">
 <head>
  <title>
</title>
<meta http-equiv="Content-Type" content="text/html;charset=utf-8" />
  <meta name='ocr-system' content='tesseract 3.04.00' />
  <meta name='ocr-capabilities' content='ocr_page ocr_carea ocr_par ocr_line ocrx_word'/>
</head>
<body>
  <div class='ocr_page' id='page_1' title='image "./cplinisecundina24plingoog_0222.png"; bbox 0 0 2484 3817; ppageno 0'>
   <div class='ocr_carea' id='block_1_1' title="bbox 162 202 800 263">
    <p class='ocr_par' dir='ltr' id='par_1_1' title="bbox 162 202 800 263">
     <span class='ocr_line' id='line_1_1' title="bbox 162 202 800 263; baseline -0.017 -2"><span class='ocrx_word' id='word_1_1' title='bbox 162 202 222 263; x_wconf 81' lang='lat'><strong>150</strong></span> <span class='ocrx_word' id='word_1_2' title='bbox 493 208 523 257; x_wconf 91' lang='lat' dir='ltr'><strong>c.</strong></span> <span class='ocrx_word' id='word_1_3' title='bbox 541 206 636 254; x_wconf 79' lang='grc'>111111</span> <span class='ocrx_word' id='word_1_4' title='bbox 650 202 800 254; x_wconf 78' lang='lat' dir='ltr'><strong>saeuum</strong></span> 
     </span>
    </p>
   </div>
   <div class='ocr_carea' id='block_1_2' title="bbox 64 353 1240 3502">
    <p class='ocr_par' dir='ltr' id='par_1_2' title="bbox 160 353 1144 524">
     <span class='ocr_line' id='line_1_2' title="bbox 160 353 1144 439; baseline -0.012 -13"><span class='ocrx_word' id='word_1_5' title='bbox 160 367 288 427; x_wconf 80' lang='lat' dir='ltr'><strong>evolsam</strong></span> <span class='ocrx_word' id='word_1_6' title='bbox 307 364 477 439; x_wconf 77' lang='lat' dir='ltr'><strong>adalligant,</strong></span> <span class='ocrx_word' id='word_1_7' title='bbox 494 360 568 421; x_wconf 92' lang='lat' dir='ltr'><strong>adeo</strong></span> <span class='ocrx_word' id='word_1_8' title='bbox 583 368 684 419; x_wconf 89' lang='lat' dir='ltr'><strong>contra</strong></span> <span class='ocrx_word' id='word_1_9' title='bbox 700 356 841 437; x_wconf 84' lang='lat' dir='ltr'><strong>profluvia</strong></span> <span class='ocrx_word' id='word_1_10' title='bbox 855 356 1015 434; x_wconf 88' lang='lat' dir='ltr'><strong>sanguinis,</strong></span> <span class='ocrx_word' id='word_1_11' title='bbox 1029 372 1086 415; x_wconf 90' lang='lat' dir='ltr'><strong>nec</strong></span> <span class='ocrx_word' id='word_1_12' title='bbox 1101 353 1144 414; x_wconf 93' lang='lat' dir='ltr'><strong>ul·</strong></span> 
     </span>
     <span class='ocr_line' id='line_1_3' title="bbox 161 444 879 524; baseline -0.016 -14"><span class='ocrx_word' id='word_1_13' title='bbox 161 452 216 510; x_wconf 93' lang='lat' dir='ltr'><strong>lam</strong></span> <span class='ocrx_word' id='word_1_14' title='bbox 233 450 323 524; x_wconf 90' lang='lat' dir='ltr'><strong>magis</strong></span> <span class='ocrx_word' id='word_1_15' title='bbox 338 448 444 506; x_wconf 89' lang='lat' dir='ltr'><strong>aridam</strong></span> <span class='ocrx_word' id='word_1_16' title='bbox 459 462 543 523; x_wconf 90' lang='lat' dir='ltr'><strong>qnam</strong></span> <span class='ocrx_word' id='word_1_17' title='bbox 560 444 737 521; x_wconf 76' lang='lat' dir='ltr'><strong>polygonum</strong></span> <span class='ocrx_word' id='word_1_18' title='bbox 754 450 879 500; x_wconf 87' lang='lat' dir='ltr'><strong>servant.</strong></span> 
     </span>
    </p>

    <p class='ocr_par' dir='ltr' id='par_1_3' title="bbox 119 522 1240 1436">
     <span class='ocr_line' id='line_1_4' title="bbox 119 522 1144 613; baseline -0.018 -15"><span class='ocrx_word' id='word_1_19' title='bbox 119 544 170 598; x_wconf 85' lang='grc'><strong>118</strong></span> <span class='ocrx_word' id='word_1_20' title='bbox 231 529 314 613; x_wconf 82' lang='lat'>(92.)</span> <span class='ocrx_word' id='word_1_21' title='bbox 338 530 514 590; x_wconf 89' lang='lat' dir='ltr'><strong>Pancratium</strong></span> <span class='ocrx_word' id='word_1_22' title='bbox 529 526 616 606; x_wconf 84' lang='lat' dir='ltr'><strong>aliqui</strong></span> <span class='ocrx_word' id='word_1_23' title='bbox 633 525 744 585; x_wconf 91' lang='lat' dir='ltr'><strong>scillam</strong></span> <span class='ocrx_word' id='word_1_24' title='bbox 764 523 896 603; x_wconf 87' lang='lat' dir='ltr'><strong>pusillam</strong></span> <span class='ocrx_word' id='word_1_25' title='bbox 918 522 1067 602; x_wconf 90' lang='lat' dir='ltr'><strong>appellare</strong></span> <span class='ocrx_word' id='word_1_26' title='bbox 1086 538 1144 581; x_wconf 91' lang='lat' dir='ltr'><strong>ma·</strong></span> 
     </span>
     <span class='ocr_line' id='line_1_5' title="bbox 161 604 1146 690; baseline -0.012 -15"><span class='ocrx_word' id='word_1_27' title='bbox 161 617 231 690; x_wconf 92' lang='lat' dir='ltr'><strong>lunt,</strong></span> <span class='ocrx_word' id='word_1_28' title='bbox 246 614 323 673; x_wconf 91' lang='lat' dir='ltr'><strong>ioliis</strong></span> <span class='ocrx_word' id='word_1_29' title='bbox 340 612 397 672; x_wconf 87' lang='lat' dir='ltr'><strong>albi</strong></span> <span class='ocrx_word' id='word_1_30' title='bbox 413 611 454 670; x_wconf 93' lang='lat' dir='ltr'><strong>lili</strong></span> <span class='ocrx_word' id='word_1_31' title='bbox 470 608 650 687; x_wconf 83' lang='lat' dir='ltr'><strong>longioribus</strong></span> <span class='ocrx_word' id='word_1_32' title='bbox 669 606 933 685; x_wconf 78' lang='lat' dir='ltr'><strong>crassioribusque,</strong></span> <span class='ocrx_word' id='word_1_33' title='bbox 954 606 1051 665; x_wconf 86' lang='lat' dir='ltr'><strong>radice</strong></span> <span class='ocrx_word' id='word_1_34' title='bbox 1066 604 1146 664; x_wconf 91' lang='lat' dir='ltr'><strong>bulbi</strong></span> 
     </span>
     <span class='ocr_line' id='line_1_6' title="bbox 159 688 1169 774; baseline -0.013 -17"><span class='ocrx_word' id='word_1_35' title='bbox 159 698 266 774; x_wconf 88' lang='lat' dir='ltr'><strong>magni,</strong></span> <span class='ocrx_word' id='word_1_36' title='bbox 285 696 386 755; x_wconf 91' lang='lat' dir='ltr'><strong>colore</strong></span> <span class='ocrx_word' id='word_1_37' title='bbox 401 694 475 753; x_wconf 87' lang='lat' dir='ltr'><strong>rulo.</strong></span> <span class='ocrx_word' id='word_1_38' title='bbox 507 694 602 752; x_wconf 90' lang='lat' dir='ltr'><strong>alvom</strong></span> <span class='ocrx_word' id='word_1_39' title='bbox 617 692 705 751; x_wconf 89' lang='lat' dir='ltr'><strong>solvit</strong></span> <span class='ocrx_word' id='word_1_40' title='bbox 720 709 791 750; x_wconf 87' lang='lat' dir='ltr'><strong>suco</strong></span> <span class='ocrx_word' id='word_1_41' title='bbox 807 708 871 749; x_wconf 92' lang='lat' dir='ltr'><strong>cum</strong></span> <span class='ocrx_word' id='word_1_42' title='bbox 886 690 976 749; x_wconf 84' lang='lat' dir='ltr'><strong>farina</strong></span> <span class='ocrx_word' id='word_1_43' title='bbox 992 688 1053 747; x_wconf 87' lang='lat' dir='ltr'><strong>ervi</strong></span> <span class='ocrx_word' id='word_1_44' title='bbox 1070 706 1145 747; x_wconf 91' lang='lat' dir='ltr'><strong>sum·</strong></span> <span class='ocrx_word' id='word_1_45' title='bbox 1156 706 1169 744; x_wconf 88' lang='lat' dir='ltr'><strong>s</strong></span> 
     </span>
     <span class='ocr_line' id='line_1_7' title="bbox 160 770 1146 860; baseline -0.008 -21"><span class='ocrx_word' id='word_1_46' title='bbox 160 791 227 860; x_wconf 91' lang='lat' dir='ltr'><strong>pto,</strong></span> <span class='ocrx_word' id='word_1_47' title='bbox 249 778 346 838; x_wconf 91' lang='lat' dir='ltr'><strong>ulcera</strong></span> <span class='ocrx_word' id='word_1_48' title='bbox 363 786 476 857; x_wconf 87' lang='lat' dir='ltr'><strong>purgat</strong></span> <span class='ocrx_word' id='word_1_49' title='bbox 506 776 687 854; x_wconf 76' lang='lat' dir='ltr'><strong>hydropicis,</strong></span> <span class='ocrx_word' id='word_1_50' title='bbox 712 774 851 853; x_wconf 84' lang='lat' dir='ltr'><strong>splenicis</strong></span> <span class='ocrx_word' id='word_1_51' title='bbox 873 790 936 831; x_wconf 91' lang='lat' dir='ltr'><strong>cum</strong></span> <span class='ocrx_word' id='word_1_52' title='bbox 951 772 1038 831; x_wconf 91' lang='lat' dir='ltr'><strong>melle</strong></span> <span class='ocrx_word' id='word_1_53' title='bbox 1055 770 1146 832; x_wconf 87' lang='lat' dir='ltr'><strong>datur.</strong></span> 
     </span>
     <span class='ocr_line' id='line_1_8' title="bbox 160 855 1146 937; baseline -0.01 -14"><span class='ocrx_word' id='word_1_54' title='bbox 160 864 208 924; x_wconf 91' lang='lat' dir='ltr'><strong>alii</strong></span> <span class='ocrx_word' id='word_1_55' title='bbox 229 862 371 922; x_wconf 89' lang='lat' dir='ltr'><strong>decocunt</strong></span> <span class='ocrx_word' id='word_1_56' title='bbox 385 879 449 920; x_wconf 91' lang='lat' dir='ltr'><strong>eam</strong></span> <span class='ocrx_word' id='word_1_57' title='bbox 464 859 558 917; x_wconf 91' lang='lat' dir='ltr'><strong>donec</strong></span> <span class='ocrx_word' id='word_1_58' title='bbox 572 876 646 937; x_wconf 91' lang='lat' dir='ltr'><strong>aqua</strong></span> <span class='ocrx_word' id='word_1_59' title='bbox 661 857 752 917; x_wconf 92' lang='lat' dir='ltr'><strong>dulcis</strong></span> <span class='ocrx_word' id='word_1_60' title='bbox 769 860 831 934; x_wconf 90' lang='lat' dir='ltr'><strong>liat,</strong></span> <span class='ocrx_word' id='word_1_61' title='bbox 856 872 947 934; x_wconf 89' lang='lat' dir='ltr'><strong>eaque</strong></span> <span class='ocrx_word' id='word_1_62' title='bbox 965 855 1055 914; x_wconf 88' lang='lat' dir='ltr'><strong>eiiusa</strong></span> <span class='ocrx_word' id='word_1_63' title='bbox 1070 855 1146 914; x_wconf 88' lang='lat' dir='ltr'><strong>radi·</strong></span> 
     </span>
     <span class='ocr_line' id='line_1_9' title="bbox 161 941 1240 1021; baseline -0.009 -15"><span class='ocrx_word' id='word_1_64' title='bbox 161 966 223 1006; x_wconf 92' lang='lat' dir='ltr'><strong>cem</strong></span> <span class='ocrx_word' id='word_1_65' title='bbox 245 955 371 1006; x_wconf 85' lang='lat' dir='ltr'><strong>terentes</strong></span> <span class='ocrx_word' id='word_1_66' title='bbox 391 944 553 1019; x_wconf 87' lang='lat' dir='ltr'><strong>digerunt</strong></span> <span class='ocrx_word' id='word_1_67' title='bbox 544 960 573 1000; x_wconf 91' lang='lat' dir='ltr'><strong>m</strong></span> <span class='ocrx_word' id='word_1_68' title='bbox 598 942 732 1021; x_wconf 90' lang='lat' dir='ltr'><strong>pastillos</strong></span> <span class='ocrx_word' id='word_1_69' title='bbox 757 942 820 1001; x_wconf 91' lang='lat' dir='ltr'><strong>sole</strong></span> <span class='ocrx_word' id='word_1_70' title='bbox 845 941 971 999; x_wconf 87' lang='lat' dir='ltr'><strong>siccatos</strong></span> <span class='ocrx_word' id='word_1_71' title='bbox 992 947 1022 997; x_wconf 90' lang='lat' dir='ltr'><strong>et</strong></span> <span class='ocrx_word' id='word_1_72' title='bbox 1043 946 1147 1016; x_wconf 88' lang='lat' dir='ltr'><strong>postea</strong></span> <span class='ocrx_word' id='word_1_73' title='bbox 1239 1006 1240 1017; x_wconf 10' lang='grc' dir='ltr'>χ</span> 
     </span>
     <span class='ocr_line' id='line_1_10' title="bbox 158 1020 1147 1105; baseline -0.011 -15"><span class='ocrx_word' id='word_1_74' title='bbox 158 1039 273 1090; x_wconf 92' lang='lat' dir='ltr'><strong>utuntur</strong></span> <span class='ocrx_word' id='word_1_75' title='bbox 295 1029 330 1088; x_wconf 91' lang='lat' dir='ltr'><strong>ad</strong></span> <span class='ocrx_word' id='word_1_76' title='bbox 355 1028 457 1105; x_wconf 91' lang='lat' dir='ltr'><strong>capitis</strong></span> <span class='ocrx_word' id='word_1_77' title='bbox 476 1025 575 1084; x_wconf 89' lang='lat' dir='ltr'><strong>ulcera</strong></span> <span class='ocrx_word' id='word_1_78' title='bbox 599 1033 627 1084; x_wconf 90' lang='lat' dir='ltr'><strong>et</strong></span> <span class='ocrx_word' id='word_1_79' title='bbox 654 1034 751 1085; x_wconf 87' lang='lat' dir='ltr'><strong>cetera</strong></span> <span class='ocrx_word' id='word_1_80' title='bbox 773 1040 846 1102; x_wconf 91' lang='lat' dir='ltr'><strong>quae</strong></span> <span class='ocrx_word' id='word_1_81' title='bbox 871 1020 1053 1101; x_wconf 89' lang='lat' dir='ltr'><strong>repurganda</strong></span> <span class='ocrx_word' id='word_1_82' title='bbox 1079 1022 1147 1097; x_wconf 89' lang='lat' dir='ltr'><strong>sint,</strong></span> 
     </span>
     <span class='ocr_line' id='line_1_11' title="bbox 160 1105 1183 1187; baseline -0.004 -16"><span class='ocrx_word' id='word_1_83' title='bbox 160 1116 227 1173; x_wconf 91' lang='lat' dir='ltr'><strong>itern</strong></span> <span class='ocrx_word' id='word_1_84' title='bbox 241 1111 277 1171; x_wconf 90' lang='lat' dir='ltr'><strong>ad</strong></span> <span class='ocrx_word' id='word_1_85' title='bbox 291 1111 391 1171; x_wconf 90' lang='lat' dir='ltr'><strong>tussim</strong></span> <span class='ocrx_word' id='word_1_86' title='bbox 406 1116 539 1187; x_wconf 93' lang='lat' dir='ltr'><strong>quantum</strong></span> <span class='ocrx_word' id='word_1_87' title='bbox 560 1108 651 1168; x_wconf 90' lang='lat' dir='ltr'><strong>tribus</strong></span> <span class='ocrx_word' id='word_1_88' title='bbox 665 1108 762 1185; x_wconf 78' lang='lat' dir='ltr'><strong>digitis</strong></span> <span class='ocrx_word' id='word_1_89' title='bbox 779 1106 1044 1184; x_wconf 77' lang='lat' dir='ltr'><strong>adprehenderint</strong></span> <span class='ocrx_word' id='word_1_90' title='bbox 1036 1122 1064 1163; x_wconf 92' lang='lat' dir='ltr'><strong>m</strong></span> <span class='ocrx_word' id='word_1_91' title='bbox 1078 1105 1146 1163; x_wconf 92' lang='lat' dir='ltr'><strong>vino</strong></span> <span class='ocrx_word' id='word_1_92' title='bbox 1159 1126 1183 1167; x_wconf 86' lang='lat' dir='ltr'><strong>ro</strong></span> 
     </span>
     <span class='ocr_line' id='line_1_12' title="bbox 161 1188 1240 1271; baseline -0.01 -16"><span class='ocrx_word' id='word_1_93' title='bbox 161 1196 272 1269; x_wconf 91' lang='lat' dir='ltr'><strong>dantes,</strong></span> <span class='ocrx_word' id='word_1_94' title='bbox 291 1203 319 1252; x_wconf 93' lang='lat' dir='ltr'><strong>et</strong></span> <span class='ocrx_word' id='word_1_95' title='bbox 339 1193 373 1253; x_wconf 95' lang='lat' dir='ltr'><strong>ad</strong></span> <span class='ocrx_word' id='word_1_96' title='bbox 391 1192 490 1251; x_wconf 88' lang='lat' dir='ltr'><strong>lateris</strong></span> <span class='ocrx_word' id='word_1_97' title='bbox 508 1191 627 1251; x_wconf 89' lang='lat' dir='ltr'><strong>dolores</strong></span> <span class='ocrx_word' id='word_1_98' title='bbox 642 1200 688 1251; x_wconf 89' lang='lat' dir='ltr'><strong>aut</strong></span> <span class='ocrx_word' id='word_1_99' title='bbox 704 1190 957 1269; x_wconf 85' lang='lat' dir='ltr'><strong>peripleumonicls</strong></span> <span class='ocrx_word' id='word_1_100' title='bbox 980 1188 1145 1263; x_wconf 86' lang='lat' dir='ltr'><strong>ecligmate.</strong></span> <span class='ocrx_word' id='word_1_101' title='bbox 1239 1221 1240 1271; x_wconf 54' lang='lat' dir='ltr'><strong>q</strong></span> 
     </span>
     <span class='ocr_line' id='line_1_13' title="bbox 161 1270 1240 1359; baseline -0.006 -22"><span class='ocrx_word' id='word_1_102' title='bbox 161 1280 227 1338; x_wconf 89' lang='lat' dir='ltr'><strong>dant</strong></span> <span class='ocrx_word' id='word_1_103' title='bbox 243 1286 271 1336; x_wconf 91' lang='lat' dir='ltr'><strong>et</strong></span> <span class='ocrx_word' id='word_1_104' title='bbox 287 1285 408 1355; x_wconf 91' lang='lat' dir='ltr'><strong>propter</strong></span> <span class='ocrx_word' id='word_1_105' title='bbox 422 1274 550 1335; x_wconf 91' lang='lat' dir='ltr'><strong>ischiada</strong></span> <span class='ocrx_word' id='word_1_106' title='bbox 565 1277 594 1335; x_wconf 92' lang='lat' dir='ltr'><strong>in</strong></span> <span class='ocrx_word' id='word_1_107' title='bbox 605 1278 673 1334; x_wconf 94' lang='lat' dir='ltr'><strong>vino</strong></span> <span class='ocrx_word' id='word_1_108' title='bbox 686 1273 837 1333; x_wconf 85' lang='lat' dir='ltr'><strong>bibendam</strong></span> <span class='ocrx_word' id='word_1_109' title='bbox 853 1280 882 1331; x_wconf 89' lang='lat' dir='ltr'><strong>et</strong></span> <span class='ocrx_word' id='word_1_110' title='bbox 893 1280 1015 1351; x_wconf 86' lang='lat' dir='ltr'><strong>propter</strong></span> <span class='ocrx_word' id='word_1_111' title='bbox 1024 1270 1148 1331; x_wconf 89' lang='lat' dir='ltr'><strong>tormina</strong></span> <span class='ocrx_word' id='word_1_112' title='bbox 1239 1282 1240 1359; x_wconf 68' lang='lat' dir='ltr'>j</span> 
     </span>
     <span class='ocr_line' id='line_1_14' title="bbox 159 1358 479 1436; baseline -0.006 -17"><span class='ocrx_word' id='word_1_113' title='bbox 159 1376 333 1436; x_wconf 87' lang='lat' dir='ltr'><strong>mensesque</strong></span> <span class='ocrx_word' id='word_1_114' title='bbox 350 1358 479 1418; x_wconf 91' lang='lat' dir='ltr'><strong>ciendos.</strong></span> 
     </span>
    </p>

    <p class='ocr_par' dir='ltr' id='par_1_4' title="bbox 120 1438 1240 1687">
     <span class='ocr_line' id='line_1_15' title="bbox 120 1438 1240 1521; baseline -0.01 -14"><span class='ocrx_word' id='word_1_115' title='bbox 120 1456 171 1509; x_wconf 84' lang='lat'><strong>119</strong></span> <span class='ocrx_word' id='word_1_116' title='bbox 233 1443 317 1521; x_wconf 84' lang='lat'>(93.)</span> <span class='ocrx_word' id='word_1_117' title='bbox 339 1442 446 1519; x_wconf 91' lang='lat' dir='ltr'><strong>Peplis,</strong></span> <span class='ocrx_word' id='word_1_118' title='bbox 463 1459 547 1519; x_wconf 93' lang='lat' dir='ltr'><strong>qnam</strong></span> <span class='ocrx_word' id='word_1_119' title='bbox 562 1440 650 1519; x_wconf 91' lang='lat' dir='ltr'><strong>aliqui</strong></span> <span class='ocrx_word' id='word_1_120' title='bbox 665 1457 764 1514; x_wconf 87' lang='lat' dir='ltr'><strong>sycen,</strong></span> <span class='ocrx_word' id='word_1_121' title='bbox 781 1438 827 1499; x_wconf 94' lang='grc'>1111</span> <span class='ocrx_word' id='word_1_122' title='bbox 842 1440 1005 1515; x_wconf 76' lang='lat' dir='ltr'><strong>meconion,</strong></span> <span class='ocrx_word' id='word_1_123' title='bbox 1021 1438 1067 1497; x_wconf 91' lang='lat' dir='ltr'><strong>alii</strong></span> <span class='ocrx_word' id='word_1_124' title='bbox 1086 1454 1147 1497; x_wconf 93' lang='lat' dir='ltr'><strong>me·</strong></span> <span class='ocrx_word' id='word_1_125' title='bbox 1239 1498 1240 1521; x_wconf 49' lang='lat'><strong>,</strong></span> 
     </span>
     <span class='ocr_line' id='line_1_16' title="bbox 162 1522 1240 1603; baseline -0.003 -18"><span class='ocrx_word' id='word_1_126' title='bbox 162 1544 234 1585; x_wconf 92' lang='lat' dir='ltr'><strong>oona</strong></span> <span class='ocrx_word' id='word_1_127' title='bbox 253 1526 381 1603; x_wconf 89' lang='lat' dir='ltr'><strong>aphrode</strong></span> <span class='ocrx_word' id='word_1_128' title='bbox 394 1534 518 1601; x_wconf 86' lang='lat' dir='ltr'><strong>vocant,</strong></span> <span class='ocrx_word' id='word_1_129' title='bbox 541 1543 579 1583; x_wconf 86' lang='lat' dir='ltr'><strong>ex</strong></span> <span class='ocrx_word' id='word_1_130' title='bbox 595 1541 651 1583; x_wconf 92' lang='lat' dir='ltr'><strong>una</strong></span> <span class='ocrx_word' id='word_1_131' title='bbox 672 1522 771 1583; x_wconf 89' lang='lat' dir='ltr'><strong>radice</strong></span> <span class='ocrx_word' id='word_1_132' title='bbox 788 1522 1184 1583; x_wconf 81' lang='grc'>111111111111111111111-11</span> <span class='ocrx_word' id='word_1_133' title='bbox 1239 1526 1240 1549; x_wconf 67' lang='lat'>¹</span> 
     </span>
     <span class='ocr_line' id='line_1_17' title="bbox 160 1604 1148 1687; baseline -0.004 -18"><span class='ocrx_word' id='word_1_134' title='bbox 160 1620 207 1669; x_wconf 92' lang='lat' dir='ltr'><strong>tae</strong></span> <span class='ocrx_word' id='word_1_135' title='bbox 222 1610 307 1687; x_wconf 92' lang='lat' dir='ltr'><strong>paulo</strong></span> <span class='ocrx_word' id='word_1_136' title='bbox 320 1608 486 1685; x_wconf 88' lang='lat' dir='ltr'><strong>latioribus,</strong></span> <span class='ocrx_word' id='word_1_137' title='bbox 507 1608 615 1666; x_wconf 90' lang='lat' dir='ltr'><strong>semine</strong></span> <span class='ocrx_word' id='word_1_138' title='bbox 631 1604 683 1665; x_wconf 87' lang='lat' dir='ltr'><strong>sub</strong></span> <span class='ocrx_word' id='word_1_139' title='bbox 700 1606 777 1666; x_wconf 89' lang='lat' dir='ltr'><strong>ioliis</strong></span> <span class='ocrx_word' id='word_1_140' title='bbox 791 1607 930 1682; x_wconf 85' lang='lat' dir='ltr'><strong>rotundo,</strong></span> <span class='ocrx_word' id='word_1_141' title='bbox 942 1608 1052 1664; x_wconf 87' lang='lat' dir='ltr'><strong>minore</strong></span> <span class='ocrx_word' id='word_1_142' title='bbox 1063 1622 1148 1682; x_wconf 91' lang='lat' dir='ltr'><strong>quam</strong></span> 
     </span>
    </p>

    <p class='ocr_par' dir='ltr' id='par_1_5' title="bbox 64 1689 1240 2102">
     <span class='ocr_line' id='line_1_18' title="bbox 64 1689 1240 1771; baseline -0.005 -19"><span class='ocrx_word' id='word_1_143' title='bbox 64 1714 84 1733; x_wconf 51' lang='lat' dir='ltr'><em>s</em></span> <span class='ocrx_word' id='word_1_144' title='bbox 162 1692 272 1752; x_wconf 87' lang='lat' dir='ltr'><strong>candidi</strong></span> <span class='ocrx_word' id='word_1_145' title='bbox 287 1695 451 1771; x_wconf 87' lang='lat' dir='ltr'><strong>papaveris.</strong></span> <span class='ocrx_word' id='word_1_146' title='bbox 483 1690 557 1750; x_wconf 89' lang='lat' dir='ltr'><strong>inter</strong></span> <span class='ocrx_word' id='word_1_147' title='bbox 569 1691 637 1749; x_wconf 89' lang='lat' dir='ltr'><strong>vitis</strong></span> <span class='ocrx_word' id='word_1_148' title='bbox 652 1690 716 1749; x_wconf 87' lang='lat' dir='ltr'><strong>lere</strong></span> <span class='ocrx_word' id='word_1_149' title='bbox 731 1689 878 1765; x_wconf 90' lang='lat' dir='ltr'><strong>colligitur</strong></span> <span class='ocrx_word' id='word_1_150' title='bbox 892 1689 1033 1749; x_wconf 89' lang='lat' dir='ltr'><strong>messibus</strong></span> <span class='ocrx_word' id='word_1_151' title='bbox 1055 1690 1149 1748; x_wconf 89' lang='lat' dir='ltr'><strong>sicca·</strong></span> <span class='ocrx_word' id='word_1_152' title='bbox 1239 1712 1240 1769; x_wconf 82' lang='lat'><em>]</em></span> 
     </span>
     <span class='ocr_line' id='line_1_19' title="bbox 162 1771 1240 1853; baseline -0.004 -18"><span class='ocrx_word' id='word_1_153' title='bbox 162 1784 263 1853; x_wconf 92' lang='lat' dir='ltr'><strong>turque</strong></span> <span class='ocrx_word' id='word_1_154' title='bbox 284 1794 346 1835; x_wconf 91' lang='lat' dir='ltr'><strong>cum</strong></span> <span class='ocrx_word' id='word_1_155' title='bbox 367 1776 461 1835; x_wconf 88' lang='lat' dir='ltr'><strong>irnctu</strong></span> <span class='ocrx_word' id='word_1_156' title='bbox 480 1792 532 1834; x_wconf 93' lang='lat' dir='ltr'><strong>suo</strong></span> <span class='ocrx_word' id='word_1_157' title='bbox 547 1771 684 1832; x_wconf 92' lang='lat' dir='ltr'><strong>subiectis</strong></span> <span class='ocrx_word' id='word_1_158' title='bbox 701 1773 730 1831; x_wconf 92' lang='lat' dir='ltr'><strong>in</strong></span> <span class='ocrx_word' id='word_1_159' title='bbox 742 1786 823 1849; x_wconf 65' lang='lat' dir='ltr'><strong>‘quae</strong></span> <span class='ocrx_word' id='word_1_160' title='bbox 847 1773 969 1833; x_wconf 88' lang='lat' dir='ltr'><strong>excidat.</strong></span> <span class='ocrx_word' id='word_1_161' title='bbox 999 1772 1056 1832; x_wconf 92' lang='lat' dir='ltr'><strong>hoc</strong></span> <span class='ocrx_word' id='word_1_162' title='bbox 1077 1780 1148 1852; x_wconf 90' lang='lat' dir='ltr'><strong>pcto</strong></span> <span class='ocrx_word' id='word_1_163' title='bbox 1239 1778 1240 1843; x_wconf 57' lang='grc' dir='ltr'><strong><em>ᾖ</em></strong></span> 
     </span>
     <span class='ocr_line' id='line_1_20' title="bbox 162 1848 1240 1937; baseline -0.004 -20"><span class='ocrx_word' id='word_1_164' title='bbox 162 1859 243 1918; x_wconf 88' lang='lat' dir='ltr'><strong>alvos</strong></span> <span class='ocrx_word' id='word_1_165' title='bbox 255 1859 382 1935; x_wconf 91' lang='lat' dir='ltr'><strong>solvitur,</strong></span> <span class='ocrx_word' id='word_1_166' title='bbox 397 1858 462 1918; x_wconf 91' lang='lat' dir='ltr'><strong>hilis</strong></span> <span class='ocrx_word' id='word_1_167' title='bbox 474 1876 509 1918; x_wconf 92' lang='lat' dir='ltr'><strong>ac</strong></span> <span class='ocrx_word' id='word_1_168' title='bbox 523 1858 623 1937; x_wconf 89' lang='lat' dir='ltr'><strong>pituita</strong></span> <span class='ocrx_word' id='word_1_169' title='bbox 633 1855 799 1915; x_wconf 89' lang='lat' dir='ltr'><strong>detrahitur.</strong></span> <span class='ocrx_word' id='word_1_170' title='bbox 818 1856 911 1915; x_wconf 91' lang='lat' dir='ltr'><strong>media</strong></span> <span class='ocrx_word' id='word_1_171' title='bbox 927 1856 1007 1936; x_wconf 92' lang='lat' dir='ltr'><strong>potio</strong></span> <span class='ocrx_word' id='word_1_172' title='bbox 1024 1864 1067 1914; x_wconf 89' lang='lat' dir='ltr'><strong>est</strong></span> <span class='ocrx_word' id='word_1_173' title='bbox 1082 1872 1149 1914; x_wconf 91' lang='lat' dir='ltr'><strong>ace·</strong></span> <span class='ocrx_word' id='word_1_174' title='bbox 1239 1848 1240 1927; x_wconf 67' lang='lat' dir='ltr'>j</span> 
     </span>
     <span class='ocr_line' id='line_1_21' title="bbox 160 1938 1240 2020; baseline 0.001 -19"><span class='ocrx_word' id='word_1_175' title='bbox 160 1940 250 2001; x_wconf 90' lang='lat' dir='ltr'><strong>tabnli</strong></span> <span class='ocrx_word' id='word_1_176' title='bbox 262 1958 393 2001; x_wconf 91' lang='lat' dir='ltr'><strong>mensura</strong></span> <span class='ocrx_word' id='word_1_177' title='bbox 412 1944 441 2000; x_wconf 92' lang='lat' dir='ltr'><strong>in</strong></span> <span class='ocrx_word' id='word_1_178' title='bbox 458 1959 548 2020; x_wconf 89' lang='lat' dir='ltr'><strong>aquae</strong></span> <span class='ocrx_word' id='word_1_179' title='bbox 567 1939 677 1999; x_wconf 89' lang='lat' dir='ltr'><strong>mulsae</strong></span> <span class='ocrx_word' id='word_1_180' title='bbox 698 1939 818 1998; x_wconf 92' lang='lat' dir='ltr'><strong>heminis</strong></span> <span class='ocrx_word' id='word_1_181' title='bbox 834 1939 932 1999; x_wconf 89' lang='lat' dir='ltr'><strong>trihus.</strong></span> <span class='ocrx_word' id='word_1_182' title='bbox 964 1948 993 1999; x_wconf 91' lang='lat' dir='ltr'><strong>et</strong></span> <span class='ocrx_word' id='word_1_183' title='bbox 1016 1938 1115 1998; x_wconf 90' lang='lat' dir='ltr'><strong>cibis&#39;</strong></span> <span class='ocrx_word' id='word_1_184' title='bbox 1107 1957 1149 1998; x_wconf 91' lang='lat' dir='ltr'><strong>m·</strong></span> <span class='ocrx_word' id='word_1_185' title='bbox 1138 1962 1184 2002; x_wconf 85' lang='lat' dir='ltr'><strong>·ao</strong></span> <span class='ocrx_word' id='word_1_186' title='bbox 1239 1942 1240 1981; x_wconf 53' lang='grc'><strong>1</strong></span> 
     </span>
     <span class='ocr_line' id='line_1_22' title="bbox 161 2022 1240 2102; baseline 0.002 -19"><span class='ocrx_word' id='word_1_187' title='bbox 161 2024 306 2102; x_wconf 76' lang='lat' dir='ltr'><strong>spergitur</strong></span> <span class='ocrx_word' id='word_1_188' title='bbox 322 2026 508 2102; x_wconf 91' lang='lat' dir='ltr'><strong>opsoniisqne</strong></span> <span class='ocrx_word' id='word_1_189' title='bbox 523 2023 558 2081; x_wconf 92' lang='lat' dir='ltr'><strong>ad</strong></span> <span class='ocrx_word' id='word_1_190' title='bbox 573 2023 755 2083; x_wconf 90' lang='lat' dir='ltr'><strong>molliendam</strong></span> <span class='ocrx_word' id='word_1_191' title='bbox 771 2022 874 2083; x_wconf 89' lang='lat' dir='ltr'><strong>alvom.</strong></span> <span class='ocrx_word' id='word_1_192' title='bbox 1239 2060 1240 2085; x_wconf 68' lang='grc' dir='ltr'><strong>ι</strong></span> 
     </span>
    </p>

    <p class='ocr_par' dir='ltr' id='par_1_6' title="bbox 120 2104 1240 2933">
     <span class='ocr_line' id='line_1_23' title="bbox 120 2104 1240 2184; baseline -0.007 -13"><span class='ocrx_word' id='word_1_193' title='bbox 120 2117 172 2171; x_wconf 75' lang='lat'><strong>120</strong></span> <span class='ocrx_word' id='word_1_194' title='bbox 234 2107 318 2184; x_wconf 82' lang='lat'>(94.)</span> <span class='ocrx_word' id='word_1_195' title='bbox 338 2106 553 2181; x_wconf 85' lang='lat' dir='ltr'><strong>Periclymenus</strong></span> <span class='ocrx_word' id='word_1_196' title='bbox 575 2106 691 2166; x_wconf 83' lang='lat' dir='ltr'><strong>fruticat</strong></span> <span class='ocrx_word' id='word_1_197' title='bbox 714 2106 829 2184; x_wconf 89' lang='lat' dir='ltr'><strong>etipsa</strong></span> <span class='ocrx_word' id='word_1_198' title='bbox 858 2124 895 2165; x_wconf 85' lang='lat' dir='ltr'><strong>ex</strong></span> <span class='ocrx_word' id='word_1_199' title='bbox 915 2105 1068 2165; x_wconf 89' lang='lat' dir='ltr'><strong>intervallo</strong></span> <span class='ocrx_word' id='word_1_200' title='bbox 1091 2104 1148 2164; x_wconf 91' lang='lat' dir='ltr'><strong>dno</strong></span> <span class='ocrx_word' id='word_1_201' title='bbox 1239 2120 1240 2127; x_wconf 55' lang='lat'>¹</span> 
     </span>
     <span class='ocr_line' id='line_1_24' title="bbox 161 2187 1240 2263; baseline 0 -16"><span class='ocrx_word' id='word_1_202' title='bbox 161 2188 232 2247; x_wconf 85' lang='lat' dir='ltr'><strong>lolia</strong></span> <span class='ocrx_word' id='word_1_203' title='bbox 252 2188 362 2248; x_wconf 92' lang='lat' dir='ltr'><strong>habens</strong></span> <span class='ocrx_word' id='word_1_204' title='bbox 375 2187 568 2263; x_wconf 79' lang='lat' dir='ltr'><strong>subcandida</strong></span> <span class='ocrx_word' id='word_1_205' title='bbox 589 2189 697 2247; x_wconf 91' lang='lat' dir='ltr'><strong>mollia.</strong></span> <span class='ocrx_word' id='word_1_206' title='bbox 735 2190 762 2247; x_wconf 93' lang='lat' dir='ltr'><strong>in</strong></span> <span class='ocrx_word' id='word_1_207' title='bbox 779 2192 925 2249; x_wconf 89' lang='lat' dir='ltr'><strong>cacumine</strong></span> <span class='ocrx_word' id='word_1_208' title='bbox 940 2196 1032 2247; x_wconf 90' lang='lat' dir='ltr'><strong>autem</strong></span> <span class='ocrx_word' id='word_1_209' title='bbox 1048 2206 1149 2247; x_wconf 87' lang='lat' dir='ltr'><strong>semen</strong></span> <span class='ocrx_word' id='word_1_210' title='bbox 1239 2210 1240 2231; x_wconf 66' lang='lat'><em>³</em></span> 
     </span>
     <span class='ocr_line' id='line_1_25' title="bbox 159 2270 1149 2349; baseline -0.001 -19"><span class='ocrx_word' id='word_1_211' title='bbox 159 2274 235 2330; x_wconf 91' lang='lat' dir='ltr'><strong>inter</strong></span> <span class='ocrx_word' id='word_1_212' title='bbox 250 2270 319 2330; x_wconf 85' lang='lat' dir='ltr'><strong>iolla</strong></span> <span class='ocrx_word' id='word_1_213' title='bbox 334 2272 433 2332; x_wconf 87' lang='lat' dir='ltr'><strong>durum</strong></span> <span class='ocrx_word' id='word_1_214' title='bbox 451 2281 480 2331; x_wconf 94' lang='lat' dir='ltr'><strong>et</strong></span> <span class='ocrx_word' id='word_1_215' title='bbox 495 2271 572 2349; x_wconf 94' lang='lat' dir='ltr'><strong>quod</strong></span> <span class='ocrx_word' id='word_1_216' title='bbox 587 2271 705 2330; x_wconf 84' lang='lat' dir='ltr'><strong>difficile</strong></span> <span class='ocrx_word' id='word_1_217' title='bbox 721 2272 854 2333; x_wconf 90' lang='lat' dir='ltr'><strong>vellatur.</strong></span> <span class='ocrx_word' id='word_1_218' title='bbox 881 2274 1006 2332; x_wconf 88' lang='lat' dir='ltr'><strong>nascitur</strong></span> <span class='ocrx_word' id='word_1_219' title='bbox 1023 2273 1051 2330; x_wconf 92' lang='lat' dir='ltr'><strong>in</strong></span> <span class='ocrx_word' id='word_1_220' title='bbox 1071 2273 1149 2331; x_wconf 86' lang='lat' dir='ltr'><strong>arvis</strong></span> 
     </span>
     <span class='ocr_line' id='line_1_26' title="bbox 158 2354 1186 2434; baseline -0.001 -21"><span class='ocrx_word' id='word_1_221' title='bbox 158 2372 194 2413; x_wconf 91' lang='lat' dir='ltr'><strong>ac</strong></span> <span class='ocrx_word' id='word_1_222' title='bbox 208 2354 344 2432; x_wconf 86' lang='lat' dir='ltr'><strong>saepibus</strong></span> <span class='ocrx_word' id='word_1_223' title='bbox 359 2356 538 2415; x_wconf 85' lang='lat' dir='ltr'><strong>convolvens</strong></span> <span class='ocrx_word' id='word_1_224' title='bbox 553 2373 587 2413; x_wconf 90' lang='lat' dir='ltr'><strong>se</strong></span> <span class='ocrx_word' id='word_1_225' title='bbox 603 2354 778 2415; x_wconf 88' lang='lat' dir='ltr'><strong>adminiculis</strong></span> <span class='ocrx_word' id='word_1_226' title='bbox 790 2355 1025 2434; x_wconf 90' lang='lat' dir='ltr'><strong>quibuscumque.</strong></span> <span class='ocrx_word' id='word_1_227' title='bbox 1048 2372 1147 2414; x_wconf 87' lang='lat' dir='ltr'><strong>semen</strong></span> <span class='ocrx_word' id='word_1_228' title='bbox 1157 2372 1186 2412; x_wconf 80' lang='lat' dir='ltr'><strong>as</strong></span> 
     </span>
     <span class='ocr_line' id='line_1_27' title="bbox 161 2437 1148 2517; baseline 0.001 -21"><span class='ocrx_word' id='word_1_229' title='bbox 161 2440 223 2497; x_wconf 90' lang='lat' dir='ltr'><strong>eins</strong></span> <span class='ocrx_word' id='word_1_230' title='bbox 240 2440 269 2496; x_wconf 93' lang='lat' dir='ltr'><strong>in</strong></span> <span class='ocrx_word' id='word_1_231' title='bbox 283 2438 382 2497; x_wconf 92' lang='lat' dir='ltr'><strong>umbra</strong></span> <span class='ocrx_word' id='word_1_232' title='bbox 395 2441 533 2498; x_wconf 89' lang='lat' dir='ltr'><strong>siccatum</strong></span> <span class='ocrx_word' id='word_1_233' title='bbox 553 2437 678 2497; x_wconf 91' lang='lat' dir='ltr'><strong>tunditur</strong></span> <span class='ocrx_word' id='word_1_234' title='bbox 693 2446 721 2496; x_wconf 90' lang='lat' dir='ltr'><strong>et</strong></span> <span class='ocrx_word' id='word_1_235' title='bbox 742 2440 770 2497; x_wconf 94' lang='lat' dir='ltr'><strong>in</strong></span> <span class='ocrx_word' id='word_1_236' title='bbox 785 2440 918 2517; x_wconf 89' lang='lat' dir='ltr'><strong>pastillos</strong></span> <span class='ocrx_word' id='word_1_237' title='bbox 933 2438 1083 2515; x_wconf 85' lang='lat' dir='ltr'><strong>digeritur.</strong></span> <span class='ocrx_word' id='word_1_238' title='bbox 1118 2438 1148 2498; x_wconf 94' lang='lat' dir='ltr'><strong>hi</strong></span> 
     </span>
     <span class='ocr_line' id='line_1_28' title="bbox 159 2520 1148 2595; baseline 0.002 -16"><span class='ocrx_word' id='word_1_239' title='bbox 159 2520 280 2581; x_wconf 89' lang='lat' dir='ltr'><strong>resoluti</strong></span> <span class='ocrx_word' id='word_1_240' title='bbox 296 2522 397 2581; x_wconf 89' lang='lat' dir='ltr'><strong>dantur</strong></span> <span class='ocrx_word' id='word_1_241' title='bbox 416 2524 446 2580; x_wconf 90' lang='lat' dir='ltr'><strong>in</strong></span> <span class='ocrx_word' id='word_1_242' title='bbox 463 2522 521 2581; x_wconf 91' lang='lat' dir='ltr'><strong>vini</strong></span> <span class='ocrx_word' id='word_1_243' title='bbox 539 2520 597 2580; x_wconf 91' lang='lat' dir='ltr'><strong>albi</strong></span> <span class='ocrx_word' id='word_1_244' title='bbox 612 2520 722 2595; x_wconf 75' lang='lat' dir='ltr'><strong>cyathis</strong></span> <span class='ocrx_word' id='word_1_245' title='bbox 739 2525 829 2581; x_wconf 88' lang='lat' dir='ltr'><strong>ternis</strong></span> <span class='ocrx_word' id='word_1_246' title='bbox 850 2523 969 2581; x_wconf 87' lang='lat' dir='ltr'><strong>tricenis</strong></span> <span class='ocrx_word' id='word_1_247' title='bbox 990 2521 1091 2581; x_wconf 89' lang='lat' dir='ltr'><strong>diebus</strong></span> <span class='ocrx_word' id='word_1_248' title='bbox 1112 2521 1148 2581; x_wconf 92' lang='lat' dir='ltr'><strong>ad</strong></span> 
     </span>
     <span class='ocr_line' id='line_1_29' title="bbox 160 2604 1148 2703; baseline -0.001 -38"><span class='ocrx_word' id='word_1_249' title='bbox 160 2604 275 2680; x_wconf 89' lang='lat' dir='ltr'><strong>lienem,</strong></span> <span class='ocrx_word' id='word_1_250' title='bbox 293 2622 413 2682; x_wconf 91' lang='lat' dir='ltr'><strong>eumque</strong></span> <span class='ocrx_word' id='word_1_251' title='bbox 430 2605 511 2664; x_wconf 88' lang='lat' dir='ltr'><strong>urina</strong></span> <span class='ocrx_word' id='word_1_252' title='bbox 527 2612 673 2663; x_wconf 90' lang='lat' dir='ltr'><strong>cruentata</strong></span> <span class='ocrx_word' id='word_1_253' title='bbox 685 2612 733 2663; x_wconf 92' lang='lat' dir='ltr'><strong>aut</strong></span> <span class='ocrx_word' id='word_1_254' title='bbox 747 2623 801 2703; x_wconf 88' lang='lat' dir='ltr'><strong>per</strong></span> <span class='ocrx_word' id='word_1_255' title='bbox 815 2605 909 2665; x_wconf 93' lang='lat' dir='ltr'><strong>alvom</strong></span> <span class='ocrx_word' id='word_1_256' title='bbox 921 2604 1052 2679; x_wconf 91' lang='lat' dir='ltr'><strong>absumit,</strong></span> <span class='ocrx_word' id='word_1_257' title='bbox 1071 2604 1148 2682; x_wconf 91' lang='lat' dir='ltr'><strong>quod</strong></span> 
     </span>
     <span class='ocr_line' id='line_1_30' title="bbox 159 2686 1147 2764; baseline 0.001 -18"><span class='ocrx_word' id='word_1_258' title='bbox 159 2687 336 2764; x_wconf 88' lang='lat' dir='ltr'><strong>intellegitur</strong></span> <span class='ocrx_word' id='word_1_259' title='bbox 352 2704 368 2747; x_wconf 93' lang='lat' dir='ltr'><strong>a</strong></span> <span class='ocrx_word' id='word_1_260' title='bbox 388 2687 507 2747; x_wconf 90' lang='lat' dir='ltr'><strong>decumo</strong></span> <span class='ocrx_word' id='word_1_261' title='bbox 522 2688 615 2746; x_wconf 91' lang='lat' dir='ltr'><strong>statim</strong></span> <span class='ocrx_word' id='word_1_262' title='bbox 629 2686 685 2745; x_wconf 92' lang='lat' dir='ltr'><strong>die.</strong></span> <span class='ocrx_word' id='word_1_263' title='bbox 713 2688 820 2747; x_wconf 87' lang='lat' dir='ltr'><strong>urinam</strong></span> <span class='ocrx_word' id='word_1_264' title='bbox 835 2691 911 2747; x_wconf 87' lang='lat' dir='ltr'><strong>cient</strong></span> <span class='ocrx_word' id='word_1_265' title='bbox 927 2696 956 2747; x_wconf 95' lang='lat' dir='ltr'><strong>et</strong></span> <span class='ocrx_word' id='word_1_266' title='bbox 970 2687 1040 2747; x_wconf 90' lang='grc'>11111</span> <span class='ocrx_word' id='word_1_267' title='bbox 1059 2687 1147 2747; x_wconf 87' lang='lat' dir='ltr'><strong>deco·</strong></span> 
     </span>
     <span class='ocr_line' id='line_1_31' title="bbox 160 2769 1186 2851; baseline -0.004 -21"><span class='ocrx_word' id='word_1_268' title='bbox 160 2780 221 2846; x_wconf 91' lang='lat' dir='ltr'><strong>cta,</strong></span> <span class='ocrx_word' id='word_1_269' title='bbox 238 2788 310 2849; x_wconf 92' lang='lat' dir='ltr'><strong>quae</strong></span> <span class='ocrx_word' id='word_1_270' title='bbox 332 2780 361 2829; x_wconf 92' lang='lat' dir='ltr'><strong>et</strong></span> <span class='ocrx_word' id='word_1_271' title='bbox 379 2771 577 2849; x_wconf 88' lang='lat' dir='ltr'><strong>orthopnoicis</strong></span> <span class='ocrx_word' id='word_1_272' title='bbox 593 2778 721 2849; x_wconf 90' lang='lat' dir='ltr'><strong>prosunt.</strong></span> <span class='ocrx_word' id='word_1_273' title='bbox 753 2780 863 2848; x_wconf 90' lang='lat' dir='ltr'><strong>parturn</strong></span> <span class='ocrx_word' id='word_1_274' title='bbox 882 2787 999 2851; x_wconf 86' lang='lat' dir='ltr'><strong>quoque</strong></span> <span class='ocrx_word' id='word_1_275' title='bbox 1012 2769 1186 2877; x_wconf 77' lang='lat' dir='ltr'><strong>adinventae</strong></span> 
     </span>
     <span class='ocr_line' id='line_1_32' title="bbox 162 2853 782 2951; baseline 0 -38"><span class='ocrx_word' id='word_1_276' title='bbox 162 2853 362 2931; x_wconf 90' lang='lat' dir='ltr'><strong>secundasque</strong></span> <span class='ocrx_word' id='word_1_277' title='bbox 377 2855 496 2933; x_wconf 91' lang='lat' dir='ltr'><strong>pellunt</strong></span> <span class='ocrx_word' id='word_1_278' title='bbox 504 2862 572 2951; x_wconf 82' lang='lat' dir='ltr'><strong>pota</strong></span> <span class='ocrx_word' id='word_1_279' title='bbox 587 2853 671 2913; x_wconf 90' lang='lat' dir='ltr'><strong>simili</strong></span> <span class='ocrx_word' id='word_1_280' title='bbox 685 2854 782 2913; x_wconf 93' lang='lat' dir='ltr'><strong>modo.</strong></span> 
     </span>
    </p>

    <p class='ocr_par' dir='ltr' id='par_1_7' title="bbox 122 2934 1148 3014">
     <span class='ocr_line' id='line_1_33' title="bbox 122 2934 1148 3014; baseline -0.003 -15"><span class='ocrx_word' id='word_1_281' title='bbox 122 2948 170 2999; x_wconf 78' lang='grc'><strong>111</strong></span> <span class='ocrx_word' id='word_1_282' title='bbox 236 2936 320 3014; x_wconf 83' lang='grc'>(95.)</span> <span class='ocrx_word' id='word_1_283' title='bbox 343 2938 529 2997; x_wconf 89' lang='lat' dir='ltr'><strong>Pelecinum</strong></span> <span class='ocrx_word' id='word_1_284' title='bbox 520 2955 549 2995; x_wconf 92' lang='grc' dir='ltr'><strong>ιιι</strong></span> <span class='ocrx_word' id='word_1_285' title='bbox 564 2935 713 3013; x_wconf 86' lang='lat' dir='ltr'><strong>segetibus</strong></span> <span class='ocrx_word' id='word_1_286' title='bbox 731 2937 853 2997; x_wconf 88' lang='lat' dir='ltr'><strong>diximus</strong></span> <span class='ocrx_word' id='word_1_287' title='bbox 867 2936 963 3011; x_wconf 91' lang='lat' dir='ltr'><strong>nasci,</strong></span> <span class='ocrx_word' id='word_1_288' title='bbox 978 2934 1148 2996; x_wconf 80' lang='lat' dir='ltr'><strong>fruticosam</strong></span> 
     </span>
    </p>

    <p class='ocr_par' dir='ltr' id='par_1_8' title="bbox 119 3017 1190 3259">
     <span class='ocr_line' id='line_1_34' title="bbox 119 3017 1147 3098; baseline 0.002 -21"><span class='ocrx_word' id='word_1_289' title='bbox 119 3020 147 3059; x_wconf 83' lang='lat'><strong>¹⁸</strong></span> <span class='ocrx_word' id='word_1_290' title='bbox 158 3017 360 3096; x_wconf 75' lang='lat' dir='ltr'><strong>¹⁵⁵cauliculis,</strong></span> <span class='ocrx_word' id='word_1_291' title='bbox 378 3020 496 3079; x_wconf 90' lang='grc'>111111</span> <span class='ocrx_word' id='word_1_292' title='bbox 471 3020 584 3078; x_wconf 88' lang='lat' dir='ltr'><strong>creeris.</strong></span> <span class='ocrx_word' id='word_1_293' title='bbox 612 3037 712 3078; x_wconf 92' lang='lat' dir='ltr'><strong>semen</strong></span> <span class='ocrx_word' id='word_1_294' title='bbox 734 3020 762 3078; x_wconf 95' lang='lat' dir='ltr'><strong>in</strong></span> <span class='ocrx_word' id='word_1_295' title='bbox 783 3021 893 3098; x_wconf 80' lang='lat' dir='ltr'><strong>siliquis</strong></span> <span class='ocrx_word' id='word_1_296' title='bbox 914 3021 970 3079; x_wconf 87' lang='lat' dir='ltr'><strong>lent</strong></span> <span class='ocrx_word' id='word_1_297' title='bbox 985 3020 1147 3079; x_wconf 90' lang='lat' dir='ltr'><strong>corniculo·</strong></span> 
     </span>
     <span class='ocr_line' id='line_1_35' title="bbox 159 3102 1147 3181; baseline 0.001 -21"><span class='ocrx_word' id='word_1_298' title='bbox 159 3119 220 3160; x_wconf 91' lang='lat' dir='ltr'><strong>rum</strong></span> <span class='ocrx_word' id='word_1_299' title='bbox 239 3103 324 3162; x_wconf 94' lang='lat' dir='ltr'><strong>modo</strong></span> <span class='ocrx_word' id='word_1_300' title='bbox 347 3104 464 3162; x_wconf 85' lang='lat' dir='ltr'><strong>aduncis</strong></span> <span class='ocrx_word' id='word_1_301' title='bbox 484 3102 573 3161; x_wconf 90' lang='lat' dir='ltr'><strong>ternis</strong></span> <span class='ocrx_word' id='word_1_302' title='bbox 594 3104 793 3179; x_wconf 89' lang='lat' dir='ltr'><strong>quaternisve,</strong></span> <span class='ocrx_word' id='word_1_303' title='bbox 830 3104 914 3181; x_wconf 93' lang='lat' dir='ltr'><strong>quale</strong></span> <span class='ocrx_word' id='word_1_304' title='bbox 939 3102 982 3177; x_wconf 87' lang='lat' dir='ltr'><strong>git</strong></span> <span class='ocrx_word' id='word_1_305' title='bbox 1005 3103 1147 3178; x_wconf 89' lang='lat' dir='ltr'><strong>novimus,</strong></span> 
     </span>
     <span class='ocr_line' id='line_1_36' title="bbox 161 3184 1190 3259; baseline -0.003 -15"><span class='ocrx_word' id='word_1_306' title='bbox 161 3201 294 3259; x_wconf 91' lang='lat' dir='ltr'><strong>amarum,</strong></span> <span class='ocrx_word' id='word_1_307' title='bbox 311 3185 458 3246; x_wconf 87' lang='lat' dir='ltr'><strong>stomacho</strong></span> <span class='ocrx_word' id='word_1_308' title='bbox 473 3184 553 3243; x_wconf 91' lang='lat' dir='ltr'><strong>utile.</strong></span> <span class='ocrx_word' id='word_1_309' title='bbox 580 3185 690 3243; x_wconf 90' lang='lat' dir='ltr'><strong>additur</strong></span> <span class='ocrx_word' id='word_1_310' title='bbox 703 3187 732 3244; x_wconf 90' lang='lat' dir='ltr'><strong>in</strong></span> <span class='ocrx_word' id='word_1_311' title='bbox 746 3186 881 3245; x_wconf 91' lang='lat' dir='ltr'><strong>antidota.</strong></span> <span class='ocrx_word' id='word_1_312' title='bbox 1158 3200 1190 3241; x_wconf 80' lang='lat' dir='ltr'><strong>aa</strong></span> 
     </span>
    </p>

    <p class='ocr_par' dir='ltr' id='par_1_9' title="bbox 159 3266 1147 3502">
     <span class='ocr_line' id='line_1_37' title="bbox 238 3266 1147 3348; baseline 0.001 -20"><span class='ocrx_word' id='word_1_313' title='bbox 238 3266 321 3348; x_wconf 83' lang='lat'>(96.)</span> <span class='ocrx_word' id='word_1_314' title='bbox 342 3268 482 3346; x_wconf 86' lang='lat' dir='ltr'><strong>Polygala</strong></span> <span class='ocrx_word' id='word_1_315' title='bbox 498 3269 583 3346; x_wconf 89' lang='lat' dir='ltr'><strong>palmi</strong></span> <span class='ocrx_word' id='word_1_316' title='bbox 593 3267 767 3326; x_wconf 91' lang='lat' dir='ltr'><strong>altitudinem</strong></span> <span class='ocrx_word' id='word_1_317' title='bbox 781 3269 883 3346; x_wconf 90' lang='lat' dir='ltr'><strong>inplet,</strong></span> <span class='ocrx_word' id='word_1_318' title='bbox 899 3268 927 3326; x_wconf 93' lang='lat' dir='ltr'><strong>in</strong></span> <span class='ocrx_word' id='word_1_319' title='bbox 938 3266 1023 3325; x_wconf 89' lang='lat' dir='ltr'><strong>caule</strong></span> <span class='ocrx_word' id='word_1_320' title='bbox 1036 3284 1147 3329; x_wconf 90' lang='lat' dir='ltr'><strong>summo</strong></span> 
     </span>
     <span class='ocr_line' id='line_1_38' title="bbox 160 3349 1147 3431; baseline 0 -22"><span class='ocrx_word' id='word_1_321' title='bbox 160 3350 238 3409; x_wconf 85' lang='lat' dir='ltr'><strong>loliis</strong></span> <span class='ocrx_word' id='word_1_322' title='bbox 254 3350 417 3430; x_wconf 92' lang='lat' dir='ltr'><strong>lenticulae,</strong></span> <span class='ocrx_word' id='word_1_323' title='bbox 432 3362 517 3431; x_wconf 85' lang='lat' dir='ltr'><strong>gustu</strong></span> <span class='ocrx_word' id='word_1_324' title='bbox 530 3350 684 3427; x_wconf 89' lang='lat' dir='ltr'><strong>adstricto,</strong></span> <span class='ocrx_word' id='word_1_325' title='bbox 708 3366 782 3428; x_wconf 93' lang='lat' dir='ltr'><strong>qnae</strong></span> <span class='ocrx_word' id='word_1_326' title='bbox 804 3360 873 3429; x_wconf 91' lang='lat' dir='ltr'><strong>pota</strong></span> <span class='ocrx_word' id='word_1_327' title='bbox 895 3350 978 3410; x_wconf 89' lang='lat' dir='ltr'><strong>lactis</strong></span> <span class='ocrx_word' id='word_1_328' title='bbox 1001 3349 1147 3413; x_wconf 90' lang='lat' dir='ltr'><strong>abundan-</strong></span> 
     </span>
     <span class='ocr_line' id='line_1_39' title="bbox 159 3433 354 3502; baseline 0.015 -9"><span class='ocrx_word' id='word_1_329' title='bbox 159 3434 225 3493; x_wconf 87' lang='lat' dir='ltr'><strong>tiam</strong></span> <span class='ocrx_word' id='word_1_330' title='bbox 240 3433 317 3496; x_wconf 89' lang='lat' dir='ltr'><strong>iacit.</strong></span> <span class='ocrx_word' id='word_1_331' title='bbox 350 3494 354 3502; x_wconf 87' lang='grc'>,</span> 
     </span>
    </p>
   </div>
   <div class='ocr_carea' id='block_1_3' title="bbox 0 0 1250 3817">
    <p class='ocr_par' dir='ltr' id='par_1_10' title="bbox 0 0 1250 3817">
     <span class='ocr_line' id='line_1_40' title="bbox 0 0 1250 3817; baseline 0 0"><span class='ocrx_word' id='word_1_332' title='bbox 0 0 1250 3817; x_wconf 95' lang='lat' dir='ltr'><strong> </strong></span> 
     </span>
    </p>
   </div>
  </div>
 </body>
</html>
