2484 3817
161 180 220 244 178
510 186 542 237 0.
556 184 651 235 unm
667 182 816 235 saccum

159 348 262 426 pipere
273 344 335 425 pari
345 340 430 403 modo
443 348 530 418 potae
540 337 722 399 ellloaciores
733 336 770 397 ad
783 335 858 397 idem
873 332 1036 395 creduntur.
1051 332 1139 413 prod·

159 439 204 489 est
219 438 248 488 et
261 436 360 488 contra
376 426 540 502 sagittarum
553 439 673 498 reuena,
689 430 718 480 nt
731 419 853 498 Apelles
867 417 962 493 tradit,
976 427 1040 478 ante
1059 424 1140 496 post-

160 529 252 591 eaque
272 517 409 586 sumptus.
439 507 469 565 in
480 504 607 566 antidota
622 520 738 601 quoqpe
755 500 862 599 nobilia
880 499 1000 561 additur.
1023 501 1139 598 Sextius

159 585 1165 752 tlttttlt{ltililitttt'lllttlttttlltttttlt

116 762 119 766 ’
159 769 237 840 ptum
253 774 388 817 venerem
402 756 541 815 inhibere.
1240 770 1241 773 ’

118 853 167 908 121
232 841 315 919 (31.)
334 840 387 899 Est
407 836 555 898 crocodilo
578 835 712 911 cognatio
733 833 870 911 quaedam
896 831 985 892 amuis
1012 831 1141 892 eiusdem

159 926 323 1003 geminique
346 924 439 981 victus
463 936 526 979 cum
550 918 772 996 hippopotamo,
798 923 949 994 repertore
974 914 1142 976 detrahendi

135 1030 153 1068 s.
165 1029 189 1063 oc
202 1006 355 1084 sanguinis,
368 1013 399 1062 nt
413 1003 545 1078 diximus,
560 1000 689 1079 plurumo
707 1007 800 1060 antem
812 1016 899 1077 super
912 998 1045 1060 Saiticam
1058 1015 1141 1078 prae-

158 1092 306 1151 fecturam.
336 1088 489 1146 huiuscori
505 1085 576 1144 cinis
588 1102 651 1143 cnm
662 1100 735 1160 aqua
746 1082 842 1142 inlitus
853 1100 945 1161 panos
955 1091 1045 1157 sanat,
1060 1081 1141 1160 adips
1152 1099 1181 1139 so

159 1171 280 1249 frigidas
295 1170 402 1244 lehris,
423 1170 490 1227 item
505 1169 598 1227 limum
614 1166 720 1241 sullitn,
735 1165 836 1224 dentes
854 1184 872 1225 e
891 1175 973 1245 parte
994 1165 1077 1225 laeva
1091 1162 1142 1225 do·

161 1255 251 1315 lorern
263 1252 385 1313 dentium
402 1251 570 1329 scariphatis
581 1249 714 1326 gingivis.
738 1247 822 1325 pellis
835 1250 895 1309 eius
908 1267 925 1308 c
936 1250 1048 1309 sinistra
1060 1257 1144 1327 parte

161 1337 263 1418 lpontis
286 1338 316 1393 iu
335 1336 450 1411 inguina
471 1333 622 1409 adalligata
646 1348 782 1391 venerem
806 1330 928 1408 inhibet,
956 1330 1082 1391 eiusdem
1103 1332 1143 1391 ci·

161 1420 206 1477 nis
220 1418 367 1495 alopecias
381 1417 489 1495 explet.
518 1416 642 1475 testiculi
657 1414 791 1483 drachma
812 1431 850 1473 cx
869 1431 942 1492 aqua
963 1423 1063 1475 contra
1079 1431 1142 1474 ser·

47 1490 70 1539 ⁸
161 1502 257 1580 pentis
272 1500 386 1572 bibitur,
401 1501 540 1575 sanguiue
555 1499 682 1576 pictores
697 1505 820 1556 utuntur.
1154 1513 1182 1553 rc

120 1595 177 1649 Ith-
233 1582 315 1661 (32.)
337 1583 512 1659 Peregrinae
526 1590 590 1641 snut
604 1590 634 1639 et
648 1581 758 1656 lynces,
774 1596 847 1657 qnae
863 1579 1020 1639 clarissime
1030 1579 1143 1657 quadri·

160 1666 265 1744 pedum
281 1667 402 1725 omnium
413 1674 541 1725 cernunt.
559 1664 661 1740 unguis
673 1680 769 1724 carrum
784 1664 875 1722 onmis
890 1680 953 1723 cnm
967 1664 1046 1722 corio
1062 1664 1146 1723 exuri

161 1740 362 1809 efficacissime
386 1749 415 1807 in
436 1746 578 1826 Carpatho
605 1746 696 1806 insula
720 1746 842 1806 tradunt.
874 1746 930 1807 hoc
953 1747 1049 1805 cinere
1072 1755 1145 1823 poto

161 1850 215 1911 pro
220 1832 302 1912 podia
315 1834 448 1908 virorum,
464 1830 591 1891 eiusdem
602 1830 914 1908 adspersnleminarnm
928 1827 1057 1889 libidines
1073 1829 1144 1889 iuhi-

160 1915 243 1991 heri,
268 1916 335 1973 item
356 1918 479 1993 pruritus
500 1931 653 1992 corporum
674 1914 753 1972 urina
773 1912 915 1972 stillicidia
931 1912 1057 1973 vesicae.
1091 1912 1182 1973 ita-ro

162 2015 219 2074 que
244 2014 306 2057 eam
329 1999 461 2074 protinus
481 2006 559 2056 terra
580 1996 701 2073 pedihus
728 1995 846 2071 adgesta
866 1995 989 2056 obrucre
1016 1995 1145 2057 traditur.

162 2079 261 2139 eadem
281 2088 375 2137 autern
391 2088 420 2139 et
437 2079 601 2155 iugulorum
617 2078 712 2138 dolori
726 2086 898 2138 monstratur
912 2079 940 2138 iu
953 2079 1095 2139 remedio.

120 2171 172 2225 123
233 2161 262 2220 9.
286 2161 369 2239 (33.)
385 2160 571 2220 llactenusde
584 2161 720 2220 externis.
736 2178 809 2220 nnuc
823 2171 1036 2238 praevertemur
1045 2160 1081 2221 ad
1092 2179 1144 2221 uo·

162 2252 249 2302 strum
265 2243 375 2318 orbem,
388 2245 564 2321 primumque
577 2244 735 2303 communia
749 2243 907 2304 animalium
918 2244 1043 2304 remedia
1057 2252 1145 2323 atque

161 2327 264 2385 eximia
277 2326 413 2403 dicemus,
429 2327 511 2386 sicuti
524 2344 542 2385 e
555 2324 640 2385 lactis
654 2344 715 2385 usu.
736 2327 913 2388 utilissimum
928 2328 1029 2405 cuique
1041 2335 1144 2389 mater·
1155 2346 1182 2385 rs

161 2426 236 2467 unm.
266 2411 420 2487 concipere
437 2410 563 2468 nutrices
577 2410 728 2470 exitiosum
744 2418 797 2486 est,
812 2410 840 2469 hi
855 2419 919 2470 suut
934 2411 1006 2469 enlm
1021 2410 1146 2473 inlautes

161 2493 210 2568 qui
231 2492 382 2552 colostrati
399 2492 596 2571 appellantur,
620 2492 740 2555 densato
764 2493 840 2553 lacte
861 2494 889 2553 iu
909 2495 988 2553 casei
1004 2494 1144 2570 speciem.

162 2583 207 2633 cst
228 2582 321 2634 autern
342 2574 469 2635 colostra
491 2577 581 2655 prima
601 2592 618 2634 a
640 2584 724 2653 partu
748 2592 879 2654 spongea
903 2578 1028 2637 densitas
1050 2576 1144 2637 luctis.

161 2675 291 2715 maxume
312 2666 404 2717 autem
426 2657 475 2717 alit
494 2658 691 2737 quodcumque
713 2658 877 2736 humanum,
902 2677 969 2719 mox
986 2661 1145 2737 caprinum,

161 2739 237 2799 nude
255 2740 387 2799 fortassis
407 2740 521 2800 fabulae
534 2740 635 2802 lovem
654 2744 693 2802 ita
721 2744 852 2803 nutritum
875 2742 983 2803 dixere.
1013 2741 1183 2806 dulcissiao

161 2840 234 2881 mum
247 2823 283 2882 ab
295 2822 416 2883 hominis
428 2824 607 2900 camellnum,
619 2824 848 2885 efficacissimum
861 2843 900 2885 er
909 2825 1004 2885 asinis.
1025 2842 1144 2901 magno-

121 2912 171 2967 124
181 2922 242 2964 rum
256 2906 414 2966 animalium
431 2915 462 2966 et
472 2923 624 2985 corporum
637 2908 749 2969 facilius
764 2908 900 2968 redditur.
931 2906 1078 2967 stomacho
1094 2908 1145 2967 ad-

162 2989 447 3049 commodatissimum
469 2992 630 3068 caprinum,
658 2992 790 3069 quoniam
817 2990 919 3051 froude
943 2991 1035 3067 magis
1060 3008 1145 3068 quam

161 3068 251 3131 herba
262 3081 425 3137 vescuntur.
446 3072 582 3132 bubulum
592 3072 767 3148 medicurius,
783 3073 900 3134 ovillum
913 3074 1024 3134 dulcius
1038 3080 1068 3133 et
1084 3074 1144 3133 rha-

160 3154 206 3229 gis
219 3153 280 3228 alit,
295 3154 443 3214 stomacho
457 3157 548 3215 minus
565 3157 650 3230 utile,
673 3158 804 3233 qnoniam
819 3164 865 3215 est
884 3157 1025 3236 pinguius.
1056 3172 1142 3217 omne
1153 3179 1180 3223 sc

161 3244 254 3294 autern
270 3254 387 3297 vernum
401 3239 529 3316 aquatius
541 3240 652 3300 aestivo
668 3247 696 3299 et
712 3239 748 3299 de
758 3238 894 3314 novellis,
910 3237 1144 3318 probatissimum

162 3334 233 3378 vero
258 3321 334 3398 quod
357 3324 498 3399 inungue
519 3322 621 3381 haeret
640 3340 695 3381 uec
717 3317 824 3383 delinit.
857 3322 1036 3382 innocentius
1054 3322 1143 3384 deco·

163 3409 246 3480 cmm,
263 3405 418 3483 praecipue
433 3423 497 3466 cnm
513 3404 632 3465 calculis
646 3406 770 3465 marinis.
800 3405 883 3466 alvos
902 3422 1031 3467 meamne
1053 3404 1144 3466 solvi·
