2484 3817
204 212 285 261 nac.
301 212 393 260 msc.
409 212 491 260 xxx.
507 210 551 265 16.
572 200 646 279 (ss.)
660 232 703 245 -—
714 213 810 305 xxm:
838 211 864 263 a.
880 201 940 281 (3.)
1031 201 1090 264 261

97 367 128 427 in
145 366 230 427 caelo
241 364 402 426 stantibus?
434 375 463 427 at
476 366 559 443 illae,
579 385 633 426 ceu
651 384 748 445 parum
769 366 806 425 sit
824 366 972 428 intentam
989 386 1092 449 perve-

97 452 162 510 nire
175 450 361 525 altitudinem,
377 452 494 528 rapiunt
516 468 553 510 eo
567 468 668 510 secum
689 450 809 529 piscium
831 454 978 528 examina,
999 470 1090 529 saepe

98 536 185 595 etiam
196 532 325 612 lapides,
341 533 520 611 subeuntque
535 542 684 613 portantes
697 533 792 593 aliena
804 534 942 611 pondera.
971 537 1120 600 caedem3

98 617 238 677 cadentes
257 618 378 677 omnium
399 626 478 678 terra
499 618 695 677 enascentium
709 634 796 677 causa
818 618 887 679 liunt
902 635 1022 698 prorsus
1040 620 1090 678 mi·

75 700 184 765 orabili
194 710 305 777 natura,
320 702 344 759 si
355 702 418 778 quis
431 700 503 760 velit
513 711 660 780 reputare,
675 708 704 758 ut
715 700 815 777 fruges
830 703 994 777 gignantur,
1007 702 1090 763 arbo·

96 803 146 843 res
161 784 340 862 fruticesque
357 785 469 859 vivant,
489 785 519 844 iu
534 784 644 845 caelum
661 786 787 860 migrare
802 800 892 863 aquas
911 787 1091 863 animamque

98 871 184 927 etiam
204 866 302 926 berbis
324 866 438 927 vitalem
455 866 521 926 inde
542 866 674 947 deferre,
697 867 882 927 confessione
901 868 978 927 victa
1000 870 1091 928 omnis

97 959 195 1011 terrae
210 967 326 1029 quoque
340 951 410 1012 viris
425 968 562 1029 aquarum
577 969 645 1011 esee
660 950 794 1011 benefici.
824 961 1005 1030 quapropter
1026 961 1091 1011 aute

97 1036 191 1095 omnia
212 1035 339 1113 ipsarum
361 1035 508 1113 potentiae
535 1034 669 1112 exempla
690 1050 840 1113 ponemus.
875 1044 994 1095 cuncms
1018 1036 1093 1095 euim

65 1120 162 1197 aquis
181 1118 343 1178 mortalium
357 1134 525 1179 enumcrare
543 1114 648 1194 queat?

160 1202 191 1261 2.
216 1202 278 1279 (2.)
308 1201 439 1261 Emicaut
461 1200 586 1277 benigne
609 1201 775 1278 passimque
795 1201 824 1261 in
844 1200 983 1280 plurumis
1005 1200 1122 1262 terrisl

96 1286 173 1346 aliae
187 1285 323 1361 frigidae,
341 1284 416 1345 aliae
432 1284 560 1361 calidae,
581 1283 657 1343 aliae
675 1284 803 1361 iunctae,
819 1286 892 1345 sicut
906 1287 934 1345 iu
948 1284 1093 1345 Tarbellis

96 1369 270 1447 Aquitanica
290 1377 378 1445 geute
399 1377 430 1429 et
450 1370 479 1427 iu
498 1367 655 1443 Pyrenaeis
677 1367 821 1427 montibus
841 1370 919 1429 tenni
938 1367 1092 1429 intervallo

97 1453 293 1526 discernente,
306 1451 379 1511 aliae
390 1451 505 1530 tepidae
517 1451 720 1530 egelidaeqce,
734 1451 838 1511 auxilia
849 1452 1014 1512 morborum
1026 1466 1092 1531 pro·

67 1557 90 1599 rs
100 1538 215 1596 liteutes
230 1544 290 1594 ete
307 1535 417 1594 cunctis
432 1535 601 1595 animalibus
616 1534 760 1594 hominum
775 1542 881 1593 tautum
898 1554 985 1595 causa
1001 1553 1092 1595 erum-

99 1629 212 1699 pentes,
222 1652 265 1683 .—
278 1626 386 1696 augept
397 1637 545 1677 numerum
556 1620 675 1678 deorum
686 1616 845 1675 nominibus
856 1618 943 1676 variis
955 1618 1093 1696 urbisque

99 1702 240 1777 condunt,
262 1703 337 1761 sicut
354 1701 491 1761 Puteolos
515 1702 544 1760 in
560 1699 731 1777 Campania,
752 1697 898 1759 Statiellae
923 1700 952 1757 in
967 1698 1092 1777 Liguria,

98 1788 215 1847 Sextias
225 1786 254 1844 iu
265 1783 448 1844 Narbonensi
460 1784 618 1861 provincia,
635 1798 774 1858 nusquam
785 1789 879 1841 tamen
891 1780 1000 1857 largius
1009 1800 1092 1859 quarn

99 1871 128 1930 iu
139 1870 246 1931 Baiano
259 1870 323 1928 sinn
337 1884 394 1925 nec
405 1865 537 1943 pluribus
549 1864 701 1926 auxiliandi
716 1864 881 1942 generibus,
894 1898 935 1909 --
947 1865 1021 1923 aliae
1034 1864 1091 1927 sul·
1102 1876 1119 1927 5

66 1954 189 2031 soporis,
206 1953 279 2013 aliae
296 1950 448 2026 aluminis,
463 1948 537 2009 aliae
552 1948 639 2022 salis,
656 1947 729 2008 aliae
744 1948 827 2024 uitri,
849 1948 922 2008 aliae
937 1947 1091 2024 bituminis,

99 2036 253 2097 nonnullae
267 2036 352 2094 etiam
369 2032 452 2093 acida
468 2032 582 2093 salsave
597 2033 735 2107 mixtura,
760 2048 869 2111 vapore
889 2033 954 2112 ipso
978 2032 1092 2110 aliquae

98 2128 228 2199 prosunt.
260 2127 339 2178 tauta
349 2118 385 2176 iis
400 2126 446 2175 est
458 2118 519 2191 vis,
535 2124 566 2175 ut
579 2114 709 2177 balineas
726 2114 896 2175 calefaciant
910 2133 945 2176 ac
960 2116 1092 2193 frigidam

97 2205 184 2265 etiam
206 2204 235 2261 in
256 2201 337 2261 soliis
355 2200 472 2259 fervere
495 2208 611 2276 cogant.
648 2199 769 2276 quaein
788 2198 895 2341 Baiaqo
923 2198 1091 2261 Posidianae

4 2339 5 2344 ,
97 2294 239 2347 vocantur
258 2286 372 2344 nomine
389 2292 510 2361 accepto
531 2302 547 2342 a
565 2280 666 2342 Claudi
687 2280 822 2342 Caesaris
843 2282 863 2342 li
886 2292 948 2341 erto
971 2283 1092 2361 opsonia

64 2386 217 2450 aequoque
243 2376 411 2447 percocunt.
447 2376 589 2445 vaporant
613 2375 642 2425 et
668 2367 697 2426 in
724 2367 793 2425 mari
813 2366 878 2445 ipsc
909 2384 983 2445 quae
1003 2365 1093 2427 Licini

99 2454 199 2515 Crassi
214 2451 306 2529 luere,
322 2448 490 2530 mediosque
503 2450 691 2509 interducias
704 2448 815 2508 exsistit
828 2448 933 2527 aliquid
944 2448 1091 2509 valitudini

99 2538 236 2598 salutare.

166 2618 228 2698 (3.)
242 2618 302 2679 lam
315 2619 473 2696 generatim
492 2616 590 2676 nervis
606 2624 728 2694 prosunt·
740 2615 900 2694 pedibusve
923 2622 971 2674 aut
985 2629 1089 2673 ccxen·
1102 2623 1119 2679 6

100 2703 222 2780 dicibus,
238 2702 311 2761 aliae
323 2702 427 2761 luxatis
437 2701 585 2776 fractisve,
599 2700 725 2760 inaniunt
739 2699 830 2777 alvos,
847 2705 947 2759 sanant
960 2696 1090 2757 volnera.

64 2786 188 2865 cacapiti
204 2785 375 2862 auribusque
391 2784 522 2862 privatim
536 2784 700 2859 medentur,
723 2782 814 2844 oculis
837 2800 908 2841 vero
924 2779 1090 2840 Ciceronia-

98 2887 164 2930 nae.
195 2869 281 2945 digna
296 2877 452 2927 memoratu
471 2866 538 2926 villa
554 2876 599 2926 est
612 2866 648 2926 ab
665 2864 783 2925 Averno
799 2866 863 2925 lacu
875 2862 1012 2947 Puteolos
1028 2872 1090 2923 teu·

100 2951 234 3013 dentibus
249 2952 373 3028 inposita
392 2950 485 3026 litori,
507 2948 654 3009 celebrata
671 2951 784 3027 porticu
801 2966 835 3009 ao
848 2964 985 3020 nemore,
1008 2964 1090 3024 quam

99 3034 229 3097 vocabat
244 3032 346 3093 Cicero
360 3032 544 3093 Academiam
564 3033 599 3092 ab
621 3034 755 3109 exemplo
770 3031 945 3091 Athenarum
959 3028 998 3089 ibi
1022 3046 1089 3089 cou-

102 3119 206 3199 positis
223 3116 414 3180 uoluminibus
437 3114 565 3177 eiusdem
583 3117 721 3191 nominis,
742 3116 771 3173 in
794 3133 849 3195 qua
870 3122 898 3173 et
918 3114 1090 3172 monimenta

66 3226 92 3269 m
103 3202 159 3263 sibi
171 3202 394 3275 instauraverat,
410 3217 464 3260 ceu
477 3214 550 3258 vero
571 3217 627 3257 non
644 3200 672 3257 in
686 3206 748 3257 toto
763 3207 902 3259 terrarum
918 3197 989 3255 oibe
1004 3196 1088 3255 lecis-

103 3294 159 3345 set.
188 3286 272 3344 huius
287 3285 314 3342 in
331 3292 413 3362 parte
430 3284 522 3361 prima
533 3282 638 3357 exigno
655 3290 722 3360 post
738 3281 844 3341 obitum
859 3281 949 3359 ipsius
965 3278 1117 3341 Antistiol

102 3368 212 3428 Vetere
229 3367 395 3446 possidente
411 3364 672 3443 eruperuntiontes
695 3362 778 3423 calidi
800 3380 936 3443 perquam
958 3361 1089 3421 salubres

103 3452 214 3527 oculis,
238 3450 377 3510 celebrati
398 3449 523 3508 carmine
544 3446 671 3506 laureae
685 3446 774 3523 Pulli,
797 3448 845 3525 qui
864 3447 952 3507 luite
978 3443 1090 3505 libertis
