2484 3817
144 224 186 286 40
482 227 623 312 enum
640 189 791 284 secunus

104 397 211 452 etnam
230 396 261 448 et
280 386 335 447 bae
359 383 645 447 ramesiensium
667 380 759 457 Syria.
788 380 924 450 falluntur
949 379 999 456 qui
1019 378 1140 439 eandsm

148 478 248 548 putant
258 487 326 530 esse
341 470 454 546 epicea
467 475 554 543 atque
570 465 668 526 larice.
685 467 769 542 picea
779 465 857 524 enirn
867 464 1008 541 pinguem
1024 470 1055 522 et
1066 464 1139 522 turis

86 599 89 607 .
145 553 231 614 mode
246 569 379 614 sucosam
388 551 494 626 tundit,
510 549 583 610 larix
597 549 737 626 gracilem
750 566 785 608 ac
794 547 893 608 mellei
907 545 1041 623 liquoris,
1057 547 1139 604 virus

147 635 338 700 redolentem.
370 634 475 696 medici
493 631 601 709 liquida
615 649 684 692 rarc
695 639 813 693 utuntur
825 631 897 690 etin
912 646 971 689 oro
986 629 1052 689 iere
1066 647 1084 688 e
1100 627 1139 688 la-

63 727 65 730 ’
145 719 210 778 rice‘
223 727 347 797 propter
362 719 463 778 tussim
479 717 637 792 ulceraque
653 717 815 790 viscerum,
842 731 898 773 nee
919 713 1006 790 pinea
1019 728 1137 788 magno·
1153 738 1167 776 s

102 813 221 880 aspere
246 805 276 862 in
299 821 369 878 usu,
396 801 505 863 ceteris
526 815 586 860 uon
613 799 669 858 uisi
684 800 786 858 coctis.
815 805 847 857 et
867 794 1010 873 coquendi
1027 812 1140 872 genera

104 905 133 943 rs.
152 905 176 940 m
189 888 260 946 satis
275 884 544 946 demonstravitum.
577 881 610 940 ln
624 882 761 942 arborum
773 880 937 941 differentia
951 877 1048 956 placet
1062 887 1139 937 tere-

146 969 287 1045 biuthina,
306 968 509 1028 odoratissima
528 974 615 1042 atque
630 965 796 1040 leuissima,
822 963 970 1024 nationum
982 959 1090 1039 Cypria
1108 970 1140 1020 et

141 1051 281 1129 firriaca,
299 1061 421 1128 unaque
437 1049 532 1110 mellis
550 1049 641 1108 Attici
657 1047 779 1122 colore,
793 1046 847 1107 sed
865 1044 971 1124 Cypria
986 1046 1140 1105 carnosior

146 1137 319 1213 sicciorque.
336 1136 367 1194 in
392 1135 471 1192 sicco
494 1151 607 1208 genere
628 1139 770 1210 quaerunt
788 1138 821 1189 ut
838 1132 878 1189 sit
889 1128 1025 1204 candida,
1054 1145 1175 1206 pura,10

145 1219 309 1297 perlucida,
346 1219 376 1276 in
400 1217 476 1276 omni
498 1224 593 1276 autem
616 1224 650 1274 ut
670 1222 804 1274 montana
837 1214 1040 1290 potiusquam
1064 1229 1138 1270 cam-

145 1303 270 1380 pastris,
302 1302 372 1360 item
399 1299 545 1376 aquilonia
571 1300 670 1376 potius
697 1316 782 1376 qrmm
814 1296 850 1356 ab
875 1295 933 1357 alic
958 1303 1057 1357 rento
1092 1313 1139 1354 re·

145 1384 267 1444 solvitur
291 1383 388 1444 resina
413 1383 448 1442 ad
469 1382 619 1442 volnerum
645 1400 714 1441 usus
740 1388 771 1442 et
795 1380 963 1456 malagmata
985 1377 1071 1454 oleo,
1109 1379 1139 1438 in

102 1480 135 1533 35
147 1469 285 1546 potiones
300 1465 459 1542 amygdalis
479 1468 592 1526 amaris.
634 1473 735 1525 natura
751 1466 782 1524 in
795 1463 937 1524 medendo
964 1461 1139 1522 contrahere

143 1550 284 1625 volnera,
310 1567 448 1627 purgare,
468 1548 616 1610 discutere
630 1547 841 1624 collectiones,
862 1548 933 1606 item
948 1546 1078 1624 pectoris
1096 1547 1139 1604 ri·
1151 1566 1175 1606 rs

144 1635 201 1709 tia,
229 1633 448 1712 [terebinthina]
476 1633 604 1694 inlinitur
626 1630 728 1692 eadem
749 1630 841 1692 calida
868 1629 1062 1692 membrorum
1088 1628 1139 1689 do·

145 1716 257 1778 loribus
281 1717 472 1795 spatiatisque
491 1717 521 1776 iu
542 1715 608 1776 solo
632 1715 784 1792 avellitur,
819 1722 850 1777 et
869 1715 940 1774 totis
962 1711 1138 1790 corporibus

143 1818 315 1877 mangonum
329 1817 461 1861 ramme
478 1817 547 1859 cura
564 1799 599 1858 ad
610 1799 803 1878 gracilitatem
815 1797 1021 1858 emendandam
1035 1797 1139 1872 spatiis

143 1885 183 1945 ita
198 1883 358 1949 laxantium
368 1892 464 1944 cutem
477 1901 533 1961 per
550 1883 665 1960 singula
677 1883 806 1944 membra
821 1881 1034 1960 capacioraque
1057 1877 1139 1938 cibo·
1231 1936 1232 1943 ,

100 1977 208 2034 aerum
221 1967 352 2028 iamenda
367 1983 502 2044 corpora.
529 1965 704 2028 Proxumum
720 1967 816 2027 lecum
830 1966 946 2043 optinet
963 1983 980 2024 e
1003 1962 1137 2023 lentisco.
1149 1984 1178 2025 aa

143 2052 222 2110 inest
241 2053 268 2110 ei
286 2052 331 2110 vis
345 2048 562 2126 adstringendi,
575 2059 678 2110 moret
691 2058 723 2109 et
738 2057 930 2110 anteceteras
946 2049 1064 2107 urinam.
1090 2065 1140 2105 re·

142 2132 238 2211 liquae
259 2142 393 2194 ventrem
418 2131 567 2207 molliunt,
589 2133 677 2192 cruda
690 2141 869 2205 concocunt,
894 2131 996 2190 tussim
1005 2138 1141 2191 veterem

144 2217 262 2286 sedant,
285 2216 391 2276 volvae
407 2232 497 2274 onera
513 2213 668 2274 extrahunt
684 2216 772 2274 etiam
793 2213 916 2273 suffitae.
944 2213 1077 2290 privatim
1090 2213 1141 2272 ad·

141 2307 295 2363 versantur
307 2299 407 2372 visco,
422 2314 513 2375 panos
530 2305 560 2356 et
576 2297 680 2356 similia
696 2315 760 2356 cum
779 2296 853 2356 sebo
867 2296 982 2355 taurino
1001 2304 1032 2356 et
1048 2295 1141 2356 melle

144 2389 251 2442 sanant.
285 2380 440 2458 palpebras
453 2375 606 2440 lentiscina
628 2381 859 2448 commodissime
873 2379 1016 2455 replicat,
1036 2380 1179 2445 iractisss

144 2482 260 2544 quoque
278 2463 429 2524 utilissima
444 2472 475 2524 et
492 2463 609 2524 auribus
626 2463 807 2540 purulentis,
828 2463 899 2522 item
913 2464 944 2522 in
959 2463 1071 2539 pruritu
1085 2481 1141 2539 ge-

143 2548 278 2608 nitalium.
317 2548 403 2625 pinea
414 2548 517 2624 capitis
533 2546 703 2606 volneribus
721 2555 838 2624 optume
853 2545 994 2605 medetur.
1018 2586 1020 2597 .

99 2639 133 2695 bt
209 2633 236 2690 7.
261 2629 342 2708 (23.)
372 2630 426 2690 mx
441 2647 558 2707 qnoque
575 2629 650 2688 unde
666 2638 697 2689 st
713 2629 818 2706 quibus
832 2629 1028 2690 conficeretur
1043 2630 1141 2689 modis

101 2713 385 2798 ¹⁴;,{,?²indicarimus,
413 2722 445 2772 et
467 2714 529 2772 eius
551 2714 608 2772 duo
629 2730 759 2789 genera,
782 2713 909 2789 spissum
931 2708 1138 2788 liquidumque.

142 2798 301 2874 spissarum
314 2797 466 2858 utilissima
483 2795 643 2857 medicinae
657 2795 786 2873 Bruttia,
803 2797 937 2873 quoniam
948 2795 1140 2872 pinguissima
1151 2819 1181 2862 a>

143 2889 175 2940 et
189 2880 403 2942 resinosissima
420 2889 557 2958 utrasque
574 2880 699 2958 praebet
713 2879 866 2954 utilitates,
882 2879 920 2939 ub
934 2877 965 2936 id
983 2879 1075 2954 magis
1090 2897 1140 2938 ru·

143 2964 194 3024 tila
208 2982 291 3041 quam
307 2970 435 3024 ceterae.
466 2964 496 3042 ld
510 2964 586 3022 enim
603 2962 680 3040 qnod
695 2965 725 3022 in
743 2962 800 3022 boc
815 2963 952 3038 adiciunt,
976 2981 994 3022 e
1010 2960 1140 3022 mascula

99 3047 256 3114 38arbore
276 3045 428 3108 meliorem
446 3066 531 3122 esse,
563 3063 623 3106 nou
636 3046 762 3106 arbitror
780 3063 871 3124 posse
891 3044 1033 3121 intellegi.
1058 3042 1139 3105 Picis

142 3136 241 3189 natura
260 3129 422 3206 excalfacit,
439 3130 550 3208 explet,
566 3129 736 3190 adversatur
751 3131 886 3208 privatim
899 3136 1032 3190 cerastae
1052 3144 1130 3186 mor-

98 3256 100 3261 ·
143 3213 224 3274 sibus
240 3229 303 3274 cum
316 3213 449 3292 polenta,
464 3215 533 3273 item
548 3215 671 3290 anginae
684 3208 749 3274 cum
764 3213 865 3289 melle,
888 3210 1137 3274 destillationibus
1148 3240 1180 3284 ³5

144 3305 174 3356 et
199 3299 405 3360 sternumentis
425 3298 566 3377 apituita.
596 3297 713 3358 auribus
735 3297 893 3357 infunditur
917 3312 981 3356 cum
996 3310 1137 3372 rosaceo,

121 3427 127 3442 .
142 3379 270 3443 inlinitur
284 3397 348 3442 cum
363 3399 439 3442 cera.
461 3389 543 3444 sanat
559 3380 687 3442 lichenas
695 3421 706 3458 ,
721 3380 816 3441 alvom
830 3380 937 3455 scirit,
955 3378 1137 3438 exscreatio-

28 3513 30 3517 ,
143 3481 196 3526 nes
213 3466 342 3543 pectoris
358 3465 473 3528 adiurat
488 3466 642 3544 ecligmate
656 3474 705 3529 aut
717 3465 807 3526 inlitis
819 3464 945 3526 tonsillis
960 3479 1023 3522 cnm
1035 3459 1135 3522 melle.
