2484 3817
320 196 400 244 nar.
417 196 507 245 uisu.
520 196 618 244 mx.
633 195 660 247 a
674 194 700 247 4.
717 184 869 263 (ua—17.)
1017 184 1077 246 217

96 348 334 409 hostiarum'uice
347 357 493 407 uterentur
512 348 568 407 his.
599 347 718 408 Genitae
734 348 834 411 Manae
850 350 946 411 catulo
968 368 1017 411 res
1038 351 1079 411 di·

95 434 163 491 vina
178 433 211 491 lit
231 439 262 489 et
283 433 311 489 in
329 434 408 490 cenis
423 432 506 491 deum
521 434 672 490 etiamnum
697 435 811 509 ponitur
826 434 955 494 catulina.
982 434 1079 494 aditia-

96 515 173 574 libus
197 514 310 591 quidem
333 515 426 592 epulis
447 514 594 573 celebrem
608 515 699 574 luisse
721 515 813 575 Plauti
834 516 948 576 fabulae
974 518 1079 577 indicio
1115 513 1119 525 '
1175 546 1178 553 =

96 606 172 657 sunt.
201 600 338 673 sanguiue
360 598 462 656 canino
484 606 584 656 contra
606 598 704 656 toxica
724 599 794 658 nihil
814 601 1003 676 praestantius
1027 618 1078 677 pu·
1132 624 1135 631 ⁴

72 689 168 755 stant,
182 682 354 739 vomitiones
369 698 484 757 quoque
497 678 555 738 hoc
569 679 673 738 aubual
688 690 863 740 monstrasse
879 682 985 740 homini
999 683 1078 742 vide·

96 771 153 840 tur,
169 770 199 822 et
212 762 286 822 alios
300 780 368 821 usus
382 781 420 821 ex
437 780 474 821 eo
487 765 558 821 mire
571 762 701 821 laudatos
715 764 874 823 referemus
892 765 950 823 suis
966 765 1048 825 locis.

160 845 245 923 (15.)
271 846 355 905 Nunc
379 845 414 905 ad
441 848 558 905 instituti
578 846 706 904 ordinem
729 864 893 923 pergemus.
929 846 1076 907 Adversus
1088 858 1122 911 59

2 923 3 996 I
97 931 274 1007 serpentium
288 930 363 987 ictus
384 929 516 987 eilicacia
530 928 669 987 habentur
684 930 776 988 dmum
798 929 917 1007 pecudis
932 948 1036 989 recens
1051 930 1080 988 in

97 1013 163 1071 vino
178 1011 331 1071 decoctum
350 1013 531 1088 inlitumque,
553 1029 649 1070 mures
669 1012 785 1073 dissecti
806 1014 937 1091 inpositi,
962 1030 1081 1090 quornm
1134 1060 1141 1075 r

65 1105 196 1155 iunctura
210 1104 324 1154 nonest
340 1095 519 1173 spernenda,
543 1095 698 1172 praecipue
712 1096 741 1153 in
757 1096 879 1155 adsensu
894 1096 1030 1172 siderum,
1050 1104 1081 1155 ut

96 1178 229 1252 diximus,
240 1196 304 1236 cum
315 1178 398 1237 lunae
411 1177 514 1236 lumine
526 1177 659 1237 librarum
670 1196 786 1238 numero
799 1189 951 1239 crescente
962 1177 1122 1260 atqueffllg

96 1262 298 1321 decrescente.
316 1261 524 1337 traduntblagi
538 1261 667 1320 iocinere
682 1263 768 1321 muris
786 1264 852 1321 dato
867 1265 966 1341 porois
981 1265 1008 1321 in
1024 1263 1079 1321 lico

96 1346 178 1421 sequi
192 1344 306 1403 dantem
319 1344 348 1404 id
365 1344 482 1419 animal,
505 1346 534 1403 in
555 1344 671 1404 homine
689 1362 804 1423 quoque
823 1346 954 1406 similiter
970 1346 1081 1421 valere,

98 1427 149 1487 scd
160 1427 273 1487 resolvi
291 1426 394 1500 cyatho
411 1427 469 1485 olei
484 1437 564 1505 poto.

66 1524 90 1563 1⁵
155 1509 240 1587 (16.)
260 1510 442 1569 blustelarnm
455 1510 511 1570 dno
531 1529 654 1587 genera:
681 1510 801 1570 alterum
816 1512 951 1571 silvestre
972 1512 1078 1572 distans
1088 1520 1123 1575 60

97 1593 305 1669 magnitudine,
325 1592 429 1653 Graeci
444 1603 551 1654 vocant
564 1594 676 1653 ictidas.
704 1594 802 1653 harum
822 1594 863 1652 iel
885 1604 985 1653 contra
1005 1595 1080 1670 aspi·

96 1676 147 1736 das
167 1676 272 1735 dicitur
291 1677 412 1750 cilicas,
441 1685 539 1736 cetero
559 1694 712 1735 uenenum.
743 1675 818 1735 haec
841 1686 935 1735 autem
961 1676 1083 1751 quaein

96 1759 341 1819 domihusuostris
356 1759 474 1819 oberrat
485 1767 514 1817 et
528 1757 640 1818 catulos
654 1774 734 1832 suos,
745 1767 775 1816 ut
789 1766 891 1817 auctor
905 1766 951 1816 est
963 1755 1080 1832 Cicero,

97 1842 204 1902 cotidie
220 1842 355 1901 transfert
368 1851 513 1917 mutatque
527 1840 644 1915 sedem,
665 1841 809 1917 serpentis
824 1840 1014 1918 persequitur.
1046 1856 1083 1899 ex
1108 1856 1119 1879 ·

60 1947 90 1987 ao
100 1942 137 1985 ea
152 1925 307 1985 inueterata
322 1925 383 1985 sale
398 1924 496 1982 denari
510 1924 621 2001 pondus
642 1925 670 1983 in
686 1923 796 1996 cyathis
811 1923 900 1983 tribus
920 1924 1001 1983 datur
1016 1940 1081 2001 per·

100 2008 195 2067 cussis
209 2017 253 2066 aut
271 2008 447 2067 ventriculus
460 2007 613 2067 coriandro
630 2006 720 2065 fartus
734 2008 907 2067 inveteratus
928 2008 1000 2066 etin
1016 2008 1082 2065 vino

11 2158 14 2165 ,
98 2099 198 2170 potus,
213 2107 230 2147 e
247 2090 340 2150 catulo
355 2090 495 2150 mustelae
513 2092 598 2150 etiam
615 2090 772 2149 efficacius.

162 2173 245 2251 (17.)
268 2174 414 2246 Quaedam
429 2174 561 2252 pudenda
578 2172 655 2231 dictu
672 2181 748 2232 tauta
763 2181 910 2234 auctorum
925 2172 1077 2233 adsevera·
1089 2183 1121 2237 61

95 2258 176 2317 tione
189 2257 421 2316 commendantur
439 2266 470 2315 ut
486 2257 645 2335 praeterire
666 2256 710 2315 las
732 2274 789 2315 non
810 2259 859 2333 sit,
882 2258 1019 2335 siquidem
1033 2257 1083 2317 illa

61 2359 88 2399 aa
98 2338 254 2399 concordia
270 2348 422 2398 renouant
435 2342 623 2416 repugnantia
634 2340 791 2399 medicinae
806 2341 975 2416 gignuntur,
993 2339 1082 2399 veluti

96 2424 227 2483 cimicum
245 2422 375 2481 animalis
396 2422 555 2482 foedissimi
574 2431 604 2480 et
625 2422 702 2481 dictu
721 2439 835 2500 quoque
854 2422 1016 2482 fastidiendi
1033 2440 1081 2481 na·

96 2514 159 2565 tura
174 2514 275 2563 contra
290 2508 463 2582 serpentium
480 2523 591 2565 morsus
611 2513 640 2564 et
661 2506 817 2583 praecipue
839 2507 968 2584 aspidum
982 2504 1081 2563 valere

96 2588 217 2662 dicitur,
240 2589 307 2646 item
328 2596 426 2647 contra
440 2607 552 2647 venena
567 2590 669 2657 omnia,
686 2598 869 2663 argumento,
891 2589 967 2667 quod
988 2587 1083 2645 dicant

95 2670 222 2748 gallinas
243 2686 301 2746 quo
327 2671 374 2730 die
400 2670 511 2729 ederint
531 2687 588 2730 non
609 2671 732 2731 interfici
751 2671 786 2729 ab
808 2672 909 2749 aspide
930 2670 1081 2747 carnisque

62 2770 195 2814 aucarum
223 2755 370 2830 percussis
391 2754 547 2831 plurumum
567 2755 719 2831 prodesse.
753 2772 790 2812 ex
808 2754 851 2813 his
874 2771 947 2832 quae
967 2751 1123 2816 traduntdi

95 2836 326 2897 humanissimum
340 2845 385 2895 est
399 2837 517 2895 inlinere
532 2838 674 2897 morsibus
687 2854 751 2895 cum
766 2838 903 2912 sangnine
920 2834 1081 2909 testudinis,

95 2920 166 2978 item
180 2918 276 2977 suffitu
294 2926 391 2977 eorum
408 2918 529 2994 abigere
544 2910 733 2995 sanguisugas
754 2919 934 2980 adhaerentis
952 2916 1081 2999 balistas·

96 3019 156 3079 que
171 3000 208 3060 ab
231 3000 395 3060 animalibus
411 3004 591 3077 restinguere
611 3003 640 3059 iu
662 3011 731 3079 potn
752 3004 839 3074 datis,
864 3016 1032 3076 quamquam
1052 3008 1082 3058 et

96 3083 202 3143 oculos
226 3084 338 3160 quidam
359 3084 404 3143 his
425 3086 562 3159 inungunt
580 3084 653 3144 tritis
678 3102 742 3143 oum
760 3085 821 3145 sale
842 3068 962 3141 eblaote
982 3081 1081 3141 mulie·

61 3182 170 3242 aarum,
186 3168 323 3244 aurisque
338 3184 401 3225 oum
414 3168 500 3227 melle
516 3174 546 3225 et
558 3184 681 3227 rosaceo
697 3165 837 3225 admixtis.
863 3180 915 3223 eos
932 3167 979 3242 qui
997 3182 1080 3241 agre·

96 3258 160 3311 stes
174 3252 231 3310 sint
246 3259 275 3309 et
287 3250 315 3307 in
327 3250 419 3309 malva
434 3256 586 3314 nascantur
601 3257 745 3308 crematos
759 3250 857 3307 cinere
879 3250 1019 3323 permixto
1035 3263 1080 3306 ro·

94 3351 188 3393 saceo
201 3332 346 3393 infundunt
364 3331 488 3391 auribus.
523 3340 621 3391 cetera
636 3348 709 3408 quae
725 3330 761 3389 de
778 3330 821 3390 his
841 3328 968 3404 tradunt,
989 3332 1076 3389 vomi·
1088 3340 1123 3395 63

94 3417 205 3479 donum
218 3424 249 3477 et
262 3424 458 3494 quartanarum
467 3412 591 3473 remedia
605 3413 783 3489 aliorumque
795 3413 969 3489 morborum,
986 3430 1080 3490 quam·
