2484 3817
163 192 223 253 134
493 200 798 251 cecrmsuccnur

65 392 67 395 ⁴
161 360 263 434 ligura,
279 375 378 417 semen
394 357 548 434 papaveris
565 354 651 431 nigri.
682 370 782 414 comae
797 356 881 413 tritas
899 354 1056 430 sanguineo
1074 368 1147 413 succ

160 449 281 500 manant.
312 439 385 499 odor
401 440 444 499 eis
458 440 617 498 resincsus.
648 437 774 514 gignitur
795 439 824 499 in
839 438 946 511 vineis,
967 436 1031 495 lere
1052 437 1147 496 medio

118 534 151 588 27
164 532 296 584 autumno
313 522 445 583 effoditur
455 522 705 601 suspenditurque.
732 539 799 580 osus
814 520 848 580 ad
864 518 1038 597 purgandam
1053 520 1148 580 alvom

158 615 261 667 tunsae
284 623 347 665 cum
375 607 483 665 semine
503 614 649 684 potaeque
671 606 808 664 matutino
829 604 876 661 vel
903 621 919 663 a
942 620 1012 662 cena
1036 603 1148 663 duabus

160 689 303 749 drachmis
319 690 347 749 in
369 706 441 767 aqua
455 690 544 748 mulsa
558 688 607 747 vel
620 689 694 747 vino
704 686 751 746 vel
767 706 839 765 aqua
856 704 943 765 pura,
964 687 1090 765 potionis
1104 697 1173 747 tor

159 776 216 834 tius
231 776 371 833 sextario.
410 772 494 831 trahit
511 771 616 847 bilem,
641 770 760 849 prodest
779 770 900 831 ischiadi
922 788 1068 847 maxume,
1094 772 1149 831 sed

159 866 279 935 postera
298 856 345 916 die
367 856 500 933 capparis
519 855 646 913 radicem
671 855 785 915 resinae
806 857 975 935 permixtam
1005 854 1149 914 devorare

160 948 278 1019 oportet
293 938 443 999 drachmae
461 937 591 1015 pondere
606 940 764 1015 iterumque
779 938 920 1017 quatridui
934 936 1149 998 intervalloea-

159 1022 224 1083 dem
239 1023 355 1097 iacere,
382 1038 399 1080 a
419 1022 590 1097 purgatione
604 1030 698 1081 autern
717 1022 780 1099 ipsa
796 1021 976 1081 robustiores
990 1022 1084 1080 vinum
1107 1022 1148 1081 bi-

160 1106 248 1182 bere,
264 1106 434 1164 infirmiores
450 1122 560 1182 aquam.
589 1106 734 1182 inponitur
755 1113 785 1164 et
799 1103 937 1183 podagris
960 1113 989 1163 et
1009 1104 1148 1165 ambustis
1160 1124 1187 1166 so

162 1200 191 1249 et
206 1187 372 1248 volueribus
388 1185 527 1246 cohibens
541 1190 719 1263 sanguinem.

118 1282 153 1336 28
227 1272 310 1349 (11.)
332 1270 486 1329 Ambrosia
507 1272 573 1347 vagi
589 1272 709 1330 nominis
733 1278 763 1330 et
778 1272 855 1329 circa
879 1270 951 1330 alias
974 1270 1080 1330 herbas
1096 1271 1149 1330 llu-

160 1354 247 1415 ctuati
262 1371 346 1413 uuam
362 1353 449 1412 habet
463 1363 581 1431 certam,
597 1352 729 1430 densam,
743 1370 901 1430 ramosam,
918 1363 1048 1430 tenuem,
1065 1355 1150 1414 trium

159 1438 223 1498 lere
236 1436 403 1515 palmorum,
420 1438 503 1496 tertia
517 1447 597 1514 parte
612 1436 710 1497 radice
721 1436 868 1515 breviore,
883 1437 1054 1499 foliisrutae
1071 1439 1149 1497 circa

160 1524 244 1581 imum
256 1520 376 1580 caulem.
401 1520 429 1578 in
439 1521 556 1579 ramulis
567 1538 666 1581 semen
675 1529 719 1580 est
728 1522 793 1580 uvis
806 1520 1044 1599 dependentibus,
1056 1521 1150 1581 odore
1161 1546 1187 1586 rc

159 1606 278 1679 vinoso,
300 1621 355 1681 qua
371 1603 407 1663 de
423 1621 509 1663 causa
524 1603 626 1677 botrys
649 1622 665 1664 a
681 1603 849 1682 quibusdam
870 1613 1005 1677 vocatur,
1026 1604 1072 1663 ab·
1085 1604 1151 1665 aliis

159 1687 323 1747 Artemisia.
347 1696 520 1747 coronantur
532 1687 581 1748 illa
594 1686 796 1767 Cappadoces.
816 1704 885 1746 osus
897 1687 959 1746 eius
974 1686 1010 1747 ad
1026 1704 1059 1747 ea
1074 1704 1150 1766 quae

159 1771 262 1831 discuti
278 1787 351 1849 opus
366 1773 412 1829 sit.
949 1806 951 1811 ,

117 1862 152 1919 29
224 1855 308 1933 (12.)
331 1852 454 1919 huouim
470 1852 582 1932 quidam
598 1854 721 1915 ononida
739 1854 845 1913 malunt
858 1871 977 1929 vocare,
993 1872 1148 1931 ramosam,

132 1972 139 1979 ·
159 1938 281 1997 similem
293 1937 360 1996 leno
369 1937 491 2012 Graeco,
501 1938 556 1997 nisi
567 1938 733 1998 fruticosior
744 1937 936 2017 hirsutiorque
948 1946 1037 2013 esset,
1054 1939 1148 1999 odore
1159 1966 1187 2005 20

158 2018 291 2095 iucunda,
309 2028 376 2098 post
389 2037 442 2078 ver
456 2020 584 2099 spinosa.
601 2031 680 2081 estur
695 2023 778 2081 etiam
793 2022 882 2081 muria
896 2022 1026 2097 condita,
1041 2039 1150 2083 recens

159 2119 231 2161 vero
245 2105 391 2179 margines
402 2101 531 2161 ulcerum
545 2104 647 2163 erodit.
676 2105 758 2164 radix
769 2104 940 2182 decoquitur
951 2108 979 2163 in
993 2122 1083 2183 posca
1097 2107 1147 2167 do·

160 2186 216 2245 lori
232 2184 365 2243 dentium.
402 2184 502 2245 eadem
522 2204 585 2244 cum
604 2188 691 2247 melle
708 2192 775 2265 pota
792 2188 921 2248 calculos
938 2187 1030 2267 pellit.
1059 2194 1148 2250 comi·

122 2310 124 2314 -
159 2266 275 2327 tialibus
290 2266 413 2326 daturin
429 2268 584 2342 oxymelite
601 2269 724 2329 decocta
741 2271 777 2330 ad
792 2270 930 2330 dimidias.

118 2362 153 2414 30
226 2350 308 2427 (13.)
326 2350 487 2427 Anagyros,
501 2368 584 2428 quam
596 2354 685 2431 aliqui
698 2362 934 2433 acoponvocaut,
943 2354 1080 2413 fruticosa
1090 2365 1146 2433 est,
1158 2380 1185 2421 ns

159 2434 258 2511 gravis
274 2433 464 2509 odore,'ilore
480 2433 585 2513 oleris,
608 2454 707 2497 semen
721 2438 750 2496 in
766 2438 919 2497 corniculis
938 2454 994 2497 nou
1010 2438 1149 2499 brevibus

160 2518 262 2594 giguit,
278 2516 371 2575 simile
384 2516 516 2595 renibus,
536 2520 615 2599 quod
637 2521 763 2580 durescit
779 2539 832 2599 per
847 2523 960 2581 messis.
994 2521 1064 2581 folia
1087 2523 1149 2582 col·

158 2599 330 2659 lectionibus
356 2600 529 2677 inponuntur
551 2602 761 2682 difficulterque
787 2604 962 2681 parientibus
988 2604 1149 2681 adalligan-

158 2692 204 2743 tur
222 2684 260 2741 ita
280 2692 342 2742 uta
367 2693 450 2761 partu
464 2686 557 2744 statim
573 2685 745 2745 auferantur.
776 2685 853 2763 quod
874 2688 898 2744 si
920 2696 1063 2747 emortuus
1078 2688 1149 2749 hae·

159 2774 222 2826 reat
238 2774 266 2823 et
282 2766 426 2825 secundae
439 2785 612 2847 mensesque
626 2778 788 2845 morentur,
810 2768 943 2830 drachma
963 2769 1097 2830 bibuntur
1116 2773 1146 2833 in
1158 2789 1186 2829 so

160 2866 248 2928 passo
262 2849 342 2909 lolia.
375 2851 419 2909 sic
438 2860 466 2909 ct
481 2852 646 2931 suspiriosis
665 2850 785 2928 dantur,
808 2860 838 2911 et
858 2854 887 2912 in
906 2854 972 2912 vino
990 2862 1093 2913 vetere
1110 2857 1149 2916 ad

160 2932 377 3009 phalangiorum
398 2950 518 2993 morsus.
553 2936 635 2995 radix
661 2934 844 2995 discutiendis
871 2936 1148 3016 concoquendisque

160 3014 319 3102 adhibetur,
334 3034 434 3075 semen
449 3018 700 3078 conmanducatam
714 3020 884 3079 vomitiones
898 3019 976 3079 iacit.

118 3110 150 3162 31
223 3098 305 3177 (14.)
326 3098 495 3176 Anonymos
511 3120 567 3161 non
588 3101 758 3162 inveniendo
779 3120 882 3162 nomeu
903 3104 1019 3162 inuenit.
1050 3102 1148 3163 adier-

159 3191 205 3239 tur
227 3198 243 3239 e
260 3182 387 3259 Scythia,
404 3183 551 3245 celebrata
565 3186 682 3246 Hicesio
694 3204 751 3246 non
767 3204 875 3265 parrae
891 3187 1070 3247 auctoritatis
1086 3205 1146 3247 me·
1157 3210 1184 3251 as

159 3263 239 3339 dico,
264 3267 332 3325 item
353 3268 560 3346 Aristogitoni,
586 3272 615 3329 in
634 3269 799 3331 volneribus
821 3270 987 3349 praeclara,
1012 3288 1049 3330 en
1070 3288 1148 3349 aqua

159 3357 240 3406 tunsa
256 3348 395 3428 inposita,
417 3363 484 3432 pota
504 3371 575 3413 vero
590 3357 715 3415 mammis
732 3353 967 3434 praecordiisque
986 3356 1147 3433 percussis,

158 3431 225 3489 item
241 3437 406 3510 sanguinem
423 3436 649 3499 exscreantihus.
679 3448 818 3519 potavere
834 3447 863 3498 et
876 3435 1029 3495 bibendam
1044 3438 1147 3498 volne-
