2484 3817
136 156 199 221 280
475 170 505 217 o.
521 170 616 218 cumr
635 170 785 220 snorum

136 326 174 385 tis
194 324 231 384 ad
250 324 458 385 extenuandam
479 332 574 383 cutam
597 283 813 401 leroudanrque.
855 340 994 401 pecorum
1016 340 1133 403 qnoque

138 406 266 467 scabiem
280 417 309 467 et
323 408 409 467 boum
428 407 526 468 inlitus
545 407 634 481 tollit,
656 406 794 485 daturque
818 406 971 483 lingendus
990 416 1020 468 ει
1041 409 1133 471 oculis
1239 456 1240 459 ,

137 492 324 551 iumentorum
338 493 488 569 inspuitur.
516 490 597 551 llaec
611 490 648 549 de
666 489 729 550 sale
743 490 819 550 dicta
834 491 899 549 sint.
1239 464 1240 555 l

95 585 148 637 106
222 578 270 636 10.
295 576 378 654 (46.)
403 575 450 653 [1]
465 572 531 633 Non
557 582 602 633 est
623 573 781 635 differenda
806 581 836 632 et
849 574 915 633 nitri
935 582 1051 652 natura,
1074 592 1133 637 uon
1239 584 1240 645 ι

135 658 252 717 multum
269 658 361 719 asale
377 657 486 717 distans
501 666 532 716 et
546 674 583 716 eo
604 656 767 733 diligentius
788 656 925 733 dicenda,
948 657 1014 735 qnia
1038 658 1158 737 palamc
1239 648 1240 665 ¹

137 749 182 801 εει
197 749 227 801 ει
242 741 371 801 medicos
385 742 434 820 qui
458 741 495 801 de
512 758 548 799 eo
569 740 749 818 scripserunt
763 741 915 817 ignorasse
932 750 1059 801 naturam
1075 760 1133 803 nec

136 839 306 903 quemquam
329 822 533 903 Theophrasto
553 822 717 900 diligentius
738 823 899 883 tradidisse.
938 822 1080 900 Exiguum
1102 826 1134 885 lit

137 908 213 988 apud
226 908 331 969 bledos
348 906 569 967 canescentibus
584 908 716 967 siccitate
731 906 928 983 convallibus,
939 907 1017 985 quod
1028 917 1134 969 vocant
1239 946 1240 957 ι

59 1049 62 1052 ,
133 991 347 1067 halmyrrhaga,
360 993 452 1050 minus
461 991 547 1049 etiam
558 989 800 1051 inTbraciaiuxta
810 991 972 1069 Philippos,
985 992 1133 1051 sordidum

94 1084 143 1139 lot
155 1085 235 1135 terra
249 1092 266 1133 a
281 1091 337 1150 qua
347 1072 497 1152 appellant
506 1075 627 1149 agrium.
637 1091 712 1152 ,nam
724 1092 834 1154 quercu
843 1085 968 1136 cremata
981 1084 1170 1154 numquamne

134 1157 251 1218 multum
266 1157 423 1216 factitatum
434 1163 480 1215 est
493 1165 524 1217 et
537 1158 593 1217 iam
606 1157 718 1235 pridem
728 1159 756 1217 in
768 1166 856 1218 totum
869 1159 1013 1218 omissum.
1038 1176 1132 1236 aquae

136 1259 208 1302 vero
229 1242 356 1300 nitrosae
376 1238 507 1319 pluribus
534 1239 608 1301 locis
631 1242 831 1318 reperiuntur,
858 1242 911 1302 sed
933 1242 997 1302 siue
1022 1241 1133 1301 viribus

119 1330 122 1335 ’
137 1322 284 1385 densandi.
313 1332 459 1401 optumum
472 1324 680 1402 copiosumque
695 1324 724 1383 in
737 1322 823 1385 Glitis
833 1324 1039 1401 Macedoniae,
1055 1325 1133 1403 quod

134 1416 243 1468 vocant
256 1404 484 1483 Chalestricum,
507 1406 657 1467 candidum
678 1424 854 1487 purumque,
874 1426 1045 1487 proxumum
1065 1409 1128 1469 sali.

135 1492 216 1552 lacus
233 1499 279 1550 est
293 1491 421 1551 nitrosus
437 1490 591 1552 exsiliente
611 1489 738 1550 emedio
757 1491 834 1571 dulci
856 1492 1008 1553 lontioulo.
1040 1492 1080 1552 ibi
1100 1494 1169 1553 litus

135 1576 239 1637 nicrum
260 1575 339 1635 circa
360 1574 440 1635 canis
461 1582 554 1635 ortum
572 1574 696 1634 novenis
716 1574 818 1635 diebus
837 1574 1013 1653 totidemque
1034 1585 1133 1637 cessat
1239 1614 1240 1651 ,

93 1668 145 1724 108
156 1676 192 1719 ac
205 1676 304 1719 rursus
319 1658 427 1719 innatat
442 1668 471 1719 et
481 1657 587 1718 deinde
599 1665 705 1719 cessat.
730 1676 788 1737 quo
802 1658 923 1737 adparet
937 1659 992 1720 soli
1003 1668 1132 1719 naturam
1239 1652 1240 1743 l

136 1760 204 1803 esse
217 1760 293 1822 qnae
305 1742 422 1819 gignat,
438 1742 572 1821 quoniam
586 1750 755 1821 conpertum
767 1751 812 1803 est
825 1760 881 1802 nec
895 1743 974 1805 soles
986 1744 1132 1823 prolicere

135 1827 302 1905 quicquam,
319 1843 383 1885 cum
395 1834 507 1902 cesset,
522 1844 579 1886 nec
588 1825 697 1887 imbris.
727 1828 827 1887 mirum
851 1834 880 1886 ει
894 1826 979 1903 illud,
997 1826 1130 1887 scatebra

133 1909 265 1969 fonticuli
280 1926 397 1985 semper
412 1910 553 1970 emicante
573 1909 668 1970 lacum
686 1926 781 1987 neque
796 1912 897 1987 augeri
914 1926 1010 1989 neque
1028 1911 1128 1971 lluere.
1139 1928 1166 1969 ao

134 1993 180 2053 bis
195 1999 288 2052 autem
302 1990 405 2051 diebus
420 1992 524 2071 quibus
540 1992 668 2069 gignitur
682 1994 707 2050 si
722 1993 804 2053 luere
825 1992 947 2070 imbres,
968 1994 1071 2056 salsius
1086 1995 1127 2053 ni-

134 2085 209 2135 trum
224 2073 348 2149 iaciunt,
366 2074 517 2151 aquilones
530 2074 674 2148 deterius,
689 2076 755 2152 quia
770 2076 892 2137 validius
910 2085 1083 2137 comnovent
1096 2076 1129 2135 li·

96 2171 148 2227 109
158 2175 243 2218 mum.
270 2156 309 2217 lit
321 2156 379 2217 boc
393 2158 508 2235 quidem
520 2158 663 2232 nascitur,
685 2157 731 2237 [2]
747 2161 776 2218 in
792 2159 929 2239 Aegypto
945 2169 1041 2223 autem
1062 2176 1129 2219 con·

135 2242 231 2302 licitur
245 2240 335 2299 multo
347 2238 553 2316 abundantius,
571 2240 625 2301 sed
639 2240 775 2304 deterius.
808 2261 873 2303 nam
890 2244 1003 2305 fuscum
1019 2242 1129 2321 lapido·

135 2342 254 2403 sumque
270 2333 324 2385 εει.
353 2325 386 2383 lit
401 2342 494 2404 paene
508 2323 611 2386 codem
625 2324 710 2385 modo
723 2343 779 2405 quo
796 2326 856 2402 sal,
872 2328 927 2388 nisi
940 2327 1017 2406 quod
1032 2327 1129 2386 salinis
1138 2337 1166 2378 2⁶

33 2441 35 2444 ·
76 2410 83 2427 ‘
134 2425 214 2467 mare
239 2406 402 2483 infundunt,
421 2406 517 2468 Nilum
534 2416 628 2467 autem
651 2408 737 2468 modo
760 2410 892 2473 nitrariis.
931 2411 986 2471 bae
1008 2409 1130 2470 cedente

134 2491 202 2552 Nilo
218 2489 335 2550 madent
349 2508 420 2549 suco
433 2493 500 2551 nitri
514 2490 564 2551 XL
578 2491 681 2552 diebus
696 2494 854 2567 continuis,
876 2512 935 2554 non
949 2504 979 2554 ut
993 2495 1022 2555 iu
1035 2493 1129 2555 blacc-

135 2574 222 2635 donia
243 2574 335 2635 statis.
378 2573 403 2632 si
424 2584 454 2633 et
469 2574 575 2635 imbres
597 2576 764 2655 adfuerunt,
793 2579 886 2637 minus
906 2596 924 2638 e
945 2576 1061 2638 flumine
1081 2576 1129 2637 ad·
1239 2574 1240 2581 ’

137 2658 221 2734 dunt,
237 2658 388 2735 statimque
402 2666 434 2716 ut
447 2658 562 2718 densari
578 2668 713 2737 coeptum
730 2668 791 2736 est,
805 2662 931 2739 rapitur,
948 2679 986 2721 ne
998 2659 1128 2719 resolva·
1239 2686 1240 2727 1

135 2751 182 2801 tor
194 2742 223 2799 in
238 2741 372 2801 nitrariis.
399 2742 443 2801 sio
457 2759 572 2820 qnoque
583 2743 644 2803 olei
653 2751 752 2803 natura
765 2744 934 2820 intervenit,
949 2744 985 2805 ad
999 2742 1127 2804 scabiem
1136 2755 1163 2797 ao
1239 2748 1240 2757 ¹

136 2823 296 2885 animalium
320 2823 408 2883 utilis.
448 2825 541 2903 ipsum
563 2834 658 2886 autem
679 2825 825 2887 conditum
845 2828 873 2887 in
896 2828 1010 2889 acervis
1035 2826 1127 2886 durat.

95 2920 147 2972 llo
157 2907 258 2969 blirnm
272 2908 301 2966 in
316 2906 381 2968 lacu
397 2907 525 2969 Ascanio
539 2918 569 2969 et
582 2907 750 2988 quibusdam
762 2911 839 2971 circa
852 2907 989 2973 Chalcida
1002 2908 1128 2969 lontibus

136 3008 259 3051 summas
271 3007 360 3068 aquas
375 2990 467 3052 dulcis
482 3010 550 3053 esse
567 2992 738 3071 potarique,
760 2994 914 3053 inferiores
930 2995 1062 3053 nitrosas.
1095 2992 1138 3051 ln.

136 3074 212 3133 nitro
227 3083 371 3151 optumum
385 3075 462 3154 quod
476 3076 687 3151 tenuissimum,
709 3084 738 3135 et
752 3076 818 3137 ideo
834 3092 934 3155 spuma
950 3076 1068 3149 melior,
1090 3074 1126 3137 ad

137 3157 233 3234 aliqua
258 3166 352 3217 muron
377 3158 538 3237 sordidum,
563 3166 707 3235 tamquam
726 3158 761 3220 ad
787 3159 954 3221 inliciendas
984 3170 1161 3237 purpuratas

92 3254 127 3300 as.
144 3256 178 3293 m
195 3240 390 3318 tincturasque
414 3243 516 3302 omnis.
551 3239 671 3317 blaqnus
691 3250 721 3301 ct
740 3242 814 3301 vitro
836 3260 922 3317 usus,
946 3244 995 3319 qui
1015 3242 1126 3302 dicatur

96 3330 146 3385 111
159 3337 211 3380 suo
225 3321 302 3383 loco.
328 3324 375 3401 [3]
395 3323 538 3385 Nitrariac
561 3322 691 3402 Aegypti
714 3325 792 3385 circa
807 3325 973 3385 Naucratim
994 3334 1024 3385 et
1037 3326 1125 3385 blem-

139 3402 217 3481 pbim
231 3414 337 3465 tanturn
351 3405 486 3469 solebant
498 3424 583 3483 esse,
599 3409 676 3467 circa
690 3408 843 3487 hlempbiru
859 3407 1030 3471 deteriores.
1061 3424 1126 3467 nam
