2484 3817
242 191 250 200 «
360 182 440 228 ner.
463 179 554 226 uter.
576 177 684 226 xxxv,
708 177 747 228 ιο.
772 165 842 244 (36.)
1005 169 1011 184 ‘
1052 161 1100 226 ’83

104 337 182 417 qnod
193 345 224 397 et
238 338 331 415 ipsum
345 337 375 395 iu
386 333 574 413 proverbium
590 333 670 393 abiit.
701 332 848 392 ,luitenim
865 330 1100 407 etoomitasilli,
1172 347 1180 366 ⁸
1221 335 1226 342 “

105 429 324 501 propterquam
341 419 453 497 gratior
470 416 640 477 Alexandro
655 415 761 493 llagno
778 416 949 491 frequenter
966 417 995 474 in
1011 415 1101 475 ellici·

105 523 169 565 nam
183 505 346 580 ventitanti,
362 520 436 576 nam,
452 509 483 560 ut
497 501 632 575 diximus,
647 499 683 560 ab
700 500 759 560 alio
776 517 808 558 se
818 500 904 575 pingi
920 507 1054 558 vetuerat
1078 520 1097 559 n.
1109 521 1143 556 ιιι

104 588 220 666 edicto,
238 588 291 648 sed
307 589 337 647 in
353 586 467 646 ollieiua
479 586 606 663 inperite
621 582 710 642 multa
726 580 882 648 disserenti
897 580 1041 642 silentium
1053 601 1102 644 co·

83 674 189 733 imiter
209 671 349 732 suadebat
365 669 456 729 rideri
472 686 537 728 eum
551 667 653 726 dicens
671 684 687 725 a
704 667 803 744 pueris
826 666 874 742 qui
889 664 1008 725 colores
1024 673 1101 728 tere·
1122 735 1134 747 g

104 765 176 816 rent.
210 764 319 815 tantum
333 760 396 816 erat
411 753 577 811 auctoritati
597 751 669 809 iuris
694 751 723 809 in
743 765 845 825 regern
864 748 972 826 alioqui
990 750 1144 819 imeae-86

103 841 175 900 dnm.
206 855 373 916 quemqnam
387 834 556 895 Alexander
572 833 714 893 bonorem
733 834 761 893 ei
777 831 938 892 clarissimo
954 831 1101 910 perhibuit
1164 827 1169 834 ’

103 921 258 1000 exemplo,
273 938 394 998 namque
406 936 470 979 eum
484 917 619 978 dilectum
630 917 686 978 sibi
699 935 716 976 e
730 916 849 993 pallacis
862 917 921 976 suis
932 908 1102 995 praecipue,

103 1007 218 1066 nomine
234 1003 420 1081 Pancaspen,
435 1000 538 1062 nudam
553 1002 634 1079 pingi
651 1001 689 1061 ob
706 999 922 1059 admirationem
937 999 1049 1060 formae
1065 1001 1101 1062 ab

72 1088 210 1168 noApelle
228 1089 366 1147 iussisset
381 1102 523 1162 eumque,
544 1085 608 1145 dum
625 1093 726 1162 paret,
744 1090 858 1161 captum
874 1100 973 1142 amore
991 1086 1102 1145 sensis-

103 1181 165 1251 set,
192 1173 269 1231 dono
286 1169 366 1231 dedit
387 1171 418 1240 ei
436 1186 554 1247 maguus
572 1169 684 1244 aninlo,
709 1168 800 1226 maior
820 1168 942 1244 imperio
960 1167 1021 1244 sui,
1048 1171 1103 1230 uec

102 1258 195 1315 minor
209 1255 266 1315 boe
280 1255 359 1314 iacto
374 1246 457 1331 qnam
474 1253 597 1312 victorie
610 1251 715 1329 aliqua.
745 1252 810 1329 ipse
829 1269 862 1310 se
879 1249 966 1326 vicit,
986 1269 1042 1312 nee
1056 1260 1098 1312 to·
1109 1258 1143 1318 87

102 1357 164 1398 rum
182 1347 290 1398 tantum
318 1355 399 1397 suum
417 1334 470 1396 sed
496 1337 583 1396 etiam
600 1337 745 1396 adlectum
771 1333 901 1394 donavit.
914 1334 1034 1411 artilici,
1064 1355 1102 1398 ne

102 1423 228 1483 dilectae
244 1421 359 1499 quiden
375 1428 514 1497 respectu
528 1428 641 1495 motus,
658 1437 722 1479 cum
736 1417 822 1478 modo
837 1419 918 1494 regis
935 1419 1102 1496 caluisset,
1201 1489 1211 1512 ¹

70 1506 188 1567 simodo
200 1506 321 1583 pictoris
337 1511 430 1564 esset.
462 1511 529 1563 sunt
542 1504 591 1580 qui
603 1503 752 1563 Venerem
768 1502 985 1575 anadyomenen
1001 1503 1101 1566 abillo

103 1593 207 1669 pictam
218 1587 378 1666 exemplari
391 1595 501 1666 putent.
523 1586 587 1664 [13]
604 1585 728 1662 Apelles
741 1592 771 1643 et
783 1585 812 1643 in
824 1583 944 1644 aemulis
956 1584 1100 1664 benignus

102 1674 262 1751 Protogeni
288 1672 486 1748 dignationem
506 1671 615 1747 primus
637 1667 732 1727 Rhodi
758 1668 916 1728 constitnit.
960 1670 1145 1737 sordebatse

70 1772 79 1786 ‘
104 1759 163 1817 mis
184 1767 216 1816 ut
233 1755 403 1834 plerumque
421 1752 598 1826 domestica,
617 1753 858 1829 percontantique
879 1754 976 1829 quanti
997 1753 1101 1815 liceret

104 1856 195 1918 opera
216 1838 321 1898 ellecta
338 1851 458 1914 parvom
476 1836 577 1894 nescio
596 1833 665 1912 quid
687 1836 818 1910 dixerat,
845 1834 945 1895 atille
963 1838 1101 1915 quinqua-

68 1942 95 1983 so
103 1924 189 2001 genis
205 1921 321 1980 talentis
343 1920 481 1997 poposcit
498 1920 658 1997 famamque
675 1918 814 1996 dispersit
831 1937 864 1978 se
883 1929 1028 1980 emerent
1046 1939 1099 1999 pro

105 2007 164 2067 suis
185 2004 334 2065 venderet.
373 2020 409 2062 ea
430 2021 480 2062 res
495 2003 652 2062 concitavit
668 2001 799 2062 Rhodios
818 2001 854 2062 ad
873 2003 1101 2081 intellegendum

105 2089 262 2165 artificem,
278 2105 333 2147 nec
345 2087 401 2146 nisi
417 2087 589 2164 augentibus
604 2089 729 2164 pretinm
745 2087 843 2146 cessit.
874 2080 938 2166 [121]
955 2086 1100 2166 Imagines

105 2172 179 2233 adeo
188 2171 380 2232 similitudinis
392 2170 568 2230 indiscretae
582 2171 676 2247 pinxit
688 2178 720 2229 ut
731 2203 773 2214 -
784 2170 957 2231 incredibile
970 2171 1048 2232 diotn
1056 2209 1101 2219 -

105 2259 183 2335 Apio
201 2256 400 2334 grammaticus
417 2256 554 2332 scriptum
567 2253 722 2332 reliquerit
741 2253 881 2332 quendam
896 2273 934 2315 ex
952 2257 1027 2316 facie
1048 2257 1100 2317 bo-

62 2356 95 2395 ee
104 2343 208 2400 minum
219 2341 404 2416 divinantem,
417 2354 491 2415 qnos
506 2345 735 2416 metoposcopos
751 2345 873 2415 vocant,
889 2339 973 2400 exiis
988 2340 1099 2401 dixisse

105 2431 153 2483 aut
167 2424 279 2483 loturae
293 2424 394 2482 mortis
413 2438 503 2481 annos
519 2429 568 2481 aut
582 2423 769 2499 praeteritae.
799 2420 866 2490 Nou
881 2423 977 2483 iuerat
992 2425 1020 2483 el
1034 2441 1098 2501 gru·
1107 2435 1141 2490 89

106 2509 145 2565 tia
171 2508 200 2565 iu
224 2508 361 2566 comitatu
384 2504 543 2566 Alexandri
568 2523 631 2563 cum
659 2503 846 2581 Ptolemaeo,
878 2522 935 2584 quo
957 2517 1099 2584 regnante

105 2589 317 2659 Alexandream
327 2592 355 2650 vi
370 2589 552 2670 tempestatis
565 2587 703 2667 expulsus
718 2590 877 2649 subornato
890 2590 990 2650 lrande
1004 2608 1098 2651 aemu-

107 2674 199 2733 lorum
219 2674 307 2752 plano
327 2676 412 2750 regio
429 2674 564 2733 invitatus
583 2672 617 2731 ad
639 2690 738 2731 cenam
755 2675 851 2748 teuit,
879 2672 1097 2754 indignantique

71 2756 275 2817 aoPtolcmaeo
296 2765 327 2816 et
342 2766 498 2817 vocatores
519 2773 589 2817 snos
609 2757 793 2832 ostendenti,
819 2763 850 2814 nt
867 2755 979 2817 diceret
1002 2776 1018 2817 a
1039 2776 1096 2837 quo

108 2857 208 2901 eorum
225 2841 361 2900 invitatus
381 2848 479 2916 esset,
509 2838 632 2917 adrepto
655 2840 781 2900 carbone
798 2841 977 2900 exstinctoe
998 2843 1095 2903 loculo

106 2926 258 3002 imaginem
270 2925 298 2982 iu
312 2924 425 3001 pariete
436 2923 595 3000 deliniavit,
607 2923 803 3000 adgnoscente
816 2923 924 2982 voltum
935 2922 1011 3001 plani
1023 2945 1096 3004 rege

107 3009 270 3070 inchoatum
284 3008 425 3086 protinus.
468 3006 564 3066 Pinxit
583 3014 613 3066 et
628 3006 766 3083 Antigoni
786 3007 866 3083 regis
885 3009 1037 3084 imaginem
1056 3009 1138 3074 ιιι-90

106 3101 172 3152 tero
189 3092 295 3152 lumine
311 3089 410 3150 orbam
425 3091 532 3168 primas
550 3091 715 3166 excogitate
730 3089 843 3150 ratione
858 3091 928 3151 vitia
941 3091 1094 3169 condendi,
1164 3146 1167 3159 ,

72 3176 252 3255 sontiquan
277 3191 399 3253 namque
426 3174 512 3248 lecit,
542 3183 571 3232 ut
597 3171 676 3251 quod
696 3171 797 3232 deerat
818 3177 934 3252 corpori
954 3176 1094 3252 *picturae

53 3257 57 3272 ¹
107 3260 214 3321 deesse
240 3259 337 3340 potius
363 3257 530 3333 videretur,
558 3264 723 3333 tantumque
747 3266 941 3335 campartem
971 3276 987 3318 e
1018 3259 1093 3319 faeie

108 3344 236 3404 ostendit
253 3360 336 3421 quam
357 3350 446 3403 totam
465 3347 581 3420 poterat
605 3339 770 3400 ostendere.
815 3349 879 3400 sunt
903 3343 979 3402 inter
1002 3359 1092 3422 opera

108 3432 171 3490 eius
184 3436 213 3487 et
228 3428 432 3507 exspirantium
448 3427 595 3501 imagines.
627 3441 705 3502 ¹quae
720 3432 813 3484 autem
827 3424 1009 3570 ιιοοίὲίἒοίιιιο
1033 3428 1093 3486 'sint
