2484 3817
142 216 182 277 80
503 223 534 272 c.
552 223 648 270 nunu
665 219 816 270 saeuum

100 391 134 446 67
147 399 241 441 amara
267 399 332 441 cum
356 379 475 458 quadam
497 377 659 437 dulcedine.
690 378 819 436 nascitur
840 377 870 436 in
890 373 1015 435 collibus
1037 375 1138 452 pingui

140 465 221 541 solo,
243 465 438 524 lasrdatiasinaa
460 464 489 521 iu
505 460 640 536 Arcadia,
661 457 756 537 Elide,
772 459 931 536 llessenia,
945 457 1071 533 Pholoe,
1086 455 1138 534 lq-

142 563 228 626 caeo,
253 555 283 608 et
305 548 334 607 in
349 547 474 624 Alpibus
497 561 569 603 uero
591 543 788 622 plurumisque
809 542 874 602 aliis
894 541 977 601 locis.
1007 543 1039 600 in
1053 539 1138 617 lycia

142 632 261 709 quidem
278 638 309 690 et
326 649 364 690 ex
381 647 415 690 ea
430 627 546 704 Lycium
560 625 678 685 faciunt.
700 628 790 686 visin
809 625 979 685 volneribus
996 631 1075 684 tanta
1094 633 1139 684 est

142 722 175 774 ut
190 715 405 775 cohaerescere
421 714 507 772 etiarn
520 711 616 769 caruis
633 710 772 786 tradatur,
787 711 811 768 si
829 718 971 786 coquatur
986 708 1076 767 simul.
1110 709 1161 767 ins

143 816 197 858 usu
219 798 303 858 radin
321 806 429 857 tantum
449 793 558 854 duabus
579 793 722 853 drachmis
743 792 869 852 bibenda
889 792 993 870 quibus
1016 791 1139 867 dicetur,

144 884 169 941 si
191 881 285 941 febris
305 883 360 956 sit,
383 882 412 938 in
428 893 501 956 aqua
523 877 590 934 trita
609 878 752 954 medetur,
771 877 881 936 ceteris
897 876 928 934 in
943 872 1022 950 bino,
1042 874 1141 934 volva-

145 981 207 1024 rum
223 964 333 1024 morbis
349 963 489 1022 decoctae
507 975 601 1019 sucus.
1082 1018 1086 1023 ⁴

100 1056 138 1112 68
191 1046 273 1125 (31.)
294 1045 349 1106 list
363 1045 486 1105 alterum
504 1043 683 1102 centaurium
700 1044 873 1120 cognomine
893 1039 1006 1117 lepton,
1024 1041 1141 1100 minutis

145 1129 237 1206 foliis,
253 1128 331 1207 quod
347 1128 434 1204 aliqui
451 1124 579 1185 libadion
595 1133 711 1203 vocant,
729 1127 863 1203 quoniam
879 1123 1034 1183 secundum
1048 1123 1138 1184 fontis
1150 1143 1176 1184 ιιι

148 1215 287 1287 nascitur,
304 1212 428 1288 origano
445 1207 551 1285 simile,
568 1210 785 1286 angustioribus
801 1216 833 1268 et
849 1207 1032 1284 longioribus
1050 1205 1141 1284 foliis,

147 1294 293 1372 anguloso
317 1293 399 1354 caule
415 1292 537 1370 palmum
553 1292 625 1369 alto,
645 1293 810 1369 fruticante,
831 1291 905 1351 dore
924 1289 1076 1367 lychnidis,
1097 1309 1143 1350 ra-

146 1377 213 1438 dice
230 1379 310 1436 tenni
325 1383 356 1436 et
371 1391 561 1454 supervacua,
583 1393 653 1435 suco
671 1376 782 1435 efficax.
813 1376 877 1453 ipsa
897 1373 988 1433 herba
1008 1383 1141 1433 autumno

147 1461 269 1538 legitur,
286 1469 372 1518 sucus
388 1477 406 1519 e
422 1458 535 1519 froude.
567 1459 680 1537 quidam
695 1459 786 1518 caulis
801 1457 938 1518 concisos
952 1456 1142 1516 madefaciunt

146 1543 252 1603 diebus
263 1541 361 1602 xvut
376 1552 463 1621 atque
478 1543 519 1602 ita
533 1543 706 1622 exprimunt.
730 1541 786 1601 hoc
800 1541 978 1601 centaurium
991 1543 1083 1600 nostri
1100 1539 1142 1600 iel
1153 1559 1178 1600 ιι

149 1635 248 1687 terrae
265 1635 372 1686 vocant
387 1635 510 1706 propter
525 1626 741 1687 amaritudinem
757 1641 902 1701 summam,
916 1622 989 1683 Galli
1012 1641 1143 1700 erucam,

150 1711 287 1789 quoniam
313 1713 407 1770 omnia
433 1710 507 1770 mala
534 1710 741 1770 medicamenta
766 1717 865 1787 potum
892 1725 1018 1786 corpore
1032 1705 1144 1784 -ehigat

149 1812 205 1872 per
222 1794 326 1854 alvom.

105 1885 141 1942 69
216 1878 299 1956 (32.)
321 1877 422 1937 Tertia
437 1882 483 1936 est
497 1877 643 1936 centauris
660 1876 833 1953 cognomine
848 1873 993 1934 triorchis.
1016 1875 1065 1952 qui
1080 1891 1144 1934 eam

150 1969 232 2020 secat
244 1975 339 2019 rarum
351 1968 439 2020 estut
451 1975 508 2017 uon
520 1959 656 2019 volueret
666 1977 743 2019 sese.
763 1959 835 2018 haec
847 1975 944 2018 sucum
956 1959 1144 2034 sanguineum
1152 1975 1179 2016 ao

150 2044 245 2101 mittit.
280 2041 498 2119 Theophrastus
520 2040 636 2101 defendi
658 2059 721 2100 earn
745 2043 955 2119 inpugnarique
976 2040 1145 2118 colligentis

150 2125 238 2185 tradit
253 2143 268 2184 a
285 2124 415 2184 triorche
433 2124 601 2200 accipitrum
618 2141 741 2199 genere,
764 2123 885 2182 undeet
902 2139 1007 2182 nomen
1020 2126 1143 2202 accepit.

150 2208 269 2285 inperiti
285 2205 461 2266 confundunt
478 2205 550 2264 haec
565 2208 659 2264 omnia
673 2213 704 2264 et
719 2205 811 2282 primo
826 2205 929 2280 generi
944 2204 1105 2283 adsignant.

107 2299 144 2354 'lo
211 2291 242 2349 7.
264 2289 347 2367 (33.)
364 2287 520 2362 Clymenus
536 2302 552 2345 a
571 2303 643 2362 rege
659 2285 750 2346 herba
766 2285 987 2365 appellataest,
1016 2289 1146 2350 hederae

151 2371 243 2448 foliis,
262 2387 387 2446 ruinosa,
405 2369 486 2430 caule
500 2370 593 2446 inani,
615 2367 743 2428 articulis
758 2371 934 2448 praecincta,
951 2370 1043 2432 odore
1058 2375 1142 2450 gravi
1154 2392 1180 2432 as

152 2447 183 2514 e't
203 2456 314 2514 semine
332 2453 471 2529 hederae,
492 2453 676 2513 silvestribus
693 2461 724 2513 et
737 2455 898 2514 montuosis
918 2472 1050 2516 nascens.
1082 2457 1146 2534 qui-

152 2538 208 2597 bus
225 2537 335 2597 morbis
351 2544 420 2616 pota
435 2537 582 2596 medeatur
600 2536 738 2614 dicemus,
757 2537 810 2596 sed
827 2538 874 2598 bic
891 2537 1069 2598 indicandum
1086 2548 1147 2616 est,

154 2621 220 2679 dum
240 2620 401 2696 medeatur,
427 2619 610 2679 sterilitatem
633 2627 702 2699 pota
724 2623 809 2680 etiam
829 2620 900 2680 viris
925 2621 998 2680 lieri.
1039 2619 1148 2682 Graeci

153 2703 313 2782 plantagini
333 2703 455 2762 similem
469 2721 537 2762 esse
556 2703 709 2780 dixerunt,
731 2704 814 2764 caule
831 2704 982 2782 quadrato,
1005 2703 1147 2764 folliculis

154 2803 217 2847 cum
240 2787 351 2847 semine
371 2785 449 2846 inter
464 2786 638 2866 se·inplexis
654 2787 736 2846 velut
752 2789 782 2846 in
797 2787 969 2865 polyporum
989 2789 1081 2847 cirris.
1115 2796 1185 2848 etao

155 2887 241 2930 sucus
258 2877 352 2930 autern
366 2871 396 2929 in
411 2887 475 2946 usu,
490 2872 517 2929 vi
532 2888 638 2929 summa
652 2871 682 2927 in
697 2869 915 2945 refrigerando:

111 2963 146 3018 fl
219 2952 302 3032 (34.)
325 2952 492 3012 Gentianam
508 2955 618 3013 invenit
633 2939 754 3011 Gentius
772 2970 826 3011 rex
840 2951 1015 3028 lllyriorum,
1036 2952 1150 3030 ubique

155 3043 335 3114 nascentem,
350 3038 379 3096 in
391 3035 509 3111 illyrico
526 3044 620 3095 tamen
637 3036 922 3115 praestantissimam,
939 3035 1011 3095 folio
1028 3036 1151 3114 fraxini,

156 3119 211 3179 sed
226 3119 421 3197 magnitudine
437 3118 576 3194 lactucae,
592 3119 674 3178 caule
690 3127 794 3178 tenero
809 3116 924 3196 pollicis
941 3116 1151 3196 crassitudine,

156 3219 229 3263 caro
246 3211 276 3262 et
291 3205 385 3278 inani,
402 3219 440 3262 ex
457 3201 617 3262 intervallis
633 3201 748 3278 foliato,
765 3201 850 3260 trium
865 3200 1017 3279 aliquando
1032 3201 1190 3261 cubito-as

157 3303 229 3361 rum,
252 3285 348 3345 radice
366 3285 454 3362 lenta,
477 3285 710 3362 subrigamus
734 3284 837 3361 odore,
860 3285 977 3362 aquosis
998 3284 1151 3345 montibus

158 3368 318 3447 subalpinis
341 3369 476 3448 pluruma.
507 3386 576 3428 usus
597 3371 627 3428 in
647 3368 744 3429 radice
766 3376 797 3427 et
814 3385 893 3428 suco.
920 3366 1026 3427 radicis
1042 3375 1153 3430 natura

157 3459 205 3514 est
222 3452 438 3529 excalfactoria,
458 3453 510 3514 sed
523 3452 729 3531 praegnatibus
744 3468 803 3512 uon
816 3449 948 3512 bibenda.
