2484 3817
153 177 213 241 278
472 190 504 239 c.
525 187 623 236 ruunt
643 184 792 233 saeuum

149 344 268 423 pellant.
295 345 406 403 transiit
418 343 520 403 deinde
533 343 563 400 in
578 340 732 415 luxuriam,
751 348 960 418 creveruntque
975 358 1085 415 genera
1098 339 1136 401 ad

150 428 294 503 inlinitum,
310 428 393 485 sicuti
404 444 501 502 garum
515 425 550 485 ad
563 424 691 483 colorem
706 424 789 483 mulsi
801 425 908 482 veteris
921 421 1052 501 adeoque
1064 423 1135 485 dilu-

149 520 205 571 tam
224 512 390 570 suavitatem
404 518 432 568 ut
448 508 507 567 bibi
527 509 631 586 possit.
663 506 739 565 aliud
755 524 826 565 vero
847 498 1074 566 castimoniarum
1083 527 1135 589 ¹su-

149 596 309 671 perstitioni
324 595 408 652 etiam
422 593 571 670 sacrisque
585 589 698 649 ludaeis
714 590 851 663 dicatum,
874 590 950 668 quod
973 591 1003 649 lit
1016 607 1034 649 e
1051 592 1136 668 pisci·

148 676 201 735 bos
213 694 329 755 squama
343 675 513 736 carentibus.
536 677 580 734 sic
590 673 668 733 allex
679 674 811 752 pervenit
822 673 858 733 ad
870 682 993 749 ostreas,
1005 674 1137 749 echinos,
1151 702 1164 742 5

147 763 253 819 urticas
264 763 363 836 maris,
378 759 527 818 mullorum
543 758 687 831 iocinera,
703 758 916 835 innumerisque
930 757 1085 833 genembus
1099 757 1138 817 ad

105 855 139 909 96
150 852 271 923 sapores
282 844 368 920 gulae
382 844 480 919 coepit
493 841 536 900 sal
548 840 711 899 tabescere.
734 840 814 899 llaec
822 839 916 899 obiter
936 840 1061 900 iudicata
1081 842 1138 899 sint

147 927 298 986 desideriis
312 930 404 1001 vitae,
425 934 455 984 et
474 927 537 1001 ipsa
559 933 653 983 tamen
668 923 844 983 nonnullius
859 940 928 983 usus
941 924 970 982 in
982 924 1136 983 medendo.

146 1029 268 1088 namque
280 1020 308 1069 et
320 1010 414 1069 allece
426 1008 542 1067 scabies
554 1007 671 1084 pecoris
684 1016 798 1067 sanatur
809 1006 902 1065 inlusa
918 1025 971 1085 per
987 1016 1079 1066 cutem
1094 1009 1136 1066 in·

146 1096 248 1168 cisam,
270 1102 299 1152 et
318 1101 416 1151 contra
437 1092 516 1150 canis
536 1108 649 1149 morsus
670 1089 861 1166 draconisque
882 1092 981 1150 mariani
1006 1091 1136 1167 prodest,
1147 1116 1174 1159 to

105 1185 138 1240 ot
150 1178 178 1235 in
193 1176 320 1236 linteolis
335 1184 427 1235 autem
446 1174 613 1251 concerptis
628 1175 780 1251 inponitur.
806 1173 843 1232 Et
861 1191 933 1249 garo
949 1173 1076 1234 ambusta
1091 1192 1137 1233 re-

147 1260 240 1318 centia
254 1268 402 1333 sanantur,
419 1259 443 1316 si
460 1259 523 1335 quis
539 1256 664 1316 infundat
678 1274 713 1315 ac
726 1274 783 1315 non
794 1258 921 1317 nominet
932 1276 1040 1334 garum.
1069 1274 1137 1315 con-

146 1350 190 1401 tra
206 1359 305 1401 canum
322 1359 436 1419 quoque
456 1358 568 1400 morsus
589 1340 709 1417 prodest
731 1358 919 1419 maxumeque
940 1340 1082 1401 crocodili
1108 1348 1139 1398 et

147 1424 291 1483 ulceribus
308 1442 380 1502 quae
396 1434 515 1503 serpunt
535 1434 581 1483 aut
602 1424 735 1484 sordidis.
765 1426 824 1483 cris
847 1443 963 1503 quoque
984 1424 1139 1483 staurium

147 1507 293 1567 ulceribus
314 1517 362 1567 aut
377 1507 525 1569 doloribus
542 1508 662 1567 mirilico
678 1506 806 1584 prodest.
833 1508 924 1569 bluria
939 1524 1055 1586 quoque
1074 1509 1175 1576 sive15

104 1610 128 1645 ss
149 1591 198 1651 illa
220 1591 335 1669 salsugo
354 1595 477 1670 spissat,
500 1592 628 1666 mordet,
650 1600 803 1667 extenuat,
827 1593 932 1666 siccat,
956 1590 1138 1664 dysintericis

145 1675 240 1749 utilis,
259 1677 342 1734 etiam
360 1678 384 1734 si
401 1693 485 1736 nome
499 1678 631 1735 intestina
648 1676 787 1753 conripit,
802 1674 981 1749 ischiadicis,
999 1673 1138 1733 coeliacis

146 1758 292 1821 veteribus
308 1759 469 1819 infunditur.
499 1760 560 1819 lotu
577 1775 693 1837 quoque
709 1758 785 1836 apud
804 1758 1030 1817 mediterraneos
1045 1774 1138 1835 aquam

145 1844 269 1902 marinae
284 1844 377 1901 vicem
393 1852 505 1920 pensat.

104 1934 138 1989 98
210 1928 242 1986 9.
264 1925 346 2002 (45.)
368 1926 443 1984 Salis
458 1935 556 1984 natura
570 1932 615 1983 est
629 1942 683 2002 per
695 1942 727 1983 se
741 1924 826 2001 ignea
840 1933 869 1983 et
885 1924 997 1983 inimica
1011 1923 1136 1999 ignibus,
1146 1956 1174 1996 20

72 2046 77 2058 ·
146 2008 260 2083 lugiens
278 2024 348 2083 eos,
367 2010 460 2067 omnia
477 2007 617 2081 eredens,
637 2022 761 2085 corpora
778 2024 849 2066 vero
866 2007 1062 2083 adstringens,
1078 2008 1135 2065 sic·

147 2107 232 2164 cans,
247 2089 394 2166 adligans,
415 2091 549 2149 defuncta
565 2091 679 2149 etiams
700 2090 884 2167 putrescendi
898 2090 964 2151 tabe
981 2090 1135 2165 vindicans,

146 2182 177 2231 ut
191 2173 293 2232 durent
311 2175 348 2232 ita
365 2192 419 2251 per
433 2174 565 2246 saecula,
583 2174 611 2230 in
632 2174 772 2233 medendo
802 2191 873 2233 vero
896 2174 1047 2249 mordens,
1070 2172 1136 2233 adu·

146 2274 230 2331 rens,
245 2274 420 2335 repurgans,
439 2265 611 2332 extenuans,
625 2256 802 2329 dissolvens,
816 2257 964 2317 stomacho
979 2265 1084 2316 tantum
1095 2258 1136 2315 iu·

146 2340 239 2416 utilis,
256 2350 454 2418 praeterquam
468 2340 504 2399 ad
519 2340 697 2399 excitandam
718 2340 899 2415 aviditatem,
922 2340 1061 2399 adversus
1075 2356 1174 2409 ser-25

147 2425 271 2501 pentium
287 2439 400 2481 morsus
415 2442 477 2482 cum
499 2424 633 2501 origano,
656 2423 760 2498 melle,
784 2423 916 2517 hysopo,
939 2432 1037 2483 contra
1057 2440 1136 2481 cera·

105 2516 214 2571 vasten
229 2524 292 2565 cum
306 2508 427 2583 origano
444 2515 492 2566 aut
511 2506 607 2566 cedria
630 2513 677 2567 aut
700 2507 766 2583 pice
789 2516 835 2565 aut
855 2506 950 2566 melle.
987 2506 1138 2566 auxiliatur

148 2599 248 2650 contra
268 2589 474 2667 scolopendras
495 2608 532 2649 ex
554 2600 639 2650 aceto
659 2598 768 2667 potus,
795 2589 932 2650 adversus
953 2591 1138 2669 scorpionum

147 2676 221 2734 ictus
234 2691 296 2732 cum
311 2682 409 2751 quarta
424 2683 506 2751 parte
519 2674 568 2733 lini
586 2674 701 2734 seminis
718 2692 755 2733 ex
769 2673 838 2733 oleo
855 2673 904 2732 vel
924 2683 1007 2733 aceto
1029 2673 1136 2746 inlitus,

146 2757 286 2816 adversus
301 2756 457 2816 crabrones
475 2776 547 2818 vero
564 2767 593 2817 et
612 2774 721 2835 vespas
743 2758 902 2836 similiaque
923 2776 960 2817 ex
980 2767 1079 2832 aceto,
1100 2754 1171 2817 adso

145 2839 361 2900 heterocranias
378 2842 539 2920 capitisque
556 2840 655 2901 ulcera
673 2850 702 2899 et
719 2840 835 2919 pusulas
852 2842 1009 2919 papulasve
1024 2849 1053 2899 et
1066 2840 1135 2898 inci·

147 2923 253 3003 pientia
265 2942 400 2984 verrucas
416 2942 479 2982 cum
495 2924 568 2985 sebo
585 2924 722 3002 vitulino,
742 2925 810 2983 item
832 2924 980 2984 oculorum
1000 2922 1135 2981 remediis

148 3015 178 3065 et
193 3006 230 3066 ad
244 3009 440 3067 excrescentis
455 3006 494 3067 ibi
509 3010 604 3067 carnis
617 3010 761 3085 totiusque
780 3010 913 3085 corporis
926 3008 1066 3085 pterygia,
1082 3003 1135 3063 sed

147 3090 175 3148 in
195 3089 285 3149 oculis
300 3092 500 3168 peculiariter,
516 3090 554 3149 ob
572 3090 600 3147 id
615 3089 759 3163 collyriis,
782 3090 945 3169 emplastris
959 3106 1073 3168 quoque
1086 3086 1134 3146 ad-

107 3180 110 3185 ·
148 3172 238 3245 ditur,
249 3175 336 3233 -ad
347 3175 420 3233 haec
432 3190 563 3232 maxume
578 3170 716 3250 probatur
727 3172 863 3233 Tattaeus
877 3183 924 3233 aut
936 3172 1081 3246 (leonites,
1092 3194 1170 3237 -ac

106 3266 157 3318 loo
168 3273 205 3313 ex
221 3258 278 3314 ictu
294 3274 365 3315 vcro
384 3255 509 3314 subfusis
523 3272 626 3314 cruore
642 3255 732 3314 oculis
748 3256 946 3333 suggillatisve
963 3274 1026 3315 coru
1041 3271 1135 3316 murra

147 3338 209 3412 pari
222 3340 352 3417 pondere
366 3354 400 3395 ac
417 3339 503 3397 melle
518 3347 566 3397 aut
580 3354 643 3396 cum
656 3336 770 3415 hysopo
783 3357 820 3398 ex
835 3357 906 3416 aqua
922 3339 1031 3413 calida,
1045 3348 1135 3415 utque

146 3418 296 3480 foveantur
307 3419 460 3496 salsugine.
488 3420 523 3479 ad
533 3420 607 3479 baec
617 3419 814 3498 Hispaniensis
827 3423 957 3498 eligitur,
974 3431 1134 3499 contraque
