<?xml version="1.0" encoding="UTF-8"?>
<!DOCTYPE html PUBLIC "-//W3C//DTD XHTML 1.0 Transitional//EN"
    "http://www.w3.org/TR/xhtml1/DTD/xhtml1-transitional.dtd">
<html xmlns="http://www.w3.org/1999/xhtml" xml:lang="en" lang="en">
 <head>
  <title>
</title>
<meta http-equiv="Content-Type" content="text/html;charset=utf-8" />
  <meta name='ocr-system' content='tesseract 3.04.00' />
  <meta name='ocr-capabilities' content='ocr_page ocr_carea ocr_par ocr_line ocrx_word'/>
</head>
<body>
  <div class='ocr_page' id='page_1' title='image "./cplinisecundina24plingoog_0134.png"; bbox 0 0 2484 3817; ppageno 0'>
   <div class='ocr_carea' id='block_1_1' title="bbox 175 177 816 254">
    <p class='ocr_par' dir='ltr' id='par_1_1' title="bbox 175 177 816 254">
     <span class='ocr_line' id='line_1_1' title="bbox 175 177 816 254; baseline -0.02 -16"><span class='ocrx_word' id='word_1_1' title='bbox 175 187 219 254; x_wconf 70' lang='lat' dir='ltr'><strong>aa</strong></span> <span class='ocrx_word' id='word_1_2' title='bbox 514 189 544 238; x_wconf 88' lang='lat' dir='ltr'><strong>c.</strong></span> <span class='ocrx_word' id='word_1_3' title='bbox 561 177 655 236; x_wconf 74' lang='lat' dir='ltr'><strong>inum</strong></span> <span class='ocrx_word' id='word_1_4' title='bbox 671 179 816 233; x_wconf 71' lang='lat' dir='ltr'><strong>accusor</strong></span> 
     </span>
    </p>
   </div>
   <div class='ocr_carea' id='block_1_2' title="bbox 173 327 1154 426">
    <p class='ocr_par' dir='ltr' id='par_1_2' title="bbox 173 327 1154 426">
     <span class='ocr_line' id='line_1_2' title="bbox 173 327 1154 426; baseline -0.012 -25"><span class='ocrx_word' id='word_1_5' title='bbox 173 356 283 417; x_wconf 50' lang='lat' dir='ltr'><strong>swam</strong></span> <span class='ocrx_word' id='word_1_6' title='bbox 299 348 500 426; x_wconf 72' lang='lat' dir='ltr'><strong>Cleemporum</strong></span> <span class='ocrx_word' id='word_1_7' title='bbox 506 386 518 420; x_wconf 91' lang='lat'><strong>,</strong></span> <span class='ocrx_word' id='word_1_8' title='bbox 545 357 605 401; x_wconf 85' lang='lat' dir='ltr'><strong>curn</strong></span> <span class='ocrx_word' id='word_1_9' title='bbox 622 335 675 394; x_wconf 90' lang='lat' dir='ltr'><strong>alia</strong></span> <span class='ocrx_word' id='word_1_10' title='bbox 693 339 793 392; x_wconf 84' lang='lat' dir='ltr'><strong>suaet</strong></span> <span class='ocrx_word' id='word_1_11' title='bbox 814 332 928 390; x_wconf 77' lang='lat' dir='ltr'><strong>numiam</strong></span> <span class='ocrx_word' id='word_1_12' title='bbox 950 327 1070 407; x_wconf 87' lang='lat' dir='ltr'><strong>ederet,</strong></span> <span class='ocrx_word' id='word_1_13' title='bbox 1090 331 1154 406; x_wconf 88' lang='lat' dir='ltr'><strong>quis</strong></span> 
     </span>
    </p>
   </div>
   <div class='ocr_carea' id='block_1_3' title="bbox 132 432 1154 602">
    <p class='ocr_par' dir='ltr' id='par_1_3' title="bbox 132 432 1154 602">
     <span class='ocr_line' id='line_1_3' title="bbox 132 432 1154 602; baseline 0.059 -110"><span class='ocrx_word' id='word_1_14' title='bbox 132 432 350 602; x_wconf 35' lang='lat' dir='ltr'><strong>maschah.)</strong></span> <span class='ocrx_word' id='word_1_15' title='bbox 380 508 535 572; x_wconf 59' lang='lat' dir='ltr'><strong>Democriti</strong></span> <span class='ocrx_word' id='word_1_16' title='bbox 549 509 629 562; x_wconf 86' lang='lat' dir='ltr'><strong>certe</strong></span> <span class='ocrx_word' id='word_1_17' title='bbox 643 480 819 557; x_wconf 81' lang='lat' dir='ltr'><strong>chirocmeta</strong></span> <span class='ocrx_word' id='word_1_18' title='bbox 840 514 909 556; x_wconf 87' lang='lat' dir='ltr'><strong>esse</strong></span> <span class='ocrx_word' id='word_1_19' title='bbox 924 503 1047 556; x_wconf 86' lang='lat' dir='ltr'><strong>constat.</strong></span> <span class='ocrx_word' id='word_1_20' title='bbox 1080 502 1109 553; x_wconf 92' lang='lat' dir='ltr'><strong>at</strong></span> <span class='ocrx_word' id='word_1_21' title='bbox 1124 495 1154 553; x_wconf 92' lang='lat' dir='ltr'><strong>in</strong></span> 
     </span>
    </p>
   </div>
   <div class='ocr_carea' id='block_1_4' title="bbox 171 579 1180 996">
    <p class='ocr_par' dir='ltr' id='par_1_4' title="bbox 171 579 1180 996">
     <span class='ocr_line' id='line_1_4' title="bbox 172 579 1153 678; baseline -0.03 -13"><span class='ocrx_word' id='word_1_22' title='bbox 172 605 218 666; x_wconf 89' lang='lat' dir='ltr'><strong>his</strong></span> <span class='ocrx_word' id='word_1_23' title='bbox 241 601 291 662; x_wconf 90' lang='lat' dir='ltr'><strong>ille</strong></span> <span class='ocrx_word' id='word_1_24' title='bbox 313 606 381 678; x_wconf 89' lang='lat' dir='ltr'><strong>post</strong></span> <span class='ocrx_word' id='word_1_25' title='bbox 407 593 592 670; x_wconf 76' lang='lat' dir='ltr'><strong>Pythagoram</strong></span> <span class='ocrx_word' id='word_1_26' title='bbox 618 579 767 657; x_wconf 78' lang='lat' dir='ltr'><strong>Magorum</strong></span> <span class='ocrx_word' id='word_1_27' title='bbox 794 579 1023 640; x_wconf 77' lang='lat' dir='ltr'><strong>studiosissimus</strong></span> <span class='ocrx_word' id='word_1_28' title='bbox 1047 586 1153 653; x_wconf 84' lang='lat' dir='ltr'><strong>quanto</strong></span> 
     </span>
     <span class='ocr_line' id='line_1_5' title="bbox 171 661 1180 768; baseline -0.03 -20"><span class='ocrx_word' id='word_1_29' title='bbox 171 685 392 768; x_wconf 71' lang='lat' dir='ltr'><strong>portentosiora</strong></span> <span class='ocrx_word' id='word_1_30' title='bbox 408 671 505 736; x_wconf 86' lang='lat' dir='ltr'><strong>tradit!</strong></span> <span class='ocrx_word' id='word_1_31' title='bbox 522 664 717 743; x_wconf 72' lang='lat' dir='ltr'><strong>aglaophotim</strong></span> <span class='ocrx_word' id='word_1_32' title='bbox 733 663 862 739; x_wconf 80' lang='lat' dir='ltr'><strong>herbata,</strong></span> <span class='ocrx_word' id='word_1_33' title='bbox 874 679 949 738; x_wconf 82' lang='lat' dir='ltr'><strong>tinae</strong></span> <span class='ocrx_word' id='word_1_34' title='bbox 962 661 1180 720; x_wconf 79' lang='lat' dir='ltr'><strong>admirationes</strong></span> 
     </span>
     <span class='ocr_line' id='line_1_6' title="bbox 173 744 1155 842; baseline -0.03 -11"><span class='ocrx_word' id='word_1_35' title='bbox 173 771 317 831; x_wconf 86' lang='lat' dir='ltr'><strong>hominum</strong></span> <span class='ocrx_word' id='word_1_36' title='bbox 331 768 449 842; x_wconf 90' lang='lat' dir='ltr'><strong>propter</strong></span> <span class='ocrx_word' id='word_1_37' title='bbox 466 751 597 812; x_wconf 84' lang='lat' dir='ltr'><strong>eximium</strong></span> <span class='ocrx_word' id='word_1_38' title='bbox 609 747 739 806; x_wconf 86' lang='lat' dir='ltr'><strong>colorem</strong></span> <span class='ocrx_word' id='word_1_39' title='bbox 752 747 900 824; x_wconf 86' lang='lat' dir='ltr'><strong>acceperit</strong></span> <span class='ocrx_word' id='word_1_40' title='bbox 912 761 1028 818; x_wconf 90' lang='lat' dir='ltr'><strong>nomen,</strong></span> <span class='ocrx_word' id='word_1_41' title='bbox 1043 744 1155 802; x_wconf 90' lang='lat' dir='ltr'><strong>inmar-</strong></span> 
     </span>
     <span class='ocr_line' id='line_1_7' title="bbox 172 827 1155 914; baseline -0.034 2"><span class='ocrx_word' id='word_1_42' title='bbox 172 853 301 914; x_wconf 87' lang='lat' dir='ltr'><strong>morihus</strong></span> <span class='ocrx_word' id='word_1_43' title='bbox 317 845 440 907; x_wconf 80' lang='lat' dir='ltr'><strong>Arabiae</strong></span> <span class='ocrx_word' id='word_1_44' title='bbox 456 839 622 894; x_wconf 88' lang='lat' dir='ltr'><strong>nascentem</strong></span> <span class='ocrx_word' id='word_1_45' title='bbox 635 829 756 889; x_wconf 91' lang='lat' dir='ltr'><strong>Persico</strong></span> <span class='ocrx_word' id='word_1_46' title='bbox 772 829 882 904; x_wconf 89' lang='lat' dir='ltr'><strong>latere,</strong></span> <span class='ocrx_word' id='word_1_47' title='bbox 900 845 955 904; x_wconf 84' lang='lat' dir='ltr'><strong>qua</strong></span> <span class='ocrx_word' id='word_1_48' title='bbox 971 827 1008 886; x_wconf 92' lang='lat' dir='ltr'><strong>de</strong></span> <span class='ocrx_word' id='word_1_49' title='bbox 1022 843 1108 884; x_wconf 88' lang='lat' dir='ltr'><strong>causa</strong></span> <span class='ocrx_word' id='word_1_50' title='bbox 1123 834 1155 884; x_wconf 91' lang='lat' dir='ltr'><strong>et</strong></span> 
     </span>
     <span class='ocr_line' id='line_1_8' title="bbox 172 909 1154 996; baseline -0.032 2"><span class='ocrx_word' id='word_1_51' title='bbox 172 933 352 996; x_wconf 81' lang='lat' dir='ltr'><strong>marmaritim</strong></span> <span class='ocrx_word' id='word_1_52' title='bbox 378 919 481 983; x_wconf 84' lang='lat' dir='ltr'><strong>vocari.</strong></span> <span class='ocrx_word' id='word_1_53' title='bbox 523 914 577 973; x_wconf 86' lang='lat' dir='ltr'><strong>hac</strong></span> <span class='ocrx_word' id='word_1_54' title='bbox 590 912 693 990; x_wconf 84' lang='lat' dir='ltr'><strong>hlagos</strong></span> <span class='ocrx_word' id='word_1_55' title='bbox 715 915 773 989; x_wconf 90' lang='lat' dir='ltr'><strong>uti,</strong></span> <span class='ocrx_word' id='word_1_56' title='bbox 804 929 867 971; x_wconf 88' lang='lat' dir='ltr'><strong>oum</strong></span> <span class='ocrx_word' id='word_1_57' title='bbox 888 910 981 970; x_wconf 79' lang='lat' dir='ltr'><strong>velint</strong></span> <span class='ocrx_word' id='word_1_58' title='bbox 995 909 1067 968; x_wconf 90' lang='lat' dir='ltr'><strong>deos</strong></span> <span class='ocrx_word' id='word_1_59' title='bbox 1083 926 1154 968; x_wconf 86' lang='lat' dir='ltr'><strong>evo·</strong></span> 
     </span>
    </p>
   </div>
   <div class='ocr_carea' id='block_1_5' title="bbox 11 990 1154 1087">
    <p class='ocr_par' dir='ltr' id='par_1_5' title="bbox 11 990 1154 1087">
     <span class='ocr_line' id='line_1_9' title="bbox 11 990 1154 1087; baseline -0.017 -17"><span class='ocrx_word' id='word_1_60' title='bbox 11 1057 22 1070; x_wconf 93' lang='lat'><strong>.</strong></span> <span class='ocrx_word' id='word_1_61' title='bbox 132 1033 182 1087; x_wconf 81' lang='lat'><strong>161</strong></span> <span class='ocrx_word' id='word_1_62' title='bbox 196 1036 270 1079; x_wconf 83' lang='lat' dir='ltr'><strong>cara.</strong></span> <span class='ocrx_word' id='word_1_63' title='bbox 298 998 507 1070; x_wconf 83' lang='lat' dir='ltr'><strong>Achaemenide</strong></span> <span class='ocrx_word' id='word_1_64' title='bbox 521 995 623 1056; x_wconf 86' lang='lat' dir='ltr'><strong>colore</strong></span> <span class='ocrx_word' id='word_1_65' title='bbox 639 995 743 1056; x_wconf 81' lang='lat' dir='ltr'><strong>electri</strong></span> <span class='ocrx_word' id='word_1_66' title='bbox 757 997 821 1054; x_wconf 89' lang='lat' dir='ltr'><strong>sine</strong></span> <span class='ocrx_word' id='word_1_67' title='bbox 837 994 909 1054; x_wconf 89' lang='lat' dir='ltr'><strong>ioiio</strong></span> <span class='ocrx_word' id='word_1_68' title='bbox 931 995 1009 1053; x_wconf 90' lang='lat' dir='ltr'><strong>nasci</strong></span> <span class='ocrx_word' id='word_1_69' title='bbox 1034 994 1064 1050; x_wconf 89' lang='lat' dir='ltr'><strong>in</strong></span> <span class='ocrx_word' id='word_1_70' title='bbox 1084 990 1154 1051; x_wconf 86' lang='lat' dir='ltr'><strong>&#39;Pra-</strong></span> 
     </span>
    </p>
   </div>
   <div class='ocr_carea' id='block_1_6' title="bbox 52 1075 1232 3482">
    <p class='ocr_par' dir='ltr' id='par_1_6' title="bbox 52 1075 1232 3482">
     <span class='ocr_line' id='line_1_10' title="bbox 172 1075 1193 1162; baseline -0.024 0"><span class='ocrx_word' id='word_1_71' title='bbox 172 1098 282 1162; x_wconf 85' lang='lat' dir='ltr'><strong>dastilis</strong></span> <span class='ocrx_word' id='word_1_72' title='bbox 303 1090 413 1158; x_wconf 80' lang='lat' dir='ltr'><strong>Indiae,</strong></span> <span class='ocrx_word' id='word_1_73' title='bbox 441 1081 521 1140; x_wconf 90' lang='lat' dir='ltr'><strong>cuius</strong></span> <span class='ocrx_word' id='word_1_74' title='bbox 546 1079 643 1138; x_wconf 88' lang='lat' dir='ltr'><strong>radice</strong></span> <span class='ocrx_word' id='word_1_75' title='bbox 658 1081 688 1138; x_wconf 91' lang='lat' dir='ltr'><strong>in</strong></span> <span class='ocrx_word' id='word_1_76' title='bbox 706 1079 839 1155; x_wconf 85' lang='lat' dir='ltr'><strong>pastillos</strong></span> <span class='ocrx_word' id='word_1_77' title='bbox 860 1076 974 1152; x_wconf 85' lang='lat' dir='ltr'><strong>digesta</strong></span> <span class='ocrx_word' id='word_1_78' title='bbox 993 1077 1023 1134; x_wconf 89' lang='lat' dir='ltr'><strong>in</strong></span> <span class='ocrx_word' id='word_1_79' title='bbox 1045 1075 1152 1151; x_wconf 83' lang='lat' dir='ltr'><strong>dieque</strong></span> <span class='ocrx_word' id='word_1_80' title='bbox 1164 1098 1193 1138; x_wconf 87' lang='lat' dir='ltr'><strong>ro</strong></span> 
     </span>
     <span class='ocr_line' id='line_1_11' title="bbox 173 1160 1156 1262; baseline -0.021 -25"><span class='ocrx_word' id='word_1_81' title='bbox 173 1191 240 1262; x_wconf 81' lang='lat' dir='ltr'><strong>pota</strong></span> <span class='ocrx_word' id='word_1_82' title='bbox 260 1181 288 1235; x_wconf 93' lang='lat' dir='ltr'><strong>in</strong></span> <span class='ocrx_word' id='word_1_83' title='bbox 311 1173 377 1230; x_wconf 86' lang='lat' dir='ltr'><strong>vino</strong></span> <span class='ocrx_word' id='word_1_84' title='bbox 400 1165 479 1224; x_wconf 83' lang='lat' dir='ltr'><strong>noxii</strong></span> <span class='ocrx_word' id='word_1_85' title='bbox 503 1180 557 1240; x_wconf 88' lang='lat' dir='ltr'><strong>per</strong></span> <span class='ocrx_word' id='word_1_86' title='bbox 578 1163 720 1221; x_wconf 89' lang='lat' dir='ltr'><strong>cruciatus</strong></span> <span class='ocrx_word' id='word_1_87' title='bbox 745 1169 831 1220; x_wconf 88' lang='lat' dir='ltr'><strong>noete</strong></span> <span class='ocrx_word' id='word_1_88' title='bbox 849 1160 1041 1219; x_wconf 81' lang='lat' dir='ltr'><strong>confiteantur</strong></span> <span class='ocrx_word' id='word_1_89' title='bbox 1060 1160 1156 1217; x_wconf 90' lang='lat' dir='ltr'><strong>omnia</strong></span> 
     </span>
     <span class='ocr_line' id='line_1_12' title="bbox 172 1240 1156 1344; baseline -0.019 -26"><span class='ocrx_word' id='word_1_90' title='bbox 172 1258 330 1344; x_wconf 81' lang='lat' dir='ltr'><strong>pervarias</strong></span> <span class='ocrx_word' id='word_1_91' title='bbox 354 1249 496 1308; x_wconf 88' lang='lat' dir='ltr'><strong>numinum</strong></span> <span class='ocrx_word' id='word_1_92' title='bbox 524 1245 761 1321; x_wconf 83' lang='lat' dir='ltr'><strong>imaginationes,</strong></span> <span class='ocrx_word' id='word_1_93' title='bbox 788 1242 908 1303; x_wconf 90' lang='lat' dir='ltr'><strong>eandem</strong></span> <span class='ocrx_word' id='word_1_94' title='bbox 930 1240 1156 1320; x_wconf 84' lang='lat' dir='ltr'><strong>hippophobada</strong></span> 
     </span>
     <span class='ocr_line' id='line_1_13' title="bbox 129 1323 1155 1421; baseline -0.015 -24"><span class='ocrx_word' id='word_1_95' title='bbox 129 1332 470 1421; x_wconf 67' lang='lat' dir='ltr'><strong>yggappeliat,&#39;quoniam</strong></span> <span class='ocrx_word' id='word_1_96' title='bbox 485 1343 579 1404; x_wconf 88' lang='lat' dir='ltr'><strong>equae</strong></span> <span class='ocrx_word' id='word_1_97' title='bbox 596 1329 754 1405; x_wconf 88' lang='lat' dir='ltr'><strong>praecipue</strong></span> <span class='ocrx_word' id='word_1_98' title='bbox 776 1332 897 1386; x_wconf 84' lang='lat' dir='ltr'><strong>caveant</strong></span> <span class='ocrx_word' id='word_1_99' title='bbox 911 1343 981 1384; x_wconf 87' lang='lat' dir='ltr'><strong>earn.</strong></span> <span class='ocrx_word' id='word_1_100' title='bbox 1001 1323 1155 1383; x_wconf 84' lang='lat' dir='ltr'><strong>&#39;iheobro-</strong></span> 
     </span>
     <span class='ocr_line' id='line_1_14' title="bbox 171 1408 1155 1486; baseline -0.006 -15"><span class='ocrx_word' id='word_1_101' title='bbox 171 1430 230 1486; x_wconf 75' lang='lat' dir='ltr'><strong>dou</strong></span> <span class='ocrx_word' id='word_1_102' title='bbox 259 1413 341 1478; x_wconf 85' lang='lat' dir='ltr'><strong>XXX</strong></span> <span class='ocrx_word' id='word_1_103' title='bbox 364 1412 500 1472; x_wconf 90' lang='lat' dir='ltr'><strong>schoenis</strong></span> <span class='ocrx_word' id='word_1_104' title='bbox 522 1429 538 1469; x_wconf 92' lang='lat' dir='ltr'><strong>a</strong></span> <span class='ocrx_word' id='word_1_105' title='bbox 559 1409 696 1486; x_wconf 78' lang='lat' dir='ltr'><strong>Choaspe</strong></span> <span class='ocrx_word' id='word_1_106' title='bbox 710 1411 800 1485; x_wconf 87' lang='lat' dir='ltr'><strong>nasci,</strong></span> <span class='ocrx_word' id='word_1_107' title='bbox 815 1425 957 1486; x_wconf 82' lang='lat' dir='ltr'><strong>pavonum</strong></span> <span class='ocrx_word' id='word_1_108' title='bbox 973 1408 1093 1485; x_wconf 88' lang='lat' dir='ltr'><strong>picturis</strong></span> <span class='ocrx_word' id='word_1_109' title='bbox 1115 1411 1155 1466; x_wconf 89' lang='lat' dir='ltr'><strong>si-</strong></span> 
     </span>
     <span class='ocr_line' id='line_1_15' title="bbox 168 1489 1194 1576; baseline -0.019 -8"><span class='ocrx_word' id='word_1_110' title='bbox 168 1508 278 1576; x_wconf 79' lang='lat' dir='ltr'><strong>milem,</strong></span> <span class='ocrx_word' id='word_1_111' title='bbox 302 1497 394 1556; x_wconf 87' lang='lat' dir='ltr'><strong>odore</strong></span> <span class='ocrx_word' id='word_1_112' title='bbox 409 1495 526 1554; x_wconf 85' lang='lat' dir='ltr'><strong>eximio.</strong></span> <span class='ocrx_word' id='word_1_113' title='bbox 546 1492 618 1552; x_wconf 88' lang='lat' dir='ltr'><strong>hanc</strong></span> <span class='ocrx_word' id='word_1_114' title='bbox 632 1500 728 1552; x_wconf 89' lang='lat' dir='ltr'><strong>autern</strong></span> <span class='ocrx_word' id='word_1_115' title='bbox 743 1511 759 1551; x_wconf 91' lang='lat' dir='ltr'><strong>a</strong></span> <span class='ocrx_word' id='word_1_116' title='bbox 775 1492 897 1568; x_wconf 91' lang='lat' dir='ltr'><strong>regibus</strong></span> <span class='ocrx_word' id='word_1_117' title='bbox 908 1489 1062 1550; x_wconf 76' lang='lat' dir='ltr'><strong>Persarum</strong></span> <span class='ocrx_word' id='word_1_118' title='bbox 1075 1507 1194 1558; x_wconf 68' lang='lat' dir='ltr'><strong>com-15</strong></span> 
     </span>
     <span class='ocr_line' id='line_1_16' title="bbox 168 1573 1157 1653; baseline -0.016 -5"><span class='ocrx_word' id='word_1_119' title='bbox 168 1590 214 1651; x_wconf 90' lang='lat' dir='ltr'><strong>edi</strong></span> <span class='ocrx_word' id='word_1_120' title='bbox 236 1591 283 1643; x_wconf 93' lang='lat' dir='ltr'><strong>aut</strong></span> <span class='ocrx_word' id='word_1_121' title='bbox 304 1579 365 1638; x_wconf 93' lang='lat' dir='ltr'><strong>hihi</strong></span> <span class='ocrx_word' id='word_1_122' title='bbox 387 1585 489 1636; x_wconf 89' lang='lat' dir='ltr'><strong>contra</strong></span> <span class='ocrx_word' id='word_1_123' title='bbox 507 1578 600 1636; x_wconf 90' lang='lat' dir='ltr'><strong>omnia</strong></span> <span class='ocrx_word' id='word_1_124' title='bbox 611 1592 767 1653; x_wconf 91' lang='lat' dir='ltr'><strong>corporum</strong></span> <span class='ocrx_word' id='word_1_125' title='bbox 781 1573 970 1651; x_wconf 89' lang='lat' dir='ltr'><strong>incommoda,</strong></span> <span class='ocrx_word' id='word_1_126' title='bbox 985 1573 1157 1633; x_wconf 88' lang='lat' dir='ltr'><strong>instabilita-</strong></span> 
     </span>
     <span class='ocr_line' id='line_1_17' title="bbox 168 1657 1156 1736; baseline -0.016 -6"><span class='ocrx_word' id='word_1_127' title='bbox 168 1683 225 1732; x_wconf 87' lang='lat' dir='ltr'><strong>tem</strong></span> <span class='ocrx_word' id='word_1_128' title='bbox 240 1663 360 1736; x_wconf 88' lang='lat' dir='ltr'><strong>mentis,</strong></span> <span class='ocrx_word' id='word_1_129' title='bbox 379 1658 499 1720; x_wconf 88' lang='lat' dir='ltr'><strong>eandem</strong></span> <span class='ocrx_word' id='word_1_130' title='bbox 516 1660 649 1718; x_wconf 89' lang='lat' dir='ltr'><strong>semnion</strong></span> <span class='ocrx_word' id='word_1_131' title='bbox 672 1677 688 1717; x_wconf 92' lang='lat' dir='ltr'><strong>a</strong></span> <span class='ocrx_word' id='word_1_132' title='bbox 708 1661 859 1736; x_wconf 89' lang='lat' dir='ltr'><strong>potentiae</strong></span> <span class='ocrx_word' id='word_1_133' title='bbox 880 1659 1032 1718; x_wconf 88' lang='lat' dir='ltr'><strong>maiestate</strong></span> <span class='ocrx_word' id='word_1_134' title='bbox 1053 1657 1156 1734; x_wconf 90' lang='lat' dir='ltr'><strong>appel·</strong></span> 
     </span>
     <span class='ocr_line' id='line_1_18' title="bbox 167 1739 1155 1819; baseline -0.008 -11"><span class='ocrx_word' id='word_1_135' title='bbox 167 1753 227 1818; x_wconf 83' lang='lat' dir='ltr'><strong>lari.</strong></span> <span class='ocrx_word' id='word_1_136' title='bbox 262 1745 358 1804; x_wconf 80' lang='lat' dir='ltr'><strong>Aliam</strong></span> <span class='ocrx_word' id='word_1_137' title='bbox 385 1742 490 1803; x_wconf 87' lang='lat' dir='ltr'><strong>deinde</strong></span> <span class='ocrx_word' id='word_1_138' title='bbox 517 1742 692 1802; x_wconf 86' lang='lat' dir='ltr'><strong>adamantida</strong></span> <span class='ocrx_word' id='word_1_139' title='bbox 712 1742 868 1801; x_wconf 80' lang='lat' dir='ltr'><strong>Armeniae</strong></span> <span class='ocrx_word' id='word_1_140' title='bbox 894 1739 1155 1819; x_wconf 78' lang='lat' dir='ltr'><strong>Cappadociaeque</strong></span> 
     </span>
     <span class='ocr_line' id='line_1_19' title="bbox 166 1823 1156 1902; baseline -0.012 -7"><span class='ocrx_word' id='word_1_141' title='bbox 166 1837 313 1895; x_wconf 86' lang='lat' dir='ltr'><strong>alumnam.</strong></span> <span class='ocrx_word' id='word_1_142' title='bbox 331 1826 386 1886; x_wconf 89' lang='lat' dir='ltr'><strong>hac</strong></span> <span class='ocrx_word' id='word_1_143' title='bbox 399 1826 512 1885; x_wconf 88' lang='lat' dir='ltr'><strong>admota</strong></span> <span class='ocrx_word' id='word_1_144' title='bbox 529 1823 634 1886; x_wconf 87' lang='lat' dir='ltr'><strong>leones</strong></span> <span class='ocrx_word' id='word_1_145' title='bbox 650 1827 811 1902; x_wconf 87' lang='lat' dir='ltr'><strong>resupinari</strong></span> <span class='ocrx_word' id='word_1_146' title='bbox 827 1843 890 1884; x_wconf 87' lang='lat' dir='ltr'><strong>cum</strong></span> <span class='ocrx_word' id='word_1_147' title='bbox 905 1824 984 1884; x_wconf 90' lang='lat' dir='ltr'><strong>hiatu</strong></span> <span class='ocrx_word' id='word_1_148' title='bbox 995 1823 1082 1882; x_wconf 90' lang='lat' dir='ltr'><strong>lasso.</strong></span> <span class='ocrx_word' id='word_1_149' title='bbox 1102 1840 1156 1884; x_wconf 92' lang='lat' dir='ltr'><strong>no·</strong></span> 
     </span>
     <span class='ocr_line' id='line_1_20' title="bbox 165 1907 1193 1986; baseline -0.004 -12"><span class='ocrx_word' id='word_1_150' title='bbox 165 1915 248 1976; x_wconf 83' lang='lat' dir='ltr'><strong>ndnis</strong></span> <span class='ocrx_word' id='word_1_151' title='bbox 261 1926 377 1970; x_wconf 89' lang='lat' dir='ltr'><strong>causam</strong></span> <span class='ocrx_word' id='word_1_152' title='bbox 391 1927 460 1967; x_wconf 90' lang='lat' dir='ltr'><strong>esse</strong></span> <span class='ocrx_word' id='word_1_153' title='bbox 476 1908 553 1986; x_wconf 89' lang='lat' dir='ltr'><strong>quod</strong></span> <span class='ocrx_word' id='word_1_154' title='bbox 568 1910 681 1968; x_wconf 91' lang='lat' dir='ltr'><strong>conteri</strong></span> <span class='ocrx_word' id='word_1_155' title='bbox 697 1916 831 1986; x_wconf 84' lang='lat' dir='ltr'><strong>nequeat.</strong></span> <span class='ocrx_word' id='word_1_156' title='bbox 864 1907 1000 1968; x_wconf 80' lang='lat' dir='ltr'><strong>Arianida</strong></span> <span class='ocrx_word' id='word_1_157' title='bbox 1019 1908 1049 1965; x_wconf 91' lang='lat' dir='ltr'><strong>in</strong></span> <span class='ocrx_word' id='word_1_158' title='bbox 1069 1907 1193 1970; x_wconf 73' lang='lat' dir='ltr'><strong>Aria-ao</strong></span> 
     </span>
     <span class='ocr_line' id='line_1_21' title="bbox 166 1989 1156 2069; baseline -0.008 -13"><span class='ocrx_word' id='word_1_159' title='bbox 166 2001 209 2056; x_wconf 86' lang='lat' dir='ltr'><strong>nis</strong></span> <span class='ocrx_word' id='word_1_160' title='bbox 224 1993 306 2069; x_wconf 90' lang='lat' dir='ltr'><strong>gigni</strong></span> <span class='ocrx_word' id='word_1_161' title='bbox 322 1994 437 2068; x_wconf 89' lang='lat' dir='ltr'><strong>igneam</strong></span> <span class='ocrx_word' id='word_1_162' title='bbox 452 1991 569 2067; x_wconf 85' lang='lat' dir='ltr'><strong>colore,</strong></span> <span class='ocrx_word' id='word_1_163' title='bbox 591 1990 706 2068; x_wconf 81' lang='lat' dir='ltr'><strong>colligi,</strong></span> <span class='ocrx_word' id='word_1_164' title='bbox 727 2010 790 2050; x_wconf 91' lang='lat' dir='ltr'><strong>cum</strong></span> <span class='ocrx_word' id='word_1_165' title='bbox 805 1991 851 2050; x_wconf 92' lang='lat' dir='ltr'><strong>soi</strong></span> <span class='ocrx_word' id='word_1_166' title='bbox 870 1993 900 2049; x_wconf 91' lang='lat' dir='ltr'><strong>in</strong></span> <span class='ocrx_word' id='word_1_167' title='bbox 919 1990 1008 2052; x_wconf 91' lang='lat' dir='ltr'><strong>leone</strong></span> <span class='ocrx_word' id='word_1_168' title='bbox 1028 1992 1072 2048; x_wconf 90' lang='lat' dir='ltr'><strong>sit.</strong></span> <span class='ocrx_word' id='word_1_169' title='bbox 1102 1989 1156 2048; x_wconf 88' lang='lat' dir='ltr'><strong>hu·</strong></span> 
     </span>
     <span class='ocr_line' id='line_1_22' title="bbox 123 2070 1157 2152; baseline -0.003 -17"><span class='ocrx_word' id='word_1_170' title='bbox 123 2093 175 2148; x_wconf 76' lang='lat'><strong>163</strong></span> <span class='ocrx_word' id='word_1_171' title='bbox 186 2082 230 2136; x_wconf 88' lang='lat' dir='ltr'><strong>ius</strong></span> <span class='ocrx_word' id='word_1_172' title='bbox 251 2083 327 2134; x_wconf 90' lang='lat' dir='ltr'><strong>tactu</strong></span> <span class='ocrx_word' id='word_1_173' title='bbox 342 2082 483 2152; x_wconf 87' lang='lat' dir='ltr'><strong>peruncta</strong></span> <span class='ocrx_word' id='word_1_174' title='bbox 498 2073 566 2134; x_wconf 89' lang='lat' dir='ltr'><strong>oleo</strong></span> <span class='ocrx_word' id='word_1_175' title='bbox 583 2074 660 2150; x_wconf 89' lang='lat' dir='ltr'><strong>ligna</strong></span> <span class='ocrx_word' id='word_1_176' title='bbox 674 2075 800 2134; x_wconf 87' lang='lat' dir='ltr'><strong>accendi.</strong></span> <span class='ocrx_word' id='word_1_177' title='bbox 829 2074 1012 2133; x_wconf 87' lang='lat' dir='ltr'><strong>Theronarca</strong></span> <span class='ocrx_word' id='word_1_178' title='bbox 1036 2075 1064 2131; x_wconf 92' lang='lat' dir='ltr'><strong>in</strong></span> <span class='ocrx_word' id='word_1_179' title='bbox 1079 2070 1157 2150; x_wconf 85' lang='lat' dir='ltr'><strong>Gap·</strong></span> 
     </span>
     <span class='ocr_line' id='line_1_23' title="bbox 164 2155 1156 2239; baseline -0.002 -21"><span class='ocrx_word' id='word_1_180' title='bbox 164 2159 286 2239; x_wconf 88' lang='lat' dir='ltr'><strong>padocia</strong></span> <span class='ocrx_word' id='word_1_181' title='bbox 301 2165 331 2215; x_wconf 93' lang='lat' dir='ltr'><strong>et</strong></span> <span class='ocrx_word' id='word_1_182' title='bbox 348 2155 440 2233; x_wconf 84' lang='lat' dir='ltr'><strong>hlysia</strong></span> <span class='ocrx_word' id='word_1_183' title='bbox 456 2164 595 2215; x_wconf 87' lang='lat' dir='ltr'><strong>nascente</strong></span> <span class='ocrx_word' id='word_1_184' title='bbox 613 2159 704 2215; x_wconf 90' lang='lat' dir='ltr'><strong>omnis</strong></span> <span class='ocrx_word' id='word_1_185' title='bbox 724 2158 802 2215; x_wconf 92' lang='lat' dir='ltr'><strong>ieras</strong></span> <span class='ocrx_word' id='word_1_186' title='bbox 822 2164 994 2233; x_wconf 80' lang='lat' dir='ltr'><strong>torpescere</strong></span> <span class='ocrx_word' id='word_1_187' title='bbox 1016 2173 1071 2215; x_wconf 89' lang='lat' dir='ltr'><strong>nec</strong></span> <span class='ocrx_word' id='word_1_188' title='bbox 1096 2158 1156 2216; x_wconf 90' lang='lat' dir='ltr'><strong>nisi</strong></span> 
     </span>
     <span class='ocr_line' id='line_1_24' title="bbox 163 2237 1155 2316; baseline -0.005 -14"><span class='ocrx_word' id='word_1_189' title='bbox 163 2246 294 2316; x_wconf 78' lang='lat' dir='ltr'><strong>hyaenae</strong></span> <span class='ocrx_word' id='word_1_190' title='bbox 309 2242 393 2299; x_wconf 88' lang='lat' dir='ltr'><strong>urina</strong></span> <span class='ocrx_word' id='word_1_191' title='bbox 408 2238 548 2316; x_wconf 88' lang='lat' dir='ltr'><strong>adspersa</strong></span> <span class='ocrx_word' id='word_1_192' title='bbox 563 2241 703 2313; x_wconf 87' lang='lat' dir='ltr'><strong>recreari,</strong></span> <span class='ocrx_word' id='word_1_193' title='bbox 719 2237 894 2316; x_wconf 80' lang='lat' dir='ltr'><strong>Aethiopida</strong></span> <span class='ocrx_word' id='word_1_194' title='bbox 904 2241 933 2298; x_wconf 93' lang='lat' dir='ltr'><strong>in</strong></span> <span class='ocrx_word' id='word_1_195' title='bbox 944 2238 1047 2299; x_wconf 74' lang='lat' dir='ltr'><strong>Meroe</strong></span> <span class='ocrx_word' id='word_1_196' title='bbox 1061 2241 1155 2316; x_wconf 86' lang='lat' dir='ltr'><strong>nasei,</strong></span> 
     </span>
     <span class='ocr_line' id='line_1_25' title="bbox 164 2320 1195 2400; baseline 0.002 -16"><span class='ocrx_word' id='word_1_197' title='bbox 164 2327 202 2384; x_wconf 93' lang='lat' dir='ltr'><strong>ob</strong></span> <span class='ocrx_word' id='word_1_198' title='bbox 219 2321 249 2381; x_wconf 95' lang='lat' dir='ltr'><strong>id</strong></span> <span class='ocrx_word' id='word_1_199' title='bbox 265 2330 297 2381; x_wconf 88' lang='lat' dir='ltr'><strong>et</strong></span> <span class='ocrx_word' id='word_1_200' title='bbox 312 2321 444 2382; x_wconf 82' lang='lat' dir='ltr'><strong>Meroida</strong></span> <span class='ocrx_word' id='word_1_201' title='bbox 460 2320 612 2400; x_wconf 87' lang='lat' dir='ltr'><strong>appellari,</strong></span> <span class='ocrx_word' id='word_1_202' title='bbox 630 2321 704 2382; x_wconf 83' lang='lat' dir='ltr'><strong>lolio</strong></span> <span class='ocrx_word' id='word_1_203' title='bbox 721 2320 867 2397; x_wconf 89' lang='lat' dir='ltr'><strong>lactucae,</strong></span> <span class='ocrx_word' id='word_1_204' title='bbox 882 2321 1047 2398; x_wconf 74' lang='lat' dir='ltr'><strong>hydropicis</strong></span> <span class='ocrx_word' id='word_1_205' title='bbox 1059 2321 1195 2386; x_wconf 75' lang='lat' dir='ltr'><strong>utilis-25</strong></span> 
     </span>
     <span class='ocr_line' id='line_1_26' title="bbox 163 2402 1157 2482; baseline -0.001 -16"><span class='ocrx_word' id='word_1_206' title='bbox 163 2408 262 2466; x_wconf 90' lang='lat' dir='ltr'><strong>simam</strong></span> <span class='ocrx_word' id='word_1_207' title='bbox 278 2405 401 2464; x_wconf 89' lang='lat' dir='ltr'><strong>emulso</strong></span> <span class='ocrx_word' id='word_1_208' title='bbox 416 2412 521 2482; x_wconf 90' lang='lat' dir='ltr'><strong>potam.</strong></span> <span class='ocrx_word' id='word_1_209' title='bbox 546 2402 696 2480; x_wconf 87' lang='lat' dir='ltr'><strong>ophiusam</strong></span> <span class='ocrx_word' id='word_1_210' title='bbox 710 2402 936 2482; x_wconf 84' lang='lat' dir='ltr'><strong>inElephantine</strong></span> <span class='ocrx_word' id='word_1_211' title='bbox 952 2403 1083 2464; x_wconf 88' lang='lat' dir='ltr'><strong>eiusdem</strong></span> <span class='ocrx_word' id='word_1_212' title='bbox 1093 2403 1157 2466; x_wconf 79' lang='lat' dir='ltr'><strong>Ae·</strong></span> 
     </span>
     <span class='ocr_line' id='line_1_27' title="bbox 163 2485 1156 2566; baseline 0 -18"><span class='ocrx_word' id='word_1_213' title='bbox 163 2490 311 2566; x_wconf 93' lang='lat' dir='ltr'><strong>thiopiae,</strong></span> <span class='ocrx_word' id='word_1_214' title='bbox 329 2487 444 2546; x_wconf 89' lang='lat' dir='ltr'><strong>lividam</strong></span> <span class='ocrx_word' id='word_1_215' title='bbox 461 2485 665 2563; x_wconf 82' lang='lat' dir='ltr'><strong>difficilemque</strong></span> <span class='ocrx_word' id='word_1_216' title='bbox 680 2486 834 2565; x_wconf 89' lang='lat' dir='ltr'><strong>adspectu,</strong></span> <span class='ocrx_word' id='word_1_217' title='bbox 849 2505 904 2564; x_wconf 86' lang='lat' dir='ltr'><strong>qua</strong></span> <span class='ocrx_word' id='word_1_218' title='bbox 922 2487 991 2564; x_wconf 86' lang='lat' dir='ltr'><strong>po&#39;ta</strong></span> <span class='ocrx_word' id='word_1_219' title='bbox 1007 2495 1156 2548; x_wconf 87' lang='lat' dir='ltr'><strong>terrorem</strong></span> 
     </span>
     <span class='ocr_line' id='line_1_28' title="bbox 164 2569 1157 2646; baseline 0.001 -16"><span class='ocrx_word' id='word_1_220' title='bbox 164 2575 313 2646; x_wconf 88' lang='lat' dir='ltr'><strong>minasque</strong></span> <span class='ocrx_word' id='word_1_221' title='bbox 330 2571 508 2646; x_wconf 88' lang='lat' dir='ltr'><strong>serpentium</strong></span> <span class='ocrx_word' id='word_1_222' title='bbox 526 2569 676 2628; x_wconf 88' lang='lat' dir='ltr'><strong>obversari</strong></span> <span class='ocrx_word' id='word_1_223' title='bbox 691 2573 731 2628; x_wconf 90' lang='lat' dir='ltr'><strong>ita</strong></span> <span class='ocrx_word' id='word_1_224' title='bbox 748 2579 780 2628; x_wconf 91' lang='lat' dir='ltr'><strong>ut</strong></span> <span class='ocrx_word' id='word_1_225' title='bbox 795 2579 917 2629; x_wconf 89' lang='lat' dir='ltr'><strong>mortem</strong></span> <span class='ocrx_word' id='word_1_226' title='bbox 934 2570 990 2629; x_wconf 88' lang='lat' dir='ltr'><strong>sibi</strong></span> <span class='ocrx_word' id='word_1_227' title='bbox 1015 2588 1052 2630; x_wconf 91' lang='lat' dir='ltr'><strong>eo</strong></span> <span class='ocrx_word' id='word_1_228' title='bbox 1072 2580 1157 2632; x_wconf 89' lang='lat' dir='ltr'><strong>metu</strong></span> 
     </span>
     <span class='ocr_line' id='line_1_29' title="bbox 164 2650 1156 2730; baseline 0 -16"><span class='ocrx_word' id='word_1_229' title='bbox 164 2653 363 2724; x_wconf 88' lang='lat' dir='ltr'><strong>consciscant,</strong></span> <span class='ocrx_word' id='word_1_230' title='bbox 385 2650 423 2708; x_wconf 91' lang='lat' dir='ltr'><strong>ob</strong></span> <span class='ocrx_word' id='word_1_231' title='bbox 443 2651 473 2710; x_wconf 91' lang='lat' dir='ltr'><strong>id</strong></span> <span class='ocrx_word' id='word_1_232' title='bbox 492 2653 558 2728; x_wconf 89' lang='lat' dir='ltr'><strong>cogi</strong></span> <span class='ocrx_word' id='word_1_233' title='bbox 580 2653 742 2730; x_wconf 89' lang='lat' dir='ltr'><strong>sacrilegos</strong></span> <span class='ocrx_word' id='word_1_234' title='bbox 766 2653 844 2712; x_wconf 90' lang='lat' dir='ltr'><strong>iliam</strong></span> <span class='ocrx_word' id='word_1_235' title='bbox 859 2654 979 2730; x_wconf 86' lang='lat' dir='ltr'><strong>bibere,</strong></span> <span class='ocrx_word' id='word_1_236' title='bbox 1003 2653 1156 2714; x_wconf 87' lang='lat' dir='ltr'><strong>adversari</strong></span> 
     </span>
     <span class='ocr_line' id='line_1_30' title="bbox 122 2732 1232 2813; baseline 0.003 -18"><span class='ocrx_word' id='word_1_237' title='bbox 122 2743 281 2802; x_wconf 71' lang='lat' dir='ltr'><strong>leuantem</strong></span> <span class='ocrx_word' id='word_1_238' title='bbox 293 2734 320 2792; x_wconf 89' lang='lat' dir='ltr'><strong>ei</strong></span> <span class='ocrx_word' id='word_1_239' title='bbox 333 2732 476 2810; x_wconf 88' lang='lat' dir='ltr'><strong>palmeum</strong></span> <span class='ocrx_word' id='word_1_240' title='bbox 487 2737 590 2794; x_wconf 88' lang='lat' dir='ltr'><strong>vinum.</strong></span> <span class='ocrx_word' id='word_1_241' title='bbox 607 2733 833 2813; x_wconf 85' lang='lat' dir='ltr'><strong>Thalassaeglen</strong></span> <span class='ocrx_word' id='word_1_242' title='bbox 843 2739 919 2796; x_wconf 87' lang='lat' dir='ltr'><strong>circa</strong></span> <span class='ocrx_word' id='word_1_243' title='bbox 931 2737 1029 2796; x_wconf 89' lang='lat' dir='ltr'><strong>iudum</strong></span> <span class='ocrx_word' id='word_1_244' title='bbox 1040 2755 1155 2798; x_wconf 85' lang='lat' dir='ltr'><strong>amnem</strong></span> <span class='ocrx_word' id='word_1_245' title='bbox 1165 2763 1198 2806; x_wconf 72' lang='lat'><strong>30</strong></span> <span class='ocrx_word' id='word_1_246' title='bbox 1231 2732 1232 2737; x_wconf 63' lang='grc'>’</span> 
     </span>
     <span class='ocr_line' id='line_1_31' title="bbox 164 2816 1158 2899; baseline 0.002 -20"><span class='ocrx_word' id='word_1_247' title='bbox 164 2818 299 2893; x_wconf 88' lang='lat' dir='ltr'><strong>inveniri,</strong></span> <span class='ocrx_word' id='word_1_248' title='bbox 316 2833 389 2894; x_wconf 88' lang='lat' dir='ltr'><strong>quae</strong></span> <span class='ocrx_word' id='word_1_249' title='bbox 405 2816 443 2876; x_wconf 93' lang='lat' dir='ltr'><strong>ob</strong></span> <span class='ocrx_word' id='word_1_250' title='bbox 459 2818 488 2876; x_wconf 94' lang='lat' dir='ltr'><strong>id</strong></span> <span class='ocrx_word' id='word_1_251' title='bbox 504 2821 618 2878; x_wconf 89' lang='lat' dir='ltr'><strong>nomine</strong></span> <span class='ocrx_word' id='word_1_252' title='bbox 636 2819 694 2886; x_wconf 56' lang='lat' dir='ltr'><strong>ado</strong></span> <span class='ocrx_word' id='word_1_253' title='bbox 708 2822 889 2897; x_wconf 84' lang='lat' dir='ltr'><strong>potamaugis</strong></span> <span class='ocrx_word' id='word_1_254' title='bbox 903 2821 1082 2899; x_wconf 87' lang='lat' dir='ltr'><strong>appellatur,</strong></span> <span class='ocrx_word' id='word_1_255' title='bbox 1098 2822 1158 2882; x_wconf 86' lang='lat' dir='ltr'><strong>hae</strong></span> 
     </span>
     <span class='ocr_line' id='line_1_32' title="bbox 164 2899 1156 2981; baseline 0.003 -20"><span class='ocrx_word' id='word_1_256' title='bbox 164 2911 234 2981; x_wconf 91' lang='lat' dir='ltr'><strong>pota</strong></span> <span class='ocrx_word' id='word_1_257' title='bbox 259 2899 398 2979; x_wconf 90' lang='lat' dir='ltr'><strong>lymphari</strong></span> <span class='ocrx_word' id='word_1_258' title='bbox 422 2900 554 2961; x_wconf 90' lang='lat' dir='ltr'><strong>homines</strong></span> <span class='ocrx_word' id='word_1_259' title='bbox 577 2902 799 2962; x_wconf 88' lang='lat' dir='ltr'><strong>obversantibus</strong></span> <span class='ocrx_word' id='word_1_260' title='bbox 818 2904 971 2964; x_wconf 90' lang='lat' dir='ltr'><strong>miraculis.</strong></span> <span class='ocrx_word' id='word_1_261' title='bbox 999 2904 1156 2980; x_wconf 81' lang='lat' dir='ltr'><strong>Theange-</strong></span> 
     </span>
     <span class='ocr_line' id='line_1_33' title="bbox 164 2983 1157 3062; baseline 0.003 -17"><span class='ocrx_word' id='word_1_262' title='bbox 164 2987 222 3045; x_wconf 89' lang='lat' dir='ltr'><strong>lida</strong></span> <span class='ocrx_word' id='word_1_263' title='bbox 245 2985 274 3043; x_wconf 92' lang='lat' dir='ltr'><strong>in</strong></span> <span class='ocrx_word' id='word_1_264' title='bbox 295 2983 404 3045; x_wconf 84' lang='lat' dir='ltr'><strong>bibano</strong></span> <span class='ocrx_word' id='word_1_265' title='bbox 422 2985 539 3061; x_wconf 88' lang='lat' dir='ltr'><strong>Syriae,</strong></span> <span class='ocrx_word' id='word_1_266' title='bbox 556 2984 641 3044; x_wconf 87' lang='lat' dir='ltr'><strong>Dicte</strong></span> <span class='ocrx_word' id='word_1_267' title='bbox 654 2984 763 3046; x_wconf 71' lang='lat' dir='ltr'><strong>diaetae</strong></span> <span class='ocrx_word' id='word_1_268' title='bbox 778 2989 922 3047; x_wconf 90' lang='lat' dir='ltr'><strong>montibus</strong></span> <span class='ocrx_word' id='word_1_269' title='bbox 949 2998 979 3048; x_wconf 89' lang='lat' dir='ltr'><strong>et</strong></span> <span class='ocrx_word' id='word_1_270' title='bbox 1000 2986 1157 3062; x_wconf 90' lang='lat' dir='ltr'><strong>Babylone</strong></span> 
     </span>
     <span class='ocr_line' id='line_1_34' title="bbox 165 3067 1157 3148; baseline 0.002 -20"><span class='ocrx_word' id='word_1_271' title='bbox 165 3078 196 3128; x_wconf 92' lang='lat' dir='ltr'><strong>et</strong></span> <span class='ocrx_word' id='word_1_272' title='bbox 213 3069 295 3130; x_wconf 87' lang='lat' dir='ltr'><strong>Susis</strong></span> <span class='ocrx_word' id='word_1_273' title='bbox 310 3067 439 3128; x_wconf 88' lang='lat' dir='ltr'><strong>Persidis</strong></span> <span class='ocrx_word' id='word_1_274' title='bbox 451 3070 546 3144; x_wconf 90' lang='lat' dir='ltr'><strong>nasci,</strong></span> <span class='ocrx_word' id='word_1_275' title='bbox 563 3086 617 3145; x_wconf 84' lang='lat' dir='ltr'><strong>qua</strong></span> <span class='ocrx_word' id='word_1_276' title='bbox 631 3077 700 3147; x_wconf 89' lang='lat' dir='ltr'><strong>pota</strong></span> <span class='ocrx_word' id='word_1_277' title='bbox 716 3068 792 3147; x_wconf 87' lang='lat' dir='ltr'><strong>hlagi</strong></span> <span class='ocrx_word' id='word_1_278' title='bbox 807 3071 950 3148; x_wconf 85' lang='lat' dir='ltr'><strong>divinent,</strong></span> <span class='ocrx_word' id='word_1_279' title='bbox 964 3068 1157 3148; x_wconf 87' lang='lat' dir='ltr'><strong>gelotophyl-</strong></span> 
     </span>
     <span class='ocr_line' id='line_1_35' title="bbox 164 3151 1201 3228; baseline 0.002 -16"><span class='ocrx_word' id='word_1_280' title='bbox 164 3152 221 3212; x_wconf 91' lang='lat' dir='ltr'><strong>lida</strong></span> <span class='ocrx_word' id='word_1_281' title='bbox 234 3154 264 3210; x_wconf 91' lang='lat' dir='ltr'><strong>in</strong></span> <span class='ocrx_word' id='word_1_282' title='bbox 281 3151 393 3212; x_wconf 80' lang='lat' dir='ltr'><strong>bactris</strong></span> <span class='ocrx_word' id='word_1_283' title='bbox 413 3160 442 3212; x_wconf 89' lang='lat' dir='ltr'><strong>et</strong></span> <span class='ocrx_word' id='word_1_284' title='bbox 463 3153 540 3211; x_wconf 88' lang='lat' dir='ltr'><strong>circa</strong></span> <span class='ocrx_word' id='word_1_285' title='bbox 562 3151 772 3228; x_wconf 78' lang='lat' dir='ltr'><strong>Borysthenen,</strong></span> <span class='ocrx_word' id='word_1_286' title='bbox 804 3154 877 3215; x_wconf 88' lang='lat' dir='ltr'><strong>haec</strong></span> <span class='ocrx_word' id='word_1_287' title='bbox 898 3158 922 3214; x_wconf 90' lang='lat' dir='ltr'><strong>si</strong></span> <span class='ocrx_word' id='word_1_288' title='bbox 945 3153 1060 3212; x_wconf 89' lang='lat' dir='ltr'><strong>bibatur</strong></span> <span class='ocrx_word' id='word_1_289' title='bbox 1085 3170 1201 3220; x_wconf 71' lang='lat' dir='ltr'><strong>cumae</strong></span> 
     </span>
     <span class='ocr_line' id='line_1_36' title="bbox 163 3234 1155 3315; baseline 0.003 -21"><span class='ocrx_word' id='word_1_290' title='bbox 163 3253 260 3294; x_wconf 88' lang='lat' dir='ltr'><strong>murra</strong></span> <span class='ocrx_word' id='word_1_291' title='bbox 277 3244 308 3296; x_wconf 89' lang='lat' dir='ltr'><strong>et</strong></span> <span class='ocrx_word' id='word_1_292' title='bbox 328 3239 415 3312; x_wconf 86' lang='lat' dir='ltr'><strong>vino,</strong></span> <span class='ocrx_word' id='word_1_293' title='bbox 442 3238 535 3296; x_wconf 86' lang='lat' dir='ltr'><strong>varias</strong></span> <span class='ocrx_word' id='word_1_294' title='bbox 563 3237 712 3296; x_wconf 82' lang='lat' dir='ltr'><strong>obversari</strong></span> <span class='ocrx_word' id='word_1_295' title='bbox 735 3241 851 3315; x_wconf 87' lang='lat' dir='ltr'><strong>species</strong></span> <span class='ocrx_word' id='word_1_296' title='bbox 875 3234 1043 3312; x_wconf 86' lang='lat' dir='ltr'><strong>ridendique</strong></span> <span class='ocrx_word' id='word_1_297' title='bbox 1062 3235 1155 3296; x_wconf 88' lang='lat' dir='ltr'><strong>hnern</strong></span> 
     </span>
     <span class='ocr_line' id='line_1_37' title="bbox 52 3313 1155 3401; baseline 0.002 -23"><span class='ocrx_word' id='word_1_298' title='bbox 52 3327 54 3336; x_wconf 78' lang='lat'><em>&#39;</em></span> <span class='ocrx_word' id='word_1_299' title='bbox 164 3335 223 3378; x_wconf 90' lang='lat' dir='ltr'><strong>non</strong></span> <span class='ocrx_word' id='word_1_300' title='bbox 237 3320 302 3379; x_wconf 89' lang='lat' dir='ltr'><strong>lieri</strong></span> <span class='ocrx_word' id='word_1_301' title='bbox 316 3321 371 3379; x_wconf 92' lang='lat' dir='ltr'><strong>nisi</strong></span> <span class='ocrx_word' id='word_1_302' title='bbox 386 3321 463 3397; x_wconf 92' lang='lat' dir='ltr'><strong>potis</strong></span> <span class='ocrx_word' id='word_1_303' title='bbox 481 3313 591 3382; x_wconf 88' lang='lat' dir='ltr'><strong>nucleis</strong></span> <span class='ocrx_word' id='word_1_304' title='bbox 607 3322 710 3401; x_wconf 86' lang='lat' dir='ltr'><strong>pineae</strong></span> <span class='ocrx_word' id='word_1_305' title='bbox 727 3325 808 3383; x_wconf 90' lang='lat' dir='ltr'><strong>nucis</strong></span> <span class='ocrx_word' id='word_1_306' title='bbox 824 3339 886 3382; x_wconf 87' lang='lat' dir='ltr'><strong>eum</strong></span> <span class='ocrx_word' id='word_1_307' title='bbox 900 3322 1003 3397; x_wconf 88' lang='lat' dir='ltr'><strong>pipere</strong></span> <span class='ocrx_word' id='word_1_308' title='bbox 1018 3326 1049 3377; x_wconf 90' lang='lat' dir='ltr'><strong>et</strong></span> <span class='ocrx_word' id='word_1_309' title='bbox 1060 3319 1155 3380; x_wconf 89' lang='lat' dir='ltr'><strong>melle</strong></span> 
     </span>
     <span class='ocr_line' id='line_1_38' title="bbox 120 3401 1155 3482; baseline -0.003 -16"><span class='ocrx_word' id='word_1_310' title='bbox 120 3414 173 3466; x_wconf 75' lang='lat'><strong>155</strong></span> <span class='ocrx_word' id='word_1_311' title='bbox 183 3404 214 3462; x_wconf 90' lang='lat' dir='ltr'><strong>in</strong></span> <span class='ocrx_word' id='word_1_312' title='bbox 236 3406 306 3464; x_wconf 80' lang='lat' dir='ltr'><strong>vino</strong></span> <span class='ocrx_word' id='word_1_313' title='bbox 325 3401 448 3482; x_wconf 90' lang='lat' dir='ltr'><strong>palmeo.</strong></span> <span class='ocrx_word' id='word_1_314' title='bbox 476 3403 669 3468; x_wconf 87' lang='lat' dir='ltr'><strong>llestiaterida</strong></span> <span class='ocrx_word' id='word_1_315' title='bbox 689 3425 706 3467; x_wconf 96' lang='lat' dir='ltr'><strong>a</strong></span> <span class='ocrx_word' id='word_1_316' title='bbox 723 3410 854 3468; x_wconf 87' lang='lat' dir='ltr'><strong>convictu</strong></span> <span class='ocrx_word' id='word_1_317' title='bbox 874 3403 1012 3462; x_wconf 78' lang='lat' dir='ltr'><strong>seminari</strong></span> <span class='ocrx_word' id='word_1_318' title='bbox 1035 3403 1065 3461; x_wconf 90' lang='lat' dir='ltr'><strong>in</strong></span> <span class='ocrx_word' id='word_1_319' title='bbox 1079 3402 1155 3463; x_wconf 89' lang='lat' dir='ltr'><strong>Per·</strong></span> 
     </span>
    </p>
   </div>
   <div class='ocr_carea' id='block_1_7' title="bbox 0 0 1246 3817">
    <p class='ocr_par' dir='ltr' id='par_1_7' title="bbox 0 0 1246 3817">
     <span class='ocr_line' id='line_1_39' title="bbox 0 0 1246 3817; baseline 0 4"><span class='ocrx_word' id='word_1_320' title='bbox 0 0 1246 3817; x_wconf 95' lang='lat' dir='ltr'><strong> </strong></span> 
     </span>
    </p>
   </div>
  </div>
 </body>
</html>
