2484 3817
159 188 178 245 6
516 197 819 245 c.rnrrtrsncunn1
886 203 888 206 ·

159 359 225 410 sent
250 347 508 427 inponendosque,
539 352 692 426 vinumque
720 342 749 406 et
777 358 888 409 acetum
915 367 954 408 ex
981 350 1146 413 bisfactum

158 432 327 491 auxiliarem
342 438 443 490 contra
459 431 560 491 eadem
575 434 631 489 vim
644 430 740 489 habet.
937 478 939 482 ,

115 527 149 579 15
222 514 305 593 (12.)
335 508 398 573 Uva
411 532 497 591 passa
511 532 592 592 quam
603 512 751 590 astaphida
761 523 867 574 vocant
880 516 1065 593 stomachum,
1081 536 1147 578 ven-

158 607 275 658 tremet
290 600 440 656 interanea
459 603 627 674 temptaret,
643 598 698 654 nisi
714 615 768 674 pro
782 597 912 657 remedio
929 601 959 657 in
975 601 1046 677 ipsis
1060 603 1146 661 acinis

158 681 253 741 nuclei
277 689 395 758 essent,
425 683 461 741 iis
484 680 625 755 exemptis
646 682 763 740 uesicae
783 680 861 740 utilis
884 681 1005 740 habetur
1026 692 1057 741 et
1077 687 1168 749 tussia

156 764 221 825 alba
239 764 350 842 utilior,
374 765 453 823 utilis
468 770 497 821 et
514 762 640 820 arteriae
659 771 689 820 et
698 764 828 840 renibus,
844 766 918 823 sicut
930 783 968 823 ex
979 764 1023 823 his
1035 784 1147 843 passum

114 858 148 911 lo
160 850 294 925 privatim
310 868 326 908 e
342 845 524 924 serpentibus
543 853 643 903 contra
658 845 877 905 haemorrhoida
889 855 1002 924 potens.
1034 851 1148 908 testium

157 931 369 992 inflammationi
395 946 457 987 cum
484 928 574 985 farina
603 931 707 987 cumini
730 937 779 988 aut
801 930 943 989 coriandri
965 932 1147 1009 inponuntur,

157 1018 227 1074 item
243 1012 434 1085 carbunculis,
450 1009 623 1069 articulariis
638 1012 758 1087 morbis,
775 1013 838 1071 sinc
857 1013 967 1076 nucleis
985 1015 1070 1073 tritae
1086 1033 1148 1073 cum

157 1108 229 1157 ruta.
245 1100 348 1157 lovere
364 1100 430 1152 ante
445 1094 513 1153 vino
533 1093 631 1153 ulcera
650 1104 776 1172 oportet.
808 1104 908 1155 sanant
923 1097 1100 1173 epinyctidas
1118 1108 1181 1171 et„

156 1183 235 1240 ceria
261 1187 291 1239 et
315 1178 501 1252 dysinteriam
522 1194 584 1235 cum
605 1179 664 1236 suis
686 1178 804 1237 nucleis.
853 1187 884 1236 et
905 1180 935 1238 in
958 1179 1026 1239 oleo
1046 1189 1147 1240 coctae

156 1262 330 1339 gangraenis
345 1258 500 1318 inlinuntur
517 1278 579 1318 cum
594 1262 703 1320 cortice
715 1261 832 1339 raphani
848 1270 878 1321 et
890 1262 986 1321 melle.
1011 1263 1146 1340 podagris

157 1355 186 1404 et
206 1345 341 1421 unguium
361 1341 516 1402 mobilibus
538 1360 601 1402 cum
624 1362 732 1421 panace
756 1352 787 1403 et
804 1361 858 1422 per
874 1364 906 1404 se
924 1345 958 1403 ad
973 1348 1147 1423 purgandum

154 1444 188 1487 os
204 1435 347 1504 caputque
362 1442 424 1483 cum
441 1427 544 1503 pipere
561 1427 827 1487 commanducantur.

111 1518 144 1573 17
217 1510 298 1589 (13.)
335 1507 472 1585 Astaphis
489 1510 568 1586 agria
583 1511 647 1568 sive
664 1509 790 1588 staphis,
806 1526 888 1586 quam
903 1527 986 1569 uvam
1006 1514 1148 1572 taminiam
1157 1534 1182 1573 rs

152 1592 240 1670 aliqui
255 1600 360 1651 vocant
375 1590 460 1669 ialso,
477 1610 557 1651 suum
574 1594 650 1651 enim
663 1611 755 1669 genus
772 1591 870 1669 habet,
885 1593 1032 1653 cauliculis
1043 1596 1147 1673 nigris,

152 1677 260 1753 rectis,
287 1675 365 1735 loliis
387 1674 556 1751 labruscae,
584 1676 642 1735 lert
660 1675 807 1745 lollioulos
824 1678 922 1736 verius
939 1695 1022 1753 quam
1036 1680 1146 1754 acinos,

73 1794 76 1803 ν
152 1760 270 1834 viridis,
286 1758 387 1817 similis
406 1759 505 1835 ciceri,
523 1761 552 1818 in
568 1759 612 1817 bis
630 1759 761 1819 nucleum
775 1760 954 1836 triangulum.
982 1764 1148 1821 maturescit

153 1860 217 1901 sum
235 1840 377 1901 vindemia
400 1843 615 1920 nigrescitque,
643 1861 706 1902 cum
727 1844 858 1903 taminiae
873 1844 1005 1903 rubentis
1020 1846 1146 1903 norimus
1230 1849 1231 1890 l

152 1927 251 1984 acinos
274 1926 454 2001 sciamusque
479 1924 556 1986 illam
576 1928 605 1985 in
626 1927 731 2005 apricis
752 1929 848 2004 nasci,
872 1926 945 1985 hanc
964 1944 1022 1987 non
1041 1929 1096 1986 nisi
1115 1930 1184 1991 inac

153 2008 261 2084 opacis.
285 2007 331 2066 his
346 2007 457 2067 nucleis
469 2009 504 2067 ad
515 2012 716 2086 purgationem
728 2011 769 2069 uti
782 2028 840 2071 nou
851 2012 1014 2071 censuerim
1023 2018 1146 2088 propter

152 2090 307 2166 ancipitem
322 2090 587 2168 strangulationem,
604 2111 699 2170 neque
715 2092 749 2151 ad
764 2094 893 2170 pituitam
905 2094 964 2151 oris
975 2093 1146 2170 siccandam,

110 2175 220 2251 asquia
241 2174 331 2232 laucis
355 2174 479 2233 laedunt.
508 2173 660 2251 phthiriasi
680 2184 766 2253 caput
786 2184 816 2234 et
830 2175 949 2235 relicum
964 2192 1070 2254 corpus
1086 2178 1147 2237 triti

151 2256 294 2332 liberant,
317 2256 430 2316 facilius
453 2256 576 2316 admixta
590 2257 762 2332 sandaraca,
781 2258 852 2316 item
866 2259 977 2334 pruritu
992 2268 1022 2319 et
1037 2262 1145 2336 psoris.

151 2340 185 2399 ad
207 2338 335 2398 dentium
357 2338 475 2398 dolores
500 2339 677 2400 decocuntur
699 2342 728 2398 in
751 2348 853 2416 aceto,
877 2340 913 2399 ad
934 2343 1042 2401 aurium
1063 2345 1185 2419 vitiare

150 2422 371 2482 rheumatismos
394 2423 573 2498 cicatricum,
599 2423 727 2482 ulcerum
746 2423 894 2481 manantia.
930 2421 984 2482 llos
1005 2426 1091 2484 tritus
1114 2427 1145 2483 in

149 2507 218 2565 vino
240 2514 341 2565 contra
356 2506 502 2581 serpentis
517 2505 641 2581 bibitur,
663 2524 763 2565 semen
780 2506 855 2564 enirn
869 2504 1061 2564 abdicaverim
1075 2524 1145 2583 pro·

150 2596 218 2667 pter
234 2590 347 2647 nimiam
369 2588 426 2645 virn
454 2588 573 2648 ardoris.
617 2588 730 2665 quidam
753 2604 814 2647 eam
833 2588 1007 2665 pituitariam
1030 2599 1144 2649 vocant.

151 2671 244 2751 plagis
260 2671 439 2747 serpentium
452 2673 550 2749 utique
565 2671 695 2731 inlinunt.

109 2768 142 2821 19
216 2754 296 2831 (14.)
326 2751 470 2813 labrusca
481 2772 595 2833 quoque
608 2755 771 2815 oenanthen
781 2754 839 2814 lert
853 2754 923 2812 satis
934 2752 1052 2829 dictam,
1068 2771 1146 2831 quae
1157 2788 1187 2828 30

151 2856 166 2899 a
188 2837 307 2897 Graecis
323 2836 455 2921 ampelos
474 2840 553 2913 agria
571 2838 730 2916 appellata,
759 2838 862 2915 spissis
882 2845 912 2896 et
929 2836 1145 2897 candicantibus

150 2922 246 2997 loliis,
269 2919 449 2997 geniculata,
475 2923 583 2981 rimoso
608 2923 736 2998 cortice,
762 2921 820 2980 lert
835 2938 904 2979 uvas
919 2919 1049 2980 rubentis
1062 2923 1146 2980 cocci

149 3004 247 3081 modo,
265 3020 337 3081 qnae
348 3011 442 3063 cutem
455 3004 484 3062 in
495 3004 570 3063 facie
582 3005 730 3067 mulierum
743 3011 865 3083 purgant
878 3011 908 3062 et
920 3020 1019 3079 varos,
1036 3021 1146 3063 coxen-

151 3088 244 3148 dicum
267 3096 298 3146 et
314 3087 473 3146 lumborum
490 3090 569 3146 vitiis
588 3096 688 3147 tunsae
705 3105 767 3146 cum
784 3087 863 3147 loliis
878 3095 909 3145 et
925 3104 995 3145 suco
1011 3096 1145 3164 prosunt.

150 3170 233 3231 radix
247 3170 368 3229 decocta
383 3172 412 3229 in
426 3186 499 3247 aqua
513 3180 582 3249 pota
592 3173 621 3232 in
632 3172 691 3229 vini
701 3168 755 3230 Goi
767 3170 877 3247 cyathis
888 3168 1001 3231 duobus
1013 3187 1146 3229 umorem
1156 3190 1188 3233 as

151 3254 207 3313 alvi
222 3254 292 3330 ciet,
307 3255 374 3313 ideo
389 3253 554 3333 hydropicis
572 3255 661 3315 datur.
690 3253 762 3314 hanc
776 3256 872 3333 potins
886 3252 1058 3313 crediderim
1074 3271 1147 3313 esse

108 3348 143 3401 20
155 3355 238 3415 quam
255 3336 359 3414 volgus
375 3356 458 3399 uvam
472 3340 613 3399 taminiam
627 3347 721 3400 vocat.
737 3346 870 3398 utuntur
889 3353 925 3396 ea
945 3351 999 3412 pro
1015 3335 1147 3397 amuleto

151 3429 181 3481 ct
198 3421 233 3481 ad
247 3423 476 3500 exspiationem‚
489 3421 525 3457 *l‘
540 3425 687 3502 sanguinis
702 3440 815 3502 quoque
827 3420 980 3495 adhibent,
996 3418 1148 3482 nonnltra
