2484 3817
162 150 204 210 ⁷4
506 156 538 206 o.
557 156 655 205 annu
666 155 820 205 ancum

117 333 154 381 u,
167 334 202 370 m
217 314 294 374 tallia
312 313 445 374 diximus.
474 312 530 371 fait
549 320 580 371 et
595 321 676 372 terra
690 329 748 391 per
761 329 796 369 se
808 310 840 369 ia
853 308 1000 369 Theodoti
1010 310 1104 370 fundo
1120 313 1167 371 in·

159 406 248 459 venta
269 396 409 473 Zmyrnae
431 412 487 473 qua
505 404 627 455 veteres
645 395 681 455 ad
702 396 816 455 narium
840 395 969 471 picturas
989 393 1164 455 utebamur.

161 500 236 543 nanc
257 483 349 541 omnia
367 498 406 539 ex
420 478 538 557 plumbo
554 488 585 539 et
601 487 688 539 aceto
702 479 735 537 lit
748 486 781 536 nt
795 477 929 536 diximus.
1001 507 1007 511 -

116 578 153 633 38
226 565 307 645 (20.)
324 562 397 623 Usta
412 580 482 622 casu
502 571 622 641 reperta
637 570 685 622 est
701 564 734 622 in
751 560 888 620 incendio
902 560 1018 620 Piraeei
1037 580 1166 621 cerussa

127 672 152 707 n
162 651 192 709 in
214 650 291 709 orcis
311 655 446 709 cremata.
479 646 533 706 bac
552 648 675 725 primam
689 664 759 705 asna
779 653 826 705 est
839 642 938 703 Nicias
953 662 1042 723 supra
1054 644 1164 706 dictas.
1172 670 1186 707 a

161 742 278 811 optuma
292 750 368 792 nunc
381 730 512 789 Asiatica
529 730 673 806 babetur,
687 746 762 806 quae
779 736 811 788 et
823 745 971 805 purpurea
984 728 1164 806 appellatur.

160 819 284 897 pretium
298 817 361 875 eius
377 816 407 874 in
421 813 510 874 libras
531 812 560 873 X
579 827 625 873 VI.
656 814 689 872 lit
702 821 733 872 et
746 812 859 871 Romae
871 819 1001 871 cremato
1016 812 1072 872 sile
1086 830 1167 873 naar·

159 918 279 961 moroso
295 908 326 959 et
341 900 484 959 restincto
499 905 592 957 aceto
635 898 700 957 siae
717 904 783 955 usta
796 913 855 954 non
870 896 942 955 liunt
954 895 1086 956 umbrae.

219 984 294 1058 (21.)
312 980 430 1041 Eretria
442 989 538 1040 terrae
554 998 626 1040 suae
643 980 734 1040 babet
749 997 864 1040 nomem
896 978 952 1037 bac
965 977 1164 1040 Nicomachus

160 1077 191 1129 et
210 1066 378 1128 Parrhasius
399 1066 454 1124 usi.
496 1063 671 1141 refrigerat,
692 1063 820 1140 emollit,
849 1063 951 1141 explet
966 1062 1108 1139 volnera,
1135 1085 1196 1124 snm

159 1146 1163 1309 culmillilidll‘incommutabilia

590 1277 597 1289 ·
1101 1274 1114 1309 s

158 1335 197 1379 ex
212 1332 284 1393 aqua
299 1314 381 1373 inlita
393 1330 452 1373 aon
469 1322 592 1373 arescat.

116 1412 151 1468 39
219 1398 304 1477 (22.)
324 1397 513 1458 sandaracam
527 1405 558 1457 ct
574 1397 691 1457 ochram
703 1396 775 1457 laba
787 1397 904 1457 tradidit
916 1399 947 1458 in
959 1397 1053 1457 insula
1064 1396 1162 1460 Rubri

157 1484 245 1545 maris
261 1482 380 1561 Topazo
395 1484 492 1558 nasci,
507 1481 561 1541 sed
574 1482 643 1541 inde
656 1500 715 1541 non
729 1480 928 1560 pervehuntur
942 1481 978 1542 ad
991 1498 1057 1541 uos.
1087 1482 1160 1543 San·
1149 1504 1191 1543 -c
1225 1491 1227 1546 l

116 1586 151 1631 u
167 1587 199 1623 m
213 1567 315 1628 daraca
333 1565 479 1645 quomodo
499 1566 585 1625 lieret
602 1565 733 1625 diximus.
770 1565 803 1623 lit
819 1564 980 1625 adulterina
999 1573 1030 1625 et
1049 1583 1090 1625 ex
1112 1586 1159 1626 ce-

158 1670 241 1711 russa
256 1654 285 1711 in
300 1652 419 1711 fornace
435 1657 529 1710 cocta
559 1649 644 1710 color
655 1668 725 1711 esse
739 1648 829 1709 debet
843 1648 1000 1709 flammeus.
1031 1653 1160 1727 pretium

159 1738 189 1795 in
204 1734 294 1795 libras
309 1753 391 1795 asses
407 1735 494 1831 qpini.

115 1828 151 1882 40
222 1818 302 1898 (23.)
323 1817 434 1877 Haec
410 1837 434 1877 sn
451 1825 596 1877 torreatur
607 1834 702 1895 acqua
713 1825 796 1896 parte
810 1816 925 1876 rubrica
935 1815 1078 1893 admixta
1092 1836 1160 1877 san·

158 1902 259 1980 dycem
276 1902 361 1977 lacit,
381 1918 548 1979 quamquam
570 1901 769 1962 animadverto
782 1900 944 1977 Vergilium
969 1901 1188 1962 existimassem

157 1986 275 2047 herbam
291 1985 320 2044 id
336 2003 404 2045 esse
420 1983 472 2043 illo
488 2002 593 2044 versu:
1190 2012 1194 2017 -

200 2070 340 2148 Sponte
362 2084 428 2127 sua
447 2067 797 2145 sandyxpascentis
814 2069 961 2128 vestiat
981 2084 1112 2143 agnos.

158 2154 282 2232 pretium
301 2154 331 2211 in
352 2151 441 2211 libras
461 2151 604 2210 dimidium
622 2153 686 2211 eius
702 2150 780 2229 quod
800 2151 981 2211 sandaracae.
1013 2170 1071 2211 nec
1086 2161 1156 2211 sunt

158 2236 206 2297 alii
223 2236 279 2295 duo
294 2235 412 2295 colores
427 2236 543 2294 maioris
561 2234 709 2313 ponderis.

219 2318 301 2397 (24.)
323 2319 402 2378 Inter
416 2319 548 2380 facticios
565 2326 611 2377 est
627 2327 658 2377 et
672 2318 822 2396 Syricum,
844 2336 902 2397 qno
914 2319 1030 2377 minium
1044 2318 1156 2380 sublini
1165 2339 1191 2379 aa

114 2423 148 2465 n,
162 2422 195 2460 no
212 2402 342 2463 diximus.
373 2403 404 2461 lit
420 2411 515 2462 autem
530 2400 670 2480 Sinopide
685 2412 717 2462 et
730 2403 856 2479 sandyce
874 2404 980 2463 mixds.

115 2498 147 2551 41
222 2486 302 2577 (25.)
322 2485 519 2545 Atramentum
533 2502 649 2563 quoque
664 2488 741 2546 inter
755 2486 885 2546 facticios
901 2488 969 2562 erit,
985 2504 1159 2564 quamquam

158 2578 203 2633 est
226 2579 256 2630 et
278 2578 375 2629 terrae
392 2570 524 2647 geminae
543 2570 673 2646 originis.
716 2578 764 2629 ant
784 2570 861 2629 enim
885 2569 1040 2647 salsuginis
1065 2572 1159 2633 modo

158 2661 289 2730 emanat,
307 2662 355 2713 aut
371 2662 449 2713 terra
466 2654 530 2732 ipsa
545 2653 673 2731 sulpurei
689 2652 798 2712 coloris
812 2652 848 2711 ad
862 2652 919 2713 boc
933 2653 1081 2731 probatur.
1111 2658 1157 2715 in·

158 2738 237 2798 venti
261 2744 327 2797 sunt
346 2738 477 2816 pictores
514 2738 562 2815 qui
577 2737 720 2815 carbones
741 2737 867 2796 inlectos
891 2736 1054 2815 sepulchris
1079 2739 1190 2804 edo-ac

158 2822 238 2881 dere.
271 2822 423 2899 inportuna
443 2820 515 2881 baec
538 2822 633 2879 omnia
653 2838 687 2879 ac
701 2820 825 2879 novicia.
868 2820 899 2879 lit
914 2821 1022 2879 enimc
1038 2820 1158 2897 fulgine

159 2904 288 2983 pluribus
304 2903 397 2963 modis
412 2906 508 2965 resina
527 2903 575 2967 vel
590 2904 657 2981 pice
672 2903 800 2980 exustis,
819 2911 941 2982 propter
961 2901 1040 2985 quod
1061 2905 1158 2965 oflici-

158 3004 209 3047 aas
229 2989 315 3048 etiam
329 2986 519 3047 aedificavere
540 2987 646 3045 fumum
662 3002 727 3045 eum
744 3002 802 3045 non
817 2988 984 3047 emittentis.
1016 2985 1158 3050 laudatis·
1193 2990 1197 2996 '

159 3073 229 3132 sima
251 3070 355 3131 eodem
375 3070 461 3129 modo
483 3072 514 3129 lit
534 3087 552 3129 e
574 3069 677 3130 taedis.
723 3069 900 3130 adulteratur
918 3071 1080 3146 ¹fornacium
1101 3072 1156 3133 ba·

157 3154 354 3230 linearumque
377 3153 504 3229 fulgine,
537 3171 595 3231 quo
619 3152 656 3212 ad
679 3152 823 3214 volumina
844 3154 996 3215 scribenda
1019 3161 1187 3226 montanas

114 3236 232 3299 ltSnnt
253 3237 301 3314 qui
323 3244 353 3295 et
373 3238 431 3295 vini
447 3236 557 3296 faecem
577 3238 713 3296 siccatam
730 3246 908 3315 excoquant,
928 3237 1155 3318 adfirmentque,

159 3320 183 3378 si
207 3336 245 3379 ex
264 3319 343 3379 bono
362 3321 430 3378 vino
445 3319 519 3379 lacta
535 3321 640 3397 inerit,
661 3319 751 3380 lndici
774 3320 903 3397 speciem
917 3320 947 3379 id
960 3328 1156 3392 atramentum

157 3401 310 3481 praebere.
342 3401 521 3478 Polygnotus
546 3409 576 3463 et
594 3402 691 3464 blicoa
711 3404 893 3465 celeberrimi
914 3406 1042 3483 pictores
1056 3403 1156 3467 atne-
