2484 3817
96 165 99 176 ’
145 200 207 262 304
461 206 779 258 c.ro1u1sucusn1

144 382 230 425 cerae
245 371 274 422 et
289 365 359 423 turis
374 364 524 424 drachmas
538 361 609 438 XX,
626 379 744 440 spumae
759 362 870 438 argenti
885 359 944 436 Xl,
960 359 1065 418 cineris
1075 375 1136 429 mu·

143 451 233 508 ricum
248 445 289 523 X,
311 447 369 508 olei
388 449 495 507 veteris
516 447 666 506 heminam.
697 453 819 522 prosunt
838 461 942 522 perse
963 442 1138 503 salsamenta

101 543 151 598 107
165 540 258 590 cocta.
286 530 390 590 Cancri
409 530 561 591 iluviatiles
585 530 643 589 triti
666 529 856 588 verendorum
874 526 1007 606 pusulas,
1029 528 1101 585 cinis
1119 545 1137 586 e

144 617 239 691 eapite
254 632 409 691 menarum,
425 616 493 674 item
511 631 614 674 carnes
629 612 770 672 decoctae
787 621 817 671 et
830 612 983 689 inpositae
1006 609 1137 670 similiter

144 715 251 777 percae
266 698 362 758 salsae
376 715 394 757 e
410 699 508 776 capite
521 699 591 756 cinis
606 696 694 755 melle
709 695 817 770 addito,
833 693 1017 773 pelamydum
1032 695 1164 772 capitist

102 793 153 847 108
166 782 236 839 cinis
258 790 306 840 aut
328 783 483 878 squatinae
500 781 572 839 cutis
594 779 752 839 combusta
781 779 855 838 haec
877 787 922 838 est
942 796 999 855 qua
1016 776 1137 838 diximus

111 863 276 940 914011ςιιιιιη
290 865 385 942 poliri,
399 866 530 942 quoniam
545 873 574 922 et
591 864 692 923 amari
708 862 828 922 fabriles
841 880 910 920 osus
926 870 1042 920 exeunt
1068 879 1136 940 pro-

143 957 207 1007 sunt
222 957 252 1007 et
267 948 406 1007 zmarides
421 946 529 1022 inlitae,
545 947 613 1006 item
626 948 763 1006 muricum
777 946 826 1006 vel
837 963 1026 1024 purpurarum
1043 953 1136 1005 testae

143 1032 214 1090 cinis
236 1049 299 1090 cum
321 1031 424 1106 melle,
451 1031 600 1089 efficacius
623 1039 811 1091 crematarum
832 1047 896 1089 cum
910 1028 1044 1088 carnibus
1065 1031 1135 1089 suis.

143 1113 540 1174 Carbunculosverendorum
552 1115 684 1191 privatim
694 1115 866 1202 salsamenta
878 1121 963 1173 cocta
974 1129 1037 1172 cum
1048 1112 1137 1172 melle
1147 1130 1172 1170 ro

141 1198 312 1272 restingunt.
341 1204 460 1274 testem,
484 1198 509 1256 si
530 1195 727 1274 descenderit,
751 1179 917 1257 coclearum
938 1214 1038 1274 spuma
1058 1197 1137 1255 inlini

143 1279 251 1338 volunt.
859 1319 862 1323 ›

101 1373 150 1428 109
208 1361 290 1442 (35.)
314 1363 421 1424 Urinae
435 1364 665 1422 incontinentiam
679 1363 866 1442 hippocampi
884 1364 952 1424 tosti
972 1372 1001 1422 et
1022 1365 1050 1422 in
1070 1363 1136 1421 cibo

142 1447 260 1523 saepius
275 1447 377 1524 sumpti
393 1446 558 1523 emendant,
576 1446 715 1525 ophidion
730 1447 890 1524 pisciculus
905 1463 1017 1523 congro
1035 1447 1137 1505 similis

143 1547 207 1588 cum
222 1527 263 1588 lili
277 1531 384 1606 radice,
400 1530 532 1608 pisciculi
546 1531 644 1590 minuti
657 1549 694 1589 ex
704 1538 806 1590 ventre
815 1533 878 1590 eius
890 1531 937 1609 qui
951 1529 1136 1589 devoraverit
1146 1546 1171 1586 ιι
1204 1593 1207 1599 ,

143 1615 280 1689 exempti,
298 1616 427 1691 cremati,
442 1617 481 1674 ita
497 1623 527 1674 ut
542 1615 613 1673 cinis
631 1631 731 1673 eorum
747 1614 860 1674 bibatur
877 1633 915 1674 ex
932 1631 1015 1693 aqua.
1037 1613 1137 1672 iubent

142 1705 170 1755 et
188 1696 306 1757 cocleas
322 1697 475 1758 Africanas
496 1717 559 1758 cum
579 1716 630 1757 sua
652 1715 740 1758 carue
755 1698 884 1758 comburi
898 1700 1081 1776 cineremque
1098 1716 1136 1756 ex

141 1782 209 1840 vino
224 1781 344 1858 Signino
361 1781 431 1842 dari.

100 1875 151 1928 110
209 1863 294 1942 (36.)
315 1865 455 1942 Podagris
470 1865 699 1942 articulariisque
717 1864 826 1924 morbis
842 1865 911 1924 utile
926 1874 971 1924 est
990 1865 1086 1923 oleum
1107 1867 1136 1923 in

142 1965 198 2025 quo
209 1946 331 2007 decocta
347 1950 402 2007 sint
415 1965 545 2007 ranarum
560 1950 692 2008 intestina
707 1957 738 2008 et
752 1948 873 2008 rubetae
885 1950 956 2008 cinis
971 1967 1033 2008 cnm
1048 1947 1171 2026 adipem

143 2039 251 2089 vetere.
275 2031 388 2108 quidam
404 2040 432 2090 et
442 2031 544 2091 hordei
559 2033 684 2090 cinerem
698 2031 824 2092 adiciunt
836 2034 920 2090 trium
934 2050 1029 2091 rerum
1041 2048 1135 2109 aequo

142 2111 282 2191 pondere.
307 2113 405 2172 iubent
426 2123 456 2173 et
476 2114 579 2192 lepore
600 2117 710 2174 marino
731 2117 843 2174 recenti
857 2116 1013 2193 podagram
1027 2115 1133 2189 fricari,

142 2195 252 2254 fibrinis
268 2213 384 2274 quoque
406 2197 531 2275 pellibus
553 2196 687 2273 calciari,
701 2216 832 2257 maxume
850 2199 960 2258 Pontici
974 2198 1048 2272 libri,
1068 2199 1135 2256 item

141 2278 221 2338 rituli
237 2281 345 2356 marini,
363 2281 442 2341 cuius
459 2291 488 2340 et
499 2281 581 2358 adips
601 2281 722 2358 prodest
735 2283 834 2358 isdem,
848 2299 972 2341 necnon
991 2291 1020 2341 et
1030 2281 1134 2356 bryon,

98 2381 156 2424 aaut
168 2362 269 2440 dequo
278 2363 543 2440 diximus,lactucae
556 2365 659 2440 simile,
665 2365 960 2442 rugosioribusloliis,
967 2368 1028 2424 sine
1040 2365 1133 2424 caule.
1144 2385 1171 2424 rs

101 2457 150 2508 111
165 2455 264 2504 natura
286 2449 312 2506 ei
334 2441 472 2525 styptica,
501 2449 712 2526 inpositumque
735 2449 805 2508 lenit
828 2449 952 2526 impetus
975 2450 1133 2526 podagrae.

111 2547 136 2582 ee
150 2529 217 2587 item
237 2529 317 2606 alga,
342 2531 378 2590 de
398 2548 453 2609 qua
473 2541 501 2590 et
521 2533 584 2609 ipsa
604 2531 708 2591 dictum
729 2541 784 2591 est.
819 2530 990 2592 observatur
1004 2535 1033 2591 in
1048 2550 1082 2591 ea
1097 2550 1146 2589 ne.

143 2612 220 2671 arida
242 2613 401 2690 inponatur.
428 2613 585 2674 Perniones
606 2615 738 2675 emendat
757 2615 854 2693 pulmo
871 2618 1013 2691 marinus,
1038 2615 1135 2676 cancri

142 2696 241 2754 marini
256 2698 327 2755 cinis
344 2715 382 2756 ex
397 2697 473 2774 oleo,
489 2700 555 2758 item
572 2699 717 2758 fluviatilis
730 2699 788 2758 triti
805 2700 919 2777 ustiqne
936 2701 1049 2759 cineres
1065 2699 1132 2759 oleo

143 2778 253 2838 subacti
268 2789 296 2839 et
316 2780 396 2839 siluri
416 2781 508 2858 adips.
537 2781 569 2841 ln
583 2782 710 2841 articulis
720 2781 885 2842 morborum
897 2783 1020 2860 impetus
1031 2783 1167 2842 sedemus

141 2877 229 2920 ranae
251 2862 371 2922 subinde
396 2873 531 2924 recentes
554 2867 716 2943 inpositae,
740 2865 854 2944 quidam
874 2866 1015 2926 dissectas
1035 2865 1134 2925 iubent

143 2944 251 3023 inponi.
281 2945 395 3025 Corpus
410 2950 521 3025 auget
513 2967 558 3008 rus
571 2947 731 3009 mitulorum
747 2958 776 3008 et
790 2949 973 3008 concharum.

102 3035 153 3090 111
211 3027 295 3105 (37.)
319 3030 500 3106 comitiales,
516 3041 547 3092 ut
561 3032 680 3091 diximus
687 3033 864 3109 ,coagulum
879 3033 960 3091 vituli
974 3033 1072 3092 marini
1093 3031 1133 3090 bi-

100 3107 119 3148 ⁸
131 3107 240 3169 111ἰιιιιιι
255 3129 317 3171 cum
334 3113 411 3174 lacte
427 3117 533 3193 equino
550 3116 683 3174 asinaeve
704 3124 753 3174 aut
771 3134 835 3175 cum
850 3116 949 3176 l’uuici
966 3133 1050 3190 suco,
1073 3116 1133 3192 qui·

144 3193 206 3252 dam
222 3211 260 3252 ex
274 3207 358 3257 aceto
373 3198 476 3257 mulso
499 3216 554 3257 nec
571 3214 628 3257 nou
643 3199 729 3277 aliqui
745 3216 799 3277 per
809 3217 847 3260 se
861 3199 966 3299 pilulas
981 3198 1131 3258 devorant
1140 3213 1167 3255 as

145 3281 330 3338 castoreum
322 3299 350 3340 m
368 3282 443 3340 aceti
459 3282 542 3340 mulsi
558 3281 668 3355 cyathis
681 3283 795 3341 tribus
786 3284 888 3342 reiunis
904 3283 1030 3359 datur,”
1009 3301 1046 3342 us
1060 3298 1132 3342 vero

142 3360 190 3436 qui
217 3365 332 3440 saepius
355 3365 544 3441 corripiantur
566 3363 691 3438 clystere
704 3365 835 3425 ‘inlusum
860 3367 978 3426 mirilico
999 3366 1132 3445 prodest.

143 3447 267 3504 castorei
282 3445 433 3507 drachmae
446 3446 518 3507 dnae
530 3464 597 3506 esse
609 3446 763 3524 debebunt,
771 3450 867 3510 mellis
877 3458 907 3509 et
918 3449 977 3510 olei
989 3451 1133 3510 sextarius
