2484 3817
165 179 205 240 52
500 190 531 238 o.
547 190 642 238 nurui
655 188 805 238 suounm

161 362 254 422 quare
271 343 383 420 quidam
401 343 543 404 Creticam
558 361 727 420 cupressum
741 342 884 401 dixerunt.
918 341 1041 402 amatus
1056 344 1086 400 in
1099 343 1154 402 sni-

164 428 230 486 litus
254 443 308 505 pro
336 435 400 486 ture
425 426 596 500 adsumitur,
622 428 651 484 in
671 424 884 484 medicamentis
914 442 987 484 vero
1012 424 1153 502 duplicato

164 509 296 588 pondere
325 510 444 571 eosdem
473 509 594 569 ellectns
621 508 731 568 babere
755 525 828 584 quos
847 510 1004 568 cinnamum
1028 508 1152 567 traditur.

164 591 357 653 collectiones
373 594 473 651 nrinnit
496 601 526 652 et
555 609 654 651 nomas
677 593 845 668 conpescit,
877 589 957 649 inlita
980 590 1077 650 ulcera
1091 609 1154 668 pur-

120 689 122 696 ’
163 684 232 752 gat,
258 684 356 753 partus
380 684 527 734 emortuos
549 675 683 751 adposita
705 673 830 733 extrahit
846 682 876 733 et
898 674 1000 732 suffita.
1031 674 1180 734 inlinitnrs

163 760 223 835 igni
255 763 339 820 sacro
370 767 398 817 ct
422 757 622 833 carbunculis,
649 775 711 816 curn
735 756 822 816 melle
844 766 875 814 et
897 759 964 816 vino
981 766 1051 833 pota
1073 758 1154 832 regio

164 842 267 901 morbo
284 841 424 902 medetur,
455 839 606 917 gallinacei
632 842 751 916 generis
771 841 887 918 pituitas
909 841 987 899 inmo
1012 842 1075 898 eius
1092 839 1156 898 ber·

164 925 220 984 bae
235 927 329 984 sanari
346 924 466 984 tradunt.

121 1021 174 1074 103
245 1007 326 1085 (62)
356 1005 461 1065 Similis
478 1005 586 1065 herbae
603 1005 669 1064 huic
684 1004 807 1064 Sabinae
823 1013 868 1064 est
887 1005 990 1082 selago
1004 1004 1154 1083 appellata.

163 1093 270 1168 legitur
285 1093 348 1150 sine
364 1090 444 1148 ierro
460 1089 560 1148 dextra
574 1106 657 1147 manu
669 1105 722 1165 per
737 1090 858 1148 tunicam
874 1106 929 1166 qua
943 1090 1059 1147 sinistra
1077 1092 1194 1148 exui-10

163 1184 211 1233 tnr
223 1173 303 1232 velut
318 1191 334 1232 a
350 1173 481 1247 iurante,
495 1171 612 1232 candida
630 1179 714 1231 veste
729 1173 838 1231 vestito
853 1188 983 1249 pureque
999 1170 1084 1230 lautis
1105 1191 1156 1230 nn-

162 1258 206 1316 dis
225 1255 363 1332 pedibus,
382 1273 466 1314 sacro
491 1256 567 1314 iacto
587 1257 667 1332 prins
685 1272 767 1330 quam
788 1254 901 1330 legatur
924 1273 998 1332 pane
1021 1256 1154 1330 vinoque.

165 1341 260 1400 fertur
276 1339 307 1396 in
324 1355 425 1414 mappa
440 1355 523 1398 nova.
555 1338 628 1398 banc
642 1346 743 1398 contra
757 1339 915 1414 perniciem
927 1355 1039 1397 omnem
1050 1337 1157 1397 baben·

162 1423 226 1482 darn
240 1420 396 1498 prodidere
412 1419 538 1480 Druidae
557 1420 703 1480 Gallorum
725 1430 755 1480 et
775 1429 876 1480 contra
894 1423 987 1481 omnia
1008 1421 1156 1481 oculorum

164 1507 234 1564 vitia
251 1505 357 1564 lamam
374 1505 438 1564 cius
454 1504 606 1582 prodesse,
1167 1529 1194 1568 15

122 1600 175 1654 lot
238 1586 318 1665 (63.)
350 1586 440 1646 lidern
455 1587 592 1646 samolum
606 1587 726 1648 barbam
740 1588 925 1648 nominavere
943 1596 1110 1647 nascentem
1125 1590 1155 1646 in

161 1672 276 1746 umidis,
292 1679 323 1730 et
344 1669 417 1730 hanc
438 1672 554 1730 sinistra
568 1689 651 1730 manu
673 1670 733 1747 legi
752 1689 769 1730 a
790 1672 894 1730 ieiunis
914 1679 1015 1730 contra
1035 1670 1155 1730 morbos

161 1773 243 1816 suurn
262 1754 424 1831 boumque,
445 1773 500 1814 nec
520 1757 670 1832 respicere
696 1753 854 1831 legentem,
871 1772 966 1831 neque
986 1753 1054 1813 alibi
1071 1772 1155 1832 quam

160 1840 191 1898 in
207 1837 298 1898 canali
315 1838 477 1915 deponere,
492 1838 532 1897 ibi
547 1841 700 1899 continere
714 1839 835 1915 poturis.

119 1934 172 1987 105
237 1920 319 1996 (64.)
355 1918 510 1980 Commium
531 1939 640 1998 genera
662 1922 792 1982 dimmus.
829 1924 859 1980 in
881 1921 925 1980 bis
942 1923 1068 1981 maiores
1081 1921 1154 1981 elle·
1164 1947 1193 1988 uo

120 2005 183 2088 ”pff
203 2012 266 2063 ctus
277 2001 407 2061 melioris
423 2006 561 2080 cuiusque
574 2012 665 2064 erunt.
701 2004 835 2066 dentibus
853 2005 970 2064 inutiles
987 2013 1068 2080 suut,
1089 2023 1154 2064 san-

161 2088 278 2163 guinem
301 2084 454 2160 coagulant
476 2095 505 2144 et
526 2087 593 2146 ideo
618 2087 807 2146 reicientibus
831 2089 998 2164 sauguinem
1019 2097 1154 2165 prosunt,

159 2173 229 2228 item
240 2167 389 2242 ambustis,
401 2170 526 2228 arteriae
542 2170 619 2226 vitiis
631 2168 760 2244 inutiles,
772 2171 879 2228 urinam
891 2172 980 2244 cient,
991 2172 1155 2230 amaritudi-

160 2269 213 2310 nes
227 2248 365 2308 bebetant
383 2250 528 2310 adstrictis
545 2253 663 2310 ceteris.
693 2268 766 2327 quae
778 2269 817 2310 ex
831 2251 979 2327 amygdala
991 2270 1084 2312 amara
1105 2263 1155 2313 est

161 2330 379 2410 spissandisque
403 2333 565 2394 visceribus
589 2334 735 2394 efficacior
754 2333 841 2393 babet
865 2333 1084 2394 excalfactorias
1109 2339 1194 2396 vias
1224 2385 1228 2392 .

119 2427 171 2482 106
182 2418 231 2474 ris.
261 2425 477 2492 praeponuntur
492 2434 648 2494 prunorum
662 2425 757 2475 numm
773 2425 803 2476 et
817 2434 983 2476 cerasorum
992 2435 1027 2475 ac
1040 2421 1152 2480 vitium.

59 2538 62 2544 ·
163 2501 272 2570 siccant
285 2498 384 2558 inlitae
403 2507 433 2558 et
448 2499 645 2576 adstringunt,
662 2518 700 2558 ex
715 2508 799 2560 aceto
815 2517 887 2559 vero
902 2500 1048 2558 iniantiurn
1059 2501 1154 2562 liebe-

158 2601 212 2642 nas
228 2589 339 2657 sanant,
355 2591 477 2658 prosunt
492 2591 521 2642 et
537 2585 607 2642 tussi
624 2584 718 2642 veteri
738 2591 873 2659 quattuor
893 2581 988 2642 obolis
1010 2583 1039 2640 in
1053 2595 1153 2646 musto

158 2667 249 2743 potis.
282 2665 437 2724 creduntur
463 2675 493 2725 et
514 2665 645 2725 colorem
664 2668 821 2741 gratiorem
842 2666 939 2724 iacere
959 2664 1153 2744 ciborumque

157 2749 370 2826 adpetentiam,
384 2756 414 2807 et
431 2747 584 2808 calculosis
601 2748 743 2826 prodesse
761 2765 925 2825 compasso
949 2757 1045 2826 potae.
1078 2767 1152 2810 ocu·
1164 2765 1195 2806 ao

158 2831 251 2891 lorum
266 2839 296 2890 ct
310 2830 461 2891 volnerum
473 2831 644 2891 utilitatibus
659 2849 788 2892 maxume
806 2833 987 2892 conveniunt.

117 2921 166 2978 107
199 2988 202 2994 .
231 2915 277 2976 ta.
290 2914 371 2993 (65.)
397 2914 501 2991 Spinae
516 2916 682 2992 Aegyptiae
694 2917 757 2975 sive
769 2915 910 2976 Arabicae
923 2915 1021 2975 laudes
1034 2917 1063 2973 in
1075 2915 1152 2976 ndo-

116 2996 145 3035 ¹³=
158 2997 180 3030 ⁸⁸
203 3016 264 3056 rtun
279 2999 346 3056 loco
361 2998 493 3074 diximus,
508 3006 538 3058 et
550 2999 612 3076 ipsa
625 3000 732 3076 spissat
743 3001 915 3076 stringitque
930 2996 1150 3059 destillationes

158 3083 249 3139 omnis
278 3089 308 3141 et
322 3083 466 3157 sanguinis
491 3084 708 3141 exscreationes
722 3100 906 3159 mensumque
934 3080 1151 3159 abundantiam,

157 3165 309 3224 etiamnum
325 3165 421 3225 radice
436 3165 586 3224 valentior.
1161 3184 1196 3225 as

115 3255 167 3310 108
236 3247 318 3325 (66.)
345 3247 450 3325 Spinae
468 3248 550 3308 albae
566 3267 665 3310 semen
680 3257 780 3310 contra
794 3252 965 3327 scorpiones
979 3249 1147 3310 auxiliatur.

122 3336 126 3344 ‘
157 3347 265 3389 corona
283 3349 322 3390 ex
336 3349 369 3390 ea
387 3333 512 3409 inposita
522 3335 624 3410 capitis
640 3332 759 3393 dolores
773 3335 880 3394 minuit.
917 3340 963 3392 est
983 3332 1050 3392 bulo
1066 3336 1149 3392 simi-

158 3411 193 3472 lis
218 3431 300 3492 quarn
325 3413 427 3474 Graeci
453 3417 602 3478 acanthion
619 3427 741 3494 vocant,
764 3418 921 3477 minoribus
943 3415 1032 3475 multo
1049 3417 1148 3494 loliis,
