2484 3817
157 132 193 193 14
426 175 429 185 .
494 142 524 191 0.
544 141 807 195 uanitatem!

154 314 271 377 quoque
293 304 324 357 et
346 298 492 375 parietes,
513 298 561 375 qui
578 298 634 357 iam
648 304 679 358 et
693 298 750 374 ipsi
768 304 909 374 tamquam
926 314 995 361 mar
1009 301 1144 365 inauran-

148 389 215 457 ιιι,
238 397 302 440 cum
320 382 400 441 varia
417 398 468 441 rua
487 388 567 441 aetas
583 381 620 441 de
634 378 736 440 Catulo
751 381 978 459 existimaverit,
1000 384 1078 462 qnod
1097 395 1140 447 te·

152 463 233 541 gulas
247 481 349 524 aereas
367 460 492 543 Capitoli
508 465 676 525 inaurasset.

52 607 54 615 ,
111 556 144 611 58
215 548 297 625 (19.)
311 546 422 607 l’rimor
434 548 602 607 inventores
613 547 685 622 auri,
694 547 769 606 sicut
778 546 961 608 metallorum
971 549 1036 611 iera
1049 554 1137 615 omnia

110 650 128 693 ι,
141 651 175 687 ιιι
186 648 248 706 ιιι,
265 638 398 708 septumo
413 629 559 691 volumine
575 630 705 691 diximus.
734 628 921 709 Praecipuum
935 634 1056 708 gratiam
1072 634 1163 699 boica

151 716 287 774 materiae
309 714 401 774 iuissa
416 714 542 773 arbitror
562 731 620 773 non
640 712 760 790 colore,
783 714 831 790 qui
850 712 957 773 clarior
971 716 1001 776 in
1014 727 1137 794 argento

152 805 198 859 est
212 798 361 876 magisque
378 797 436 859 diei
454 796 572 873 similis,
587 796 656 856 ideo
671 796 840 855 militaribus
852 796 949 873 signis
960 798 1137 879 familiarior,

151 882 284 959 quonium
298 880 413 958 longius
428 879 533 957 iulget,
547 880 699 941 manifesta
715 896 818 940 errore
833 896 934 939 corum
945 882 993 958 qni
1007 883 1138 946 colorem

150 965 275 1025 siderum
297 963 443 1042 placuisse
462 964 492 1022 in
512 979 582 1022 auro
599 963 789 1035 arbitrantur,
810 980 873 1022 eum
891 964 921 1022 iu
934 982 1047 1041 gemma
1060 968 1138 1029 aliis·

109 1056 142 1111 59
155 1065 212 1129 que
232 1046 320 1107 rebus
341 1062 400 1106 nou
422 1046 460 1105 sit
479 1048 661 1124 praecipuus.
696 1064 752 1106 neo
772 1047 902 1124 pondere
925 1055 973 1107 aut
996 1050 1173 1115 facilitatem

148 1131 287 1189 materiae
316 1128 474 1206 praelatum
499 1137 545 1189 est
572 1131 682 1190 ceteris
707 1129 852 1206 metallis,
882 1148 946 1189 enm
971 1132 1055 1193 cedat
1082 1152 1136 1212 per

110 1262 122 1290 ,
150 1221 300 1288 utrumque
322 1210 459 1289 plumbo,
486 1211 539 1271 sed
566 1214 631 1291 quia
654 1230 750 1273 rerum
772 1215 819 1273 uni
837 1212 906 1273 nibil
928 1213 998 1292 igne
1019 1215 1135 1295 deperit

152 1296 237 1354 etiam
256 1295 284 1351 in
308 1293 447 1365 incendiis
470 1296 618 1373 rogisque.
655 1297 722 1373 quin
742 1297 826 1356 immo
850 1315 907 1375 quo
930 1300 1048 1377 saepius
1063 1303 1134 1360 arsit

149 1378 263 1455 prolicit
283 1377 318 1437 ad
332 1377 508 1454 bonitatem,
528 1380 648 1457 aurique
669 1380 897 1457 experimentum
915 1382 992 1457 ignis
1017 1391 1078 1460 est,
1103 1394 1134 1443 ut

150 1460 235 1519 simili
252 1461 352 1522 colore
367 1460 470 1521 rubeat
484 1463 691 1540 ignescatque,
708 1471 738 1523 et
748 1463 841 1540 ipsum
856 1464 1006 1525 obrussam
1020 1477 1131 1528 vocant.
1143 1493 1171 1532 aa

83 1574 87 1586 ι
107 1546 270 1622 caprimum
295 1552 388 1605 autem
413 1545 551 1605 bonitatis
569 1554 765 1623 argumentum
792 1564 875 1623 quam
901 1548 1064 1609 difficillime
1087 1568 1133 1610 ac·

148 1627 239 1687 cendi,
276 1636 430 1706 praeterea
449 1630 548 1687 mirum
571 1646 680 1706 prunae
703 1628 904 1689 violentissimi
923 1630 994 1708 ligni
1014 1632 1133 1693 indomi-
1154 1678 1161 1689 .

149 1719 206 1770 tum
219 1710 302 1790 palea
316 1712 453 1771 citissime
466 1712 632 1788 ardescere,
645 1721 731 1791 atque
746 1722 777 1771 ut
788 1722 928 1791 purgetur
942 1731 1003 1773 cum
1015 1714 1131 1792 plumbo

92 1846 94 1855 ,
149 1795 243 1873 coqui.
264 1794 355 1854 altera
370 1812 456 1855 causa
472 1798 547 1873 preti
562 1797 662 1870 maior,
678 1795 754 1873 quod
768 1797 919 1856 minumum
934 1815 1000 1857 usus
1014 1798 1133 1877 deterit,

149 1896 211 1937 cum
232 1884 373 1953 argento,
393 1894 478 1953 aere,
501 1878 618 1955 plumbo
639 1878 725 1939 liniae
748 1878 956 1957 praeducantur
976 1898 1131 1960 manusque
1141 1906 1170 1945 ao

107 1960 321 2026 61sordescant
340 1960 459 2020 decidua
479 1962 606 2020 materia.
645 1980 699 2022 nec
722 1961 798 2022 aliud
821 1962 913 2021 laxius
935 1962 1069 2024 dilatatur
1084 1975 1132 2025 aut

149 2044 327 2104 numerosius
352 2042 503 2119 dividitur,
528 2051 630 2121 utpote
656 2045 736 2103 ouius
762 2047 863 2106 unciae
888 2048 917 2105 iu
943 2050 1130 2126 septingenas

148 2128 362 2203 quinquagenas
383 2125 532 2204 plurisque
552 2126 680 2199 bratteas
696 2136 865 2204 quaternum
886 2138 1012 2208 utroque
1028 2129 1131 2208 digito·
1190 2192 1196 2200 „

148 2226 208 2268 rum
222 2216 401 2285 spargantur.
436 2210 633 2271 crassissimae
655 2228 692 2270 ex
710 2212 745 2270 iis
766 2207 971 2273 Praenestinae
991 2225 1132 2274 vocantur

148 2292 298 2351 etiamnum
325 2294 470 2351 retinente
497 2310 601 2353 nomeu
632 2293 776 2353 Fortunae
805 2296 935 2354 inaurato
964 2295 1168 2363 fidelissimees

106 2374 188 2438 caim
208 2373 369 2456 simulacro.
406 2392 544 2454 proxuma
558 2376 671 2437 brattea
682 2380 856 2454 quaestoria
877 2377 1048 2455 appellatur.
1082 2380 1131 2439 lli-

148 2459 246 2536 spania
256 2457 383 2534 strigiles
395 2460 547 2518 vocatauri
560 2460 693 2537 parvolas
704 2478 819 2528 massas.
833 2478 921 2538 super
933 2464 1026 2522 omnia
1038 2463 1130 2523 solum

147 2542 176 2599 in
190 2557 283 2600 massa
298 2549 346 2599 aut
359 2550 488 2601 ramento
505 2544 623 2619 eapitur.
648 2562 710 2603 cum
720 2552 818 2604 cetera
831 2544 860 2601 in
874 2544 997 2604 metallis
1013 2555 1130 2625 reperta

146 2625 205 2701 igni
218 2624 417 2701 perficiantur,
433 2624 489 2685 hcc
504 2627 598 2684 statim
613 2644 709 2685 aurum
723 2634 769 2685 est
783 2635 1059 2706 consummatamque
1073 2648 1129 2689 ma·

148 2708 247 2767 teriam
262 2725 341 2767 suam
353 2710 485 2786 protinus
499 2707 597 2785 habet,
612 2728 674 2769 cnm
685 2710 724 2769 ita
739 2711 890 2770 invenitur.
908 2710 980 2770 liaeo
997 2714 1071 2771 enim
1086 2714 1163 2775 insa

1 2802 4 2813 '
105 2809 128 2843 ιι
139 2817 180 2854 ιιι.
191 2793 289 2851 ventio
307 2792 368 2851 eius
384 2790 518 2851 naturalis
539 2799 594 2867 est,
610 2792 665 2851 alia
676 2809 759 2868 quam
770 2792 895 2852 dicemus
907 2803 1016 2854 coacta.
1040 2815 1129 2874 super

147 2878 244 2933 cetera
260 2891 316 2933 nun
331 2874 434 2952 robigo
449 2874 526 2948 ulla,
543 2892 599 2952 non
614 2892 742 2951 aerugo,
755 2893 811 2934 non
825 2874 900 2935 aliud
916 2895 954 2936 ax
968 2878 1033 2956 ipso
1051 2879 1129 2957 quod

144 2965 293 3016 ¹consumat
313 2957 469 3016 bonitatem
488 2958 631 3017 minuatve
655 2957 773 3034 pondus.
809 2959 863 3017 iam
886 2969 987 3043 contra
1008 2962 1077 3021 salis
1097 2971 1128 3022 et

146 3041 220 3099 aceti
248 3056 333 3099 sucos
360 3039 517 3099 domitores
539 3058 634 3099 rerum
657 3043 831 3117 constantia,
860 3060 1005 3121 superque
1033 3047 1127 3105 omnia

104 3130 232 3185 canetur
257 3139 290 3180 ac
310 3124 417 3183 texitur
443 3121 525 3182 lanae
544 3122 629 3181 modo
650 3124 698 3182 vel
722 3126 784 3185 siue
810 3124 881 3185 lana.
923 3128 1016 3186 tunica
1039 3146 1164 3189 aureaas

145 3202 333 3280 triumphasse
348 3203 529 3281 Tarquinium
542 3204 670 3265 Priscum
683 3204 804 3267 Verrius
819 3207 913 3268 docet.
939 3226 993 3268 nos
1007 3212 1136 3271 vidimus-

146 3287 331 3363 Agrippinam
344 3285 442 3346 Claudi
460 3290 597 3366 principis
614 3289 719 3350 edente
735 3307 772 3350 eo
786 3290 893 3350 navalis
905 3292 1000 3370 proeli
1014 3304 1127 3372 specta·

145 3369 237 3427 culum
251 3369 426 3429 adsidentem
445 3372 471 3429 ei
492 3371 613 3431 indutam
630 3372 830 3451 paludamento
847 3390 936 3452 aureo
954 3378 1047 3437 textili
1063 3380 1127 3437 siue
