2484 3817
137 97 197 160 168
480 105 509 153 1.
523 105 619 185 sarm
637 103 785 153 sscnsnr
839 123 840 126 =
921 151 922 158 χ

196 264 278 341 (53.)
295 260 403 320 Similis
429 261 569 337 adspectu
595 266 659 336 est,
687 257 818 320 sednon
846 260 976 320 eiusdem
1000 261 1130 340 effeetus,

136 365 210 425 quae
227 353 348 405 vocatur
361 344 443 406 leros
460 343 525 404 alba
539 344 679 420 nigraque
697 342 805 402 macula
819 343 847 402 in
860 350 1022 404 traversum
1034 346 1131 406 distin·

135 429 291 507 guentihus
307 427 481 504 crystallum.

142 578 144 585 .
198 510 282 591 (54.)
301 511 452 589 Expositis
464 527 518 588 per
529 527 640 585 genera
651 508 781 569 colorum
792 509 999 588 principalibus
1012 516 1131 590 gemmis

136 595 264 673 reliquas
276 613 331 674 per
345 595 505 654 litterarum
521 593 652 653 ordinem
667 591 885 670 explicabimus.
1140 623 1154 660 5
1189 616 1194 627 ·

93 690 146 745 139
207 679 255 739 10.
278 677 406 738 Achates
424 679 453 736 in
467 693 569 753 magna
582 677 637 735 fuit
652 676 837 753 auctoritate,
853 694 926 737 nunc
942 679 972 738 in
984 678 1060 740 nulla
1076 689 1133 758 est,

137 773 256 841 reperta
273 763 392 840 primum
408 762 438 820 in
449 759 548 820 Sicilia
560 760 639 818 iuxta
650 759 754 818 flumen
767 759 896 820 eiusdem
908 763 1043 840 nominis,
1055 772 1132 842 post-

137 865 172 907 ea
185 846 322 925 plurumis
337 846 367 905 in
382 846 481 920 terris,
498 841 644 904 excedens
661 842 859 920 amplitudine,
875 863 1029 905 numerosa
1043 850 1134 907 varie·

137 931 243 989 tatibus
264 928 438 988 mutantibus
455 927 628 1004 cognomina
649 927 722 986 eius.
762 935 886 986 vocatur
900 929 976 987 enim
993 930 1133 1008 iaspacha·

137 1022 201 1089 tes,
218 1011 405 1087 cerachates,
421 1010 690 1087 smaragdachates,
703 1008 924 1087 haemachates,
941 1011 1133 1092 leucachates,
1146 1039 1171 1077 m
1202 1010 1203 1066 l

138 1095 347 1157 dendrachates
366 1111 439 1171 qnae
456 1093 538 1153 velut
556 1093 719 1153 arbusculis
738 1095 862 1170 insignis
880 1103 936 1171 est,
952 1096 1134 1157 aethachates
1203 1086 1204 1130 l

137 1199 229 1258 qnae,
249 1196 311 1238 cum
330 1179 440 1253 uritur,
453 1194 577 1235 murram
591 1176 724 1252 redolet,
740 1177 969 1238 coralloaehates
984 1182 1073 1256 guttis
1089 1200 1136 1240 au·

138 1265 199 1322 reis
214 1261 323 1339 sappiri
339 1259 426 1319 modo
444 1277 557 1338 sparsa,
573 1259 666 1336 qualis
683 1262 887 1338 copiosissima
903 1263 931 1321 in
947 1260 1044 1339 Creta,
1063 1280 1135 1341 qnae

96 1353 285 1408 1101111111
300 1343 471 1422 appellatur.
497 1341 599 1402 Putant
612 1351 715 1404 contra
729 1361 897 1404 araneorum
910 1353 940 1404 et
952 1348 1135 1424 scorpionum

137 1431 213 1488 ictus
227 1445 291 1487 eam
307 1426 462 1507 prodesse,
476 1425 553 1505 quod
568 1427 597 1484 in
613 1425 718 1486 Siculis
734 1429 830 1504 utiquc
848 1426 1030 1503 crediderim,
1045 1447 1174 1505 quon-15

137 1514 192 1572 iam
215 1514 335 1591 primum
359 1513 422 1571 eius
445 1511 614 1588 provinciae
639 1509 745 1570 adflatu
767 1511 944 1587 scorpionum
967 1513 1060 1586 pestis
1082 1529 1133 1569 ex-

139 1597 302 1673 stinguitur.
329 1603 359 1654 et
370 1593 491 1654 inludia
505 1595 651 1654 invenitur
666 1602 768 1654 contra
784 1593 882 1653 eadem
895 1591 1007 1670 pollens
1020 1595 1130 1669 magnis

139 1689 169 1739 et
184 1680 248 1738 aliis
263 1678 417 1737 miraculis.
443 1676 566 1736 reddunt
584 1679 660 1736 enim
676 1677 821 1737 fluminum
836 1677 962 1754 species,
975 1693 1131 1752 nemorum,

139 1765 339 1822 iumentorum.
378 1762 434 1820 ianr
454 1779 472 1819 e
494 1778 581 1819 cerea
601 1760 734 1821 staticula
756 1769 786 1820 et
808 1777 946 1838 equorum
960 1768 1135 1836 ornamenta,

138 1845 242 1905 medici
268 1844 334 1904 inde
363 1861 455 1922 aeque
474 1842 621 1904 coteculas
645 1844 770 1919 faciunt,
796 1861 860 1903 nam
881 1851 1032 1922 spectasse
1052 1845 1176 1905 etiamen

97 1942 146 1992 111
160 1929 281 2006 prodest
296 1927 396 1986 oculis.
419 1927 496 1985 sitim
514 1943 631 2004 quoque
645 1927 747 1990 sedant
761 1929 790 1986 in
806 1945 840 1986 os
855 1926 977 1988 additae.
996 1926 1137 2004 Phrygiae

139 2011 241 2071 viridia
264 2028 322 2070 non
347 2010 473 2069 habent.
500 2009 608 2070 Thebis
629 2010 786 2088 Aegpptiis
813 2019 951 2089 repertae
974 2019 1137 2071 11111111-
1210 2067 1213 2074 .

140 2095 276 2155 bentibus
291 2095 375 2153 venis
394 2102 423 2152 11
437 2093 521 2152 albis.
558 2111 611 2154 eae
631 2112 747 2172 quoque
763 2102 865 2154 contra
880 2096 1054 2173 scorpiones
1071 2093 1140 2153 uali-

139 2179 203 2238 dae.
230 2176 332 2237 eadem
347 2178 504 2237 auctoritas
520 2184 551 2236 et
566 2175 691 2255 Cypriis.
719 2186 785 2241 sunt
803 2179 851 2255 qui
865 2196 995 2238 maxume
1012 2177 1140 2256 probent

141 2263 262 2321 vitream
283 2261 531 2338 perspicuitatem.
567 2262 754 2338 reperiuntur
779 2269 809 2320 et
833 2262 863 2320 in
887 2261 1038 2321 Trachinia
1061 2262 1139 2320 circa
1154 2282 1181 2320 ze

142 2344 244 2406 Oetam
259 2351 289 2427 11
306 2345 336 2402 in
353 2342 480 2403 Parnaso
496 2352 526 2403 et
539 2344 570 2402 in
582 2342 680 2403 Lesbo
695 2352 726 2404 et
746 2345 774 2403 in
789 2342 925 2404 blessene
941 2345 1051 2404 similes
1066 2343 1141 2403 limi·

97 2426 352 2502 11111111111111
366 2434 396 2485 et
408 2425 558 2486 inRhodo.
578 2427 663 2487 Aliae
677 2426 862 2506 apndblagos
876 2426 1056 2488 differentiae
1073 2437 1142 2487 1111

140 2512 236 2572 iniis:
265 2528 339 2588 qnae
359 2509 484 2569 leoninis
506 2509 631 2587 pellibus
647 2511 757 2571 similes
779 2512 964 2590 reperiuntur
979 2513 1142 2589 potentiam

140 2595 251 2654 habere
265 2601 367 2653 contra
381 2595 552 2670 scorpiones
567 2592 673 2654 dicunt.
694 2596 723 2653 in
733 2593 833 2654 Persis
847 2611 919 2654 vero
932 2596 1029 2654 suffitu
1041 2611 1142 2653 eurum

141 2684 333 2756 tempestates
354 2677 446 2737 averti
470 2684 500 2734 et
517 2685 685 2754 presteras,
706 2677 820 2738 llumina
835 2679 908 2738 sisti.
941 2684 1142 2755 argumentum
1155 2694 1185 2736 eo

142 2781 228 2836 esse,
243 2760 312 2819 siin
328 2760 469 2820 ferventis
485 2761 612 2820 cortinas
626 2760 739 2822 additae
754 2760 942 2838 refrigerent,
957 2761 1009 2821 sed
1025 2768 1056 2819 ut
1070 2775 1142 2837 pro·

142 2848 199 2904 sint
225 2843 350 2902 leoninis
372 2844 448 2903 iubis
468 2842 682 2921 adalligandas,
708 2861 771 2903 nam
789 2843 920 2919 hyaenae
946 2845 1059 2904 additae
1084 2842 1140 2901 ab·

88 2997 93 3003 ,
143 2929 302 2987 ominantur
320 2925 492 2986 discordiam
509 2926 648 2990 domibus.
675 2944 738 2987 eam
751 2944 824 2987 vero
842 2944 917 3004 quae
931 2929 1013 2986 unius
1028 2926 1142 2986 coloris

143 3013 181 3070 sit
197 3011 330 3069 inuictam
345 3009 462 3070 athletis
475 3028 554 3070 esse.
576 3019 783 3088 argumentum,
794 3010 870 3087 quod
887 3011 916 3070 in
927 3010 1013 3070 ollam
1025 3009 1142 3088 plenam

143 3095 202 3153 olei
224 3094 336 3152 coiecta
355 3109 418 3151 curn
439 3093 612 3170 pigmentis,
631 3095 704 3152 intra
728 3093 797 3153 duas
816 3093 904 3152 horus
918 3093 1136 3165 subfervefacta
1150 3116 1180 3156 ss

100 3186 152 3240 143
162 3192 245 3234 unum
261 3174 392 3234 colorem
407 3193 446 3235 en
459 3175 591 3235 omnibns
605 3177 692 3248 faciat
705 3177 782 3236 mini.
809 3175 930 3253 Acopos
945 3178 1023 3235 nitro
1035 3173 1141 3234 similis

143 3265 205 3331 est,
224 3258 390 3333 pumicosa,
411 3258 503 3334 guttis
522 3260 619 3317 aureis
640 3257 764 3318 stellata.
805 3275 869 3316 cnm
889 3258 942 3317 hac
958 3259 1055 3319 oleum
1070 3257 1142 3320 sub-

143 3337 332 3398 fervefactum
362 3340 510 3416 perunctis
537 3339 751 3418 lassitudinem,
785 3341 810 3400 si
843 3339 1003 3418 credimus,
1038 3341 1141 3402 solvit.
