2484 3817
328 211 409 258 nar.
425 210 518 260 mar.
534 212 619 262 xxx.
636 208 661 263 7.
679 209 706 269 8,.
721 200 875 279 (bn—uu.)
1031 204 1093 271 245

94 368 164 427 item
183 364 267 439 hydri
280 365 362 425 iecur
374 364 435 425 bibi
446 365 496 426 vel
509 367 696 445 scorpionum
713 366 840 427 cinerem
855 376 902 427 sut
916 369 946 431 iu
959 388 1035 449 pane
1047 390 1094 431 su-

93 451 148 527 mi,
171 449 220 509 vel
236 449 261 507 si
277 451 342 527 quis
358 467 423 509 cum
437 449 551 511 locusta
565 450 634 509 edit.
668 448 787 527 lapillos
803 451 894 528 quiin
910 454 1087 530 gallinaceo
1101 464 1134 519 67

92 552 156 595 rum
172 534 273 594 vesica
289 541 337 595 aut
356 535 385 591 iu
403 532 576 611 palumbium
596 532 759 593 ventriculo
774 534 955 598 inveniantur
970 541 1095 615 conteri,

92 620 122 679 in
132 619 283 697 potionem
294 618 435 695 inspergi,
451 619 519 677 item
529 616 724 677 membranam
736 635 752 676 e
766 619 927 680 ventriculo
939 622 1095 699 gallinacei

69 701 203 765 amidam
216 700 277 776 vel,
296 701 322 761 si
336 719 441 761 recens
458 703 503 778 sit,
520 710 635 763 tostam.
664 702 758 761 limum
774 717 889 780 qnoque
902 705 1095 782 palumbinum
1112 710 1115 720 '

91 788 121 847 iu
135 786 205 846 laba
220 785 293 845 sumi
312 794 412 845 contra
426 785 556 845 calculos
573 794 603 845 et
617 784 689 846 alias
705 784 892 845 difficultates
906 780 1036 865 vesicae,
1057 792 1094 851 si-

90 871 200 931 militer
209 868 368 948 plumarum
386 870 512 928 cinerem
525 868 699 947 palumbium
713 868 842 927 ferorum
856 888 893 929 ex
907 880 992 932 aceto
1001 873 1094 933 mulso

23 946 27 955 “
93 963 122 1014 et
135 954 338 1013 intestinorum
354 971 393 1013 ex
406 952 450 1011 his
466 953 592 1013 cinerem
609 952 791 1012 coclearibus
805 953 907 1013 tribus.
935 972 952 1013 e
968 956 1036 1015 nido
1051 956 1091 1015 hi·
1104 965 1138 1020 68

92 1038 246 1099 rundiuum
261 1035 427 1113 glaebulam
442 1036 559 1099 dilutam
579 1054 654 1113 aqua
675 1035 783 1112 calida,
806 1037 944 1115 ossifragi
964 1049 1099 1099 ventrem

61 1122 273 1196 voareiactum,
289 1121 406 1181 turturis
426 1121 521 1181 limum
536 1123 566 1180 iu
578 1119 673 1179 mulso
689 1119 842 1180 decoctum
856 1121 904 1181 rel
925 1124 1018 1200 ipsius
1038 1123 1095 1183 dis'·

93 1214 198 1266 coctae
215 1206 271 1263 ius.
304 1204 405 1264 turdos
423 1220 539 1282 quoqne
559 1204 657 1263 edisse
679 1220 742 1263 oum
765 1203 846 1263 bacis
867 1208 951 1281 myrti
974 1207 1096 1285 prodest

92 1292 208 1365 urinae,
224 1286 341 1348 cicadas
355 1297 445 1348 tostas
459 1290 487 1347 in
505 1287 637 1366 patellis,
658 1286 823 1365 milipedam
847 1292 968 1351 oniscon
983 1289 1095 1349 bibisse

95 1383 124 1432 et
141 1373 170 1433 in
189 1372 311 1431 vesicae
329 1370 477 1432 doloribus
494 1371 648 1432 decoctum
663 1372 832 1447 agninorum
849 1373 966 1450 pedum,¹
990 1374 1096 1433 hirom

98 1457 152 1516 ciet
170 1455 402 1533 gallinaceorum
422 1455 616 1515 discoctorum
635 1457 680 1514 ius
702 1464 731 1514 et
751 1457 830 1516 acria
850 1457 959 1533 mollit,
987 1461 1044 1518 ciet
1067 1466 1097 1517 et

64 1555 88 1597 ιι
97 1539 275 1599 hirundinum
290 1539 383 1599 limum
398 1539 512 1600 adiecto
526 1539 615 1599 melle
632 1538 783 1598 subditum.

156 1622 244 1702 (22.)
264 1622 349 1683 Sedis
365 1625 442 1683 vitiis
457 1624 660 1683 efficacissima
677 1630 742 1680 sunt
756 1638 908 1698 oesypum,
920 1654 964 1669 ·-
978 1622 1093 1703 quidam
1105 1633 1139 1691 69

94 1706 220 1767 adiciunt
242 1706 469 1785 pompholygem
486 1716 516 1765 et
529 1722 697 1779 rosaceum,
718 1735 761 1749 —
777 1705 871 1762 canini
893 1707 995 1784 eapitis
1013 1710 1095 1782 cinis,

94 1798 216 1851 senecta
230 1791 375 1869 serpentis
392 1808 430 1849 ex
446 1797 543 1864 aceto,
560 1788 584 1846 si
599 1786 745 1862 rhagades
762 1788 828 1860 sint,
842 1788 913 1847 cinis
931 1789 987 1847 fimi
1003 1792 1096 1849 canini

97 1872 209 1933 candidi
236 1891 300 1933 cum
320 1890 445 1934 rosaceo
465 1904 508 1918 --
529 1871 607 1931 aiunt
626 1871 771 1929 inventum
784 1870 943 1950 Aesculapi
959 1888 1026 1931 esse
1049 1888 1097 1932 eo-

36 1951 49 1978 ⁰
60 1956 220 2033 aedemque
236 1966 266 2016 et
279 1974 420 2017 verrucas
438 1955 640 2015 efficacissime
654 1954 718 2013 tolli
732 1988 793 2029 -,
816 1956 917 2014 murini
935 1956 992 2015 dmi
1013 1957 1097 2031 cinis,

96 2038 180 2119 adips
193 2042 292 2117 cygni,
301 2040 385 2118 adips
395 2039 500 2099 bovae.
516 2038 698 2117 procidentia
711 2037 749 2097 ibi
759 2056 845 2097 sucus
854 2039 1018 2099 coclearum
1026 2058 1096 2118 pnn-

94 2125 151 2185 ctis
158 2133 300 2183 evocatus
308 2124 387 2183 inlitu
393 2123 523 2202 repellit.
539 2122 642 2182 attritis
650 2122 782 2183 medetur
789 2124 861 2182 ciuis
873 2126 961 2183 muris
975 2123 1098 2183 silvatici
1106 2132 1141 2187 70

95 2226 161 2269 cum
176 2207 274 2282 melle,
290 2203 329 2267 iel
345 2208 473 2267 irenacei
491 2224 555 2266 cum
573 2206 791 2284 vespertilionis
806 2206 929 2266 cerebro
948 2216 976 2266 et
993 2208 1096 2267 canino

94 2292 188 2367 lacte,
212 2290 297 2368 adips
326 2294 475 2350 anserinus
498 2308 560 2349 cum
580 2289 706 2349 cerebro
728 2298 758 2349 et
778 2289 901 2349 alumine
921 2298 950 2349 et
972 2307 1095 2369 oesypo.

57 2396 85 2438 aa
94 2375 194 2435 dmum
209 2373 400 2433 columbinum
413 2390 476 2434 num
491 2374 589 2448 melle,
606 2374 816 2448 condylomatis
829 2375 963 2453 privatim
975 2391 1099 2433 araneus

86 2458 215 2536 'dempto
244 2459 338 2536 capite
368 2458 546 2537 pedibusque
571 2450 736 2517 infricatus*
770 2456 816 2515 Ne
844 2460 923 2517 acria
952 2464 1097 2534 perurant,

91 2542 180 2621 adips
201 2541 353 2600 anserinus
373 2558 436 2600 cnm
463 2560 531 2602 cera
552 2540 668 2613 Punica,
687 2556 823 2617 cerussa,
849 2556 991 2612 rosaceo,
1015 2538 1098 2615 adips

91 2627 195 2703 cygni.
231 2624 306 2683 haec
327 2633 356 2683 et
377 2624 612 2685 haemorrhoidas
635 2641 738 2685 sanare
751 2623 891 2684 dicuntur.
909 2620 1094 2682 'ischiadicis
1106 2628 1139 2683 71

93 2703 218 2769 cocleas
243 2705 346 2767 crudas
363 2711 444 2767 tritas
460 2726 522 2767 cum
536 2710 604 2767 vino
621 2708 744 2767 Amineo
761 2717 789 2767 et
804 2709 907 2787 pipere
924 2714 995 2784 potu
1012 2703 1097 2781 prod·

55 2810 165 2858 messe
181 2792 298 2864 dicunt,
313 2791 450 2868 lacertam
467 2792 586 2852 viridem
604 2792 633 2849 iu
650 2790 716 2850 cibo
731 2790 834 2850 ablatis
854 2788 993 2867 pedibus,
1011 2790 1099 2845 inter·

90 2878 198 2951 aneis,
221 2877 334 2951 capite,
357 2876 399 2932 sio
422 2883 452 2935 et
463 2875 617 2935 stelionem
636 2874 757 2933 adiectis
773 2874 839 2933 huie
854 2872 1011 2949 papaveris
1024 2871 1099 2945 nigri

91 2959 198 3020 obolis
211 2956 316 3033 tribus,
332 2959 433 3034 ruptis,
448 2958 597 3020 convolsis
611 2956 652 3017 iel
664 2958 759 3017 ovium
772 2974 835 3015 cnm
848 2954 924 3013 lacte
940 2952 1098 3012 mulierum.

88 3041 302 3104 Vereudorum
333 3039 578 3102 formicationibus
605 3042 796 3118 verrucisque
824 3037 956 3097 medetur
981 3036 1095 3094 arietini
1108 3043 1142 3097 ta

90 3126 247 3208 pulmonis
262 3124 381 3182 inassati
398 3126 502 3199 sanies,
522 3125 628 3182 ceteris
646 3124 722 3181 vitiis
737 3123 877 3197 vellerum
892 3123 954 3180 eins
970 3118 1019 3178 vel
1036 3132 1098 3177 sor·

52 3226 81 3273 at
91 3210 235 3273 didornm
251 3208 323 3267 cinis
339 3222 377 3264 ex
391 3224 472 3284 aqna,
490 3208 589 3266 sebum
607 3224 645 3264 ex
659 3215 774 3264 omento
790 3202 923 3281 pecudis,
942 3205 1100 3282 praecipue

91 3315 110 3356 a
126 3292 263 3366 renibus,
276 3290 400 3350 admixto
411 3291 533 3367 pumicis
548 3291 646 3347 cinere
658 3295 687 3346 et
702 3287 775 3362 sale,
791 3287 854 3346 lana
868 3286 966 3346 sucida
980 3302 1017 3344 ex
1026 3300 1099 3361 aqua

88 3374 217 3455 frigida.
252 3390 355 3433 earnes
374 3373 493 3451 pecudis
506 3371 675 3431 combustae
697 3386 734 3428 ex
755 3385 845 3446 aqua,
866 3366 959 3428 mulne
980 3367 1100 3443 ungula·

89 3479 163 3524 rum
180 3460 272 3531 cinis,
290 3456 385 3516 dentis
403 3455 535 3515 caballini
553 3452 683 3512 coutunsi
702 3452 793 3510 iarlna
813 3448 1101 3532 inspersa-restibus
1186 3474 1191 3483 ·
