2484 3817
191 186 252 247 192
320 234 322 238 .
532 193 563 241 c.
578 192 674 241 annm
688 190 836 243 sncnnos

148 361 199 416 196
263 350 310 411 13.
333 349 415 428 (54.)
437 348 619 407 Stomachum
643 344 836 405 exulceratum
862 343 945 404 lactis
964 340 1065 400 asinini
1084 348 1172 418 pctus

189 434 294 508 reiicit,
309 434 375 491 item
389 431 496 507 bubnli,
517 432 649 489 rosiones
666 429 727 487 eins
742 444 810 487 caro
825 424 929 485 bubula
947 424 1070 483 admixto
1086 433 1171 483 aceto

190 526 220 575 et
232 519 299 575 vino
315 524 416 588 cocta,
434 513 653 572 rheumatismos
670 528 773 569 cornus
789 510 897 570 cervini
912 509 1001 583 cinis,
1023 507 1172 583 sanguinis

190 600 408 659 exscreationes
424 596 561 655 haedinus
576 612 680 655 recens
692 594 727 653 ad
748 591 867 667 cyathos
882 601 980 653 ternos
1003 607 1065 649 cum
1086 598 1172 650 aceto

192 684 251 742 acri
275 682 336 759 pari
358 679 442 739 modo
472 679 590 737 fervens
612 687 712 756 potus,
737 675 891 751 coagulum
920 674 1004 733 tertia
1026 681 1107 751 parte
1136 690 1197 733 ens

152 772 297 829 197aceto
321 772 428 841 potum.
457 762 561 839 (55.)’
575 760 711 820 iocineris
734 758 851 818 dolores
875 758 933 835 lnpi
959 758 1040 815 iocur
1065 754 1175 815 aridum

190 864 229 906 en
242 838 350 921 mulso,
379 845 450 904 asini
475 845 558 902 iocur
572 842 680 903 aridum
695 859 757 901 cunr
775 838 944 919 petroselini
959 838 1088 916 partibus
1104 838 1174 899 dua-

188 929 242 989 lhrs
263 938 293 988 et
312 928 433 987 nucibus
453 926 546 985 tribus
568 944 606 985 ex
626 924 712 985 melle
735 926 828 983 tritum
851 924 923 995 etin
939 920 1004 980 cibo
1020 930 1173 998 sumptum,

189 1014 305 1089 sanguis
321 1011 446 1069 hircinus
459 1008 525 1067 cibo
540 1018 662 1086 aptatus.
692 1007 858 1083 suspiriosis
872 1012 937 1065 ante
953 1005 1045 1064 omnia
1068 1004 1175 1064 eilicax

191 1105 236 1155 est
253 1104 337 1172 potus
356 1092 550 1167 equiferorum
565 1092 726 1167 sanguinis,
743 1106 881 1166 proxume
899 1088 981 1147 lactis
1006 1087 1104 1147 asinini
1130 1097 1208 1146 te-ro

74 1225 76 1228 .
189 1177 259 1256 pidi,
273 1174 370 1234 bubuli
386 1174 501 1233 decocti
515 1177 553 1234 ita
570 1183 601 1233 nt
617 1190 712 1233 serum
724 1191 761 1231 ex
777 1189 812 1231 eo
829 1172 949 1245 bibatur,
965 1169 1059 1229 addito
1076 1173 1105 1229 in
1123 1172 1176 1230 tris

188 1260 317 1319 heminas
332 1257 435 1331 cyatho
450 1259 569 1317 nasturti
580 1257 690 1333 perinsi
705 1272 787 1332 equa,
803 1254 869 1314 dein
884 1250 969 1313 melle
982 1252 1071 1312 diluti.
1093 1254 1176 1313 iocur

190 1358 306 1418 quoqne
322 1340 467 1417 volpinum
484 1350 531 1399 sut
546 1340 642 1417 pulmo
657 1341 685 1397 in
701 1340 767 1397 vino
784 1340 866 1414 nigro
888 1344 934 1397 out
948 1336 990 1396 iel
1004 1338 1130 1397 ursinum
1145 1338 1175 1395 in

190 1442 264 1503 aqna
280 1423 358 1482 laxat
373 1433 483 1482 meatus
498 1422 634 1501 spirandi.
943 1464 945 1469 -

149 1518 200 1572 198
261 1505 345 1583 (56.)
367 1505 660 1565 humbornmdolores
671 1513 904 1583 etquaecumqne
915 1503 972 1563 alia
984 1501 1087 1561 molliri
1100 1520 1174 1579 opus
1188 1520 1210 1559 rs

160 1645 163 1651 ,
191 1591 227 1649 sit
241 1590 339 1648 ursino
358 1588 442 1667 adipe
465 1588 564 1648 fricari
587 1589 737 1663 convenit,
758 1589 883 1646 sinerem
906 1587 1005 1665 apruni
1030 1594 1076 1644 ant
1096 1586 1175 1645 suilli

190 1674 247 1732 limi
267 1673 417 1732 inveterati
438 1672 575 1749 adspergi
598 1673 707 1748 potioni
732 1671 799 1729 vini.
830 1670 971 1729 Adiernnt
985 1677 1014 1728 et
1028 1669 1106 1745 Magi
1121 1686 1176 1729 sna
1237 1689 1239 1694 ·

191 1764 365 1815 commenta:
391 1756 512 1833 primurn
532 1757 655 1813 omnium
670 1754 777 1814 rabiem
793 1753 955 1829 hircorum,
978 1755 1003 1811 si
1016 1752 1175 1813 mulceatur

190 1838 297 1910 barbe,
320 1839 459 1913 mitigari,
482 1838 582 1897 eadem
604 1839 734 1915 praecisa
758 1855 815 1897 non
837 1836 916 1895 abire
935 1852 990 1895 cos
1007 1837 1034 1893 in
1050 1834 1175 1893 alienum

189 1939 321 1999 gregem.
352 1921 418 1979 huic
438 1921 594 1980 admiscent
608 1922 701 1981 limum
719 1922 863 1997 caprinum
878 1928 907 1977 et
921 1917 1034 1978 subdito
1052 1918 1173 1978 linteolo
1184 1940 1211 1979 no

190 2012 278 2062 uncto
291 2019 361 2061 caua
372 2020 454 2061 manu
468 2013 599 2080 quantum
611 2006 670 2080 pati
684 2006 777 2081 pcssit
788 2004 904 2062 fervens
918 2003 1057 2060 sustinere
1074 1999 1175 2061 iubent

190 2086 229 2144 ita
246 2086 333 2158 nt,·si
348 2086 430 2144 laeva
447 2102 515 2162 pars
531 2086 643 2162 doleat,
666 2087 739 2147 haec
762 2086 900 2145 medicina
919 2086 948 2145 in
968 2085 1070 2144 denna
1088 2100 1176 2143 mann

149 2180 200 2234 199
210 2169 258 2227 liat
274 2175 321 2225 aut
335 2185 351 2225 e
366 2170 521 2227 contrario.
536 2170 629 2227 unum
642 2186 755 2247 quoque
769 2166 804 2229 ad
818 2186 881 2227 eum
891 2186 970 2227 usum
983 2185 1052 2227 acus
1067 2184 1176 2229 aereas

192 2257 297 2328 punctu
310 2249 372 2308 tolli
385 2248 493 2309 iubent.
515 2250 617 2310 modus
629 2260 674 2311 est
688 2253 840 2311 curationis
848 2251 940 2310 donec
950 2267 1041 2329 vapor
1054 2249 1089 2309 ad
1104 2250 1176 2309 lum-

78 2371 79 2377 κ
190 2333 246 2392 bos
264 2333 432 2409 pervenisse
447 2335 593 2412 sentiatur,
609 2342 711 2413 postea
725 2352 834 2395 manum
847 2350 934 2413 porro
946 2344 1028 2394 tunso
1040 2332 1173 2410 inlinunt,
1186 2353 1214 2393 ns

190 2417 259 2474 item
273 2414 385 2474 lumbos
403 2418 468 2493 ipso
486 2419 551 2476 iimo
567 2435 630 2477 corn
645 2416 746 2491 melle,
771 2418 945 2495 suadentque
965 2418 993 2475 ln
1015 2434 1051 2475 eo
1068 2414 1176 2477 dolore

133 2537 134 2543 κ
191 2508 221 2557 et
235 2498 318 2562 testis
335 2497 444 2575 leporis
462 2500 612 2559 devorare.
641 2499 804 2559 ischiadicis
824 2502 916 2561 limum
936 2498 1069 2558 bubulum
1089 2500 1177 2576 inpo-

191 2590 260 2641 nnnt
275 2580 444 2640 calefactum
462 2584 491 2641 in
513 2583 592 2642 follis
612 2583 709 2642 cinare
728 2584 866 2660 ferventi,
890 2585 918 2641 in
939 2584 1047 2641 renium
1071 2580 1177 2643 dolore

191 2664 300 2742 leporis
314 2666 392 2722 renis
406 2666 510 2725 crudos
523 2666 655 2725 devorari
676 2666 788 2743 iubent,
806 2676 852 2725 ant
867 2675 946 2725 certe
962 2673 1063 2724 coctos
1077 2666 1117 2724 ita
1138 2684 1178 2731 ne

190 2746 276 2806 dente
299 2748 505 2824 contingantur.
530 2751 639 2809 ventris
657 2749 771 2827 quidem
790 2750 894 2809 dolore
912 2748 1043 2827 temptari
1065 2759 1217 2823 negantes

75 2908 81 2912 ³
192 2829 279 2889 talum
296 2830 406 2907 leporis
419 2830 559 2890 habentis.

149 2924 203 2977 200
265 2912 347 2991 (57.)
369 2911 485 2973 hienem
505 2915 586 2974 sedat
604 2914 656 2974 fel.
668 2916 730 2992 apri
745 2914 792 2973 vol
808 2914 867 2973 suis
884 2922 981 2992 potum
999 2912 1048 2972 uel
1063 2914 1178 2973 cervini

192 3012 297 3055 cornus
318 2997 389 3055 cinis
409 2998 438 3053 in
460 3006 561 3073 aceto,
585 2998 785 3057 efficacissime
806 3004 901 3056 tamen
917 2998 1092 3055 inveteratus
1115 2994 1178 3057 lien

191 3079 263 3136 asini
285 3078 323 3137 ita
345 3088 376 3139 nt
397 3082 426 3139 in
446 3080 539 3139 triduo
563 3082 700 3140 sentietur
715 3080 831 3139 utilitas.
868 3080 969 3139 asinini
990 3078 1060 3156 pulli
1077 3079 1178 3141 limum

192 3159 269 3238 qnod
284 3164 403 3239 primum
417 3161 504 3221 edidit
516 3196 559 3210 ·-
573 3162 686 3241 poleam
701 3170 805 3223 vocant
822 3162 886 3237 Syri
903 3196 945 3209 --
962 3161 1028 3220 dant
1043 3162 1070 3219 in
1087 3172 1177 3223 aceto
1189 3180 1218 3221 sc

190 3242 300 3319 mulso,
323 3246 404 3305 datur
424 3246 491 3324 eqni
510 3247 605 3322 lingua
627 3247 782 3305 inveterata
810 3263 848 3303 ex
874 3247 939 3303 vino
960 3253 1179 3319 praesentaneo

192 3326 415 3405 medicamento,
429 3340 459 3389 ut
472 3329 606 3389 didicisse
621 3347 654 3387 se
671 3347 709 3388 ex
724 3327 853 3388 barbaris
872 3326 1014 3387 Caecilius
1027 3325 1102 3385 Bion
1116 3335 1179 3387 tra·

193 3410 278 3489 didit,
302 3422 332 3474 et
352 3412 409 3474 lien
429 3412 551 3475 bnbnlus
564 3411 649 3471 simili
664 3410 767 3490 ruodo,
791 3429 894 3475 recens
916 3417 1010 3472 eutem
1025 3426 1108 3469 assus
1125 3412 1180 3473 vel
