2484 3817
265 181 809 270 ssu.msu.xxvm.1a.<so-5s)
995 183 1054 249 191Δ

68 348 231 424 danque
244 342 376 419 butyrum
396 345 538 407 emendat
566 346 677 425 spinum
699 347 812 410 aliudve
833 344 900 428 qnid
922 346 1054 409 lancibus

67 430 233 491 adhaerens
250 427 318 489 ielis
332 430 511 489 extrinsecus
527 430 594 490 iimo
609 430 772 510 perfricatis
786 440 834 493 aut
847 430 928 492 reddi
941 440 989 493 ant
1003 431 1053 491 de·

68 514 127 573 labi
146 511 271 572 tradunt.
299 518 420 571 strumas
434 512 550 572 discutit
568 512 617 572 vel
635 531 772 595 aprunum
793 514 842 575 rel
859 513 995 576 bubulum
1009 524 1067 574 te-.

67 597 166 674 pidum
181 594 300 653 inlitum.
330 595 565 671 namooagulnm
578 596 690 676 leporis
711 598 811 657 eriuo
826 599 854 657 in
869 597 988 660 linteolo
1002 616 1052 658 ex-

47 678 209 742 sulceratis
226 676 371 736 dumtaxat
389 677 544 755 inponitur.
572 678 687 741 decutit
707 688 737 739 et
755 680 879 756 ungulae
898 680 969 741 asini
985 680 1093 745 veliti

67 763 133 842 equi
150 761 225 820 cinis
239 778 277 819 ex
290 757 359 819 oleo
374 758 423 819 rel
436 777 510 838 equa
524 762 617 822 inlitus
625 771 664 825 ‚et
677 762 756 822 urina
767 762 908 823 calefacta
923 771 952 821 et
969 761 1053 823 bovis

66 844 195 921 ungulae
210 843 283 903 cinis
297 860 334 901 ex
348 860 433 920 aqua
448 845 542 903 limum
556 861 671 923 quoque
684 846 801 907 fervens
816 863 854 905 ex
868 854 963 920 aceto,
986 848 1055 905 item

67 927 169 990 sebum
196 927 344 1004 caprinum
368 943 433 987 cum
451 927 532 987 oalue
552 937 601 989 aut
617 929 713 989 limum
733 946 771 989 ex
794 937 879 989 aceto
901 926 1054 988 decoctum

67 1020 220 1087 testesque
235 1007 357 1085 volpiui.
386 1010 507 1088 prodest
526 1018 557 1070 et
570 1028 659 1089 sapa,
683 1010 828 1073 Gallorum
842 1011 899 1071 lucc
911 1011 1055 1071 inventum

38 1114 60 1154 uo
69 1092 219 1154 rutilandis
234 1091 359 1171 capillis.
396 1094 427 1153 iit
442 1112 481 1153 en
496 1092 569 1153 sebo
584 1103 614 1154 st
634 1095 748 1168 oluere,
770 1104 902 1173 optumus
913 1094 1010 1171 iagiuo
1025 1102 1056 1153 et

69 1177 229 1255 carpineo,
252 1173 363 1235 duobus
374 1176 484 1254 modis,
504 1177 614 1254 spissus
629 1194 664 1239 ac
678 1176 817 1255 liquidus,
843 1187 963 1256 uterque
976 1177 1053 1255 apud

68 1258 229 1320 Germanos
240 1258 352 1319 maiore
365 1259 395 1318 iu
408 1278 461 1320 usu
476 1260 545 1320 uiris
558 1278 642 1338 quam
658 1259 779 1321 leminis.

125 1342 215 1421 (52.)
238 1340 390 1403 Gerricnm
405 1342 523 1403 dolores
539 1342 642 1418 butyro
658 1352 706 1405 aut
718 1344 803 1421 adipe
822 1345 919 1405 ursino
936 1342 1097 1423 periri-usa
1168 1374 1170 1379 ·

68 1436 186 1503 centur,
210 1427 325 1502 rigores
339 1424 446 1485 bubulo
467 1425 556 1502 seluo,
579 1426 655 1506 quod
677 1435 706 1489 et
721 1428 834 1487 strumis
853 1428 973 1505 prodest
992 1444 1056 1487 cum

38 1525 60 1567 rs
69 1510 148 1571 oleo.
179 1508 313 1569 dolorem
327 1508 521 1583 inflexibilem,
534 1542 577 1557 ·-
591 1508 798 1588 opisthotonos
817 1520 937 1585 uocant,
950 1542 994 1559 --
1013 1510 1055 1571 le-

68 1604 115 1653 rat
135 1593 220 1652 urina
241 1608 349 1671 caprae
369 1592 484 1654 auribus
497 1592 590 1655 infusa
609 1602 659 1654 aut
679 1594 772 1655 imum
791 1611 854 1653 oum
874 1592 970 1653 bulbis
991 1593 1054 1653 iuli·

67 1686 142 1751 tum,
165 1675 271 1751 unguis
297 1682 454 1735 contunsos
471 1676 514 1735 iel
535 1678 737 1752 cuiuscumque
758 1674 886 1741 animalis
909 1673 1055 1734 ‘circumli-

66 1753 339 1837 gatum‚'pterygia
355 1757 508 1834 digitorum
527 1756 568 1815 iel
587 1758 660 1817 tauri
678 1756 785 1817 aridum
800 1774 873 1834 aqua
888 1756 981 1817 calida
1000 1756 1056 1815 dis-

66 1842 206 1901 solutum.
247 1840 360 1919 quidam
383 1842 507 1901 adiciunt
533 1838 634 1917 sulpur
656 1847 690 1901 et
705 1838 818 1899 alumen
840 1840 901 1917 pari
927 1838 1057 1917 pondere

36 1942 205 1985 sommum.

130 2004 219 2087 (53.)
240 2004 351 2067 Tussim
364 2007 448 2066 iocur
462 2004 522 2083 lupi
536 2022 574 2063 ex
586 2006 655 2065 rino
669 2004 769 2083 tepido
789 2012 886 2079 sanat,
908 2004 1097 2073 ursinum193

66 2092 108 2153 fol
123 2090 254 2151 admixto
270 2090 356 2150 mede
375 2098 423 2151 aut
438 2107 476 2149 ox
489 2106 594 2149 coruus
614 2087 712 2149 bubuli
733 2090 848 2149 summis
865 2088 992 2166 pastillus
1017 2090 1055 2151 ci·

44 2184 48 2193 '
66 2177 126 2251 uis,
149 2171 204 2233 rel
219 2172 310 2233 salira
323 2173 392 2250 equi
407 2172 500 2233 triduo
514 2180 600 2249 pota,
617 2203 661 2219 ·-
682 2190 764 2233 ecum
784 2171 856 2231 mori
877 2170 988 2233 tradunt
1001 2205 1055 2248 -‚

67 2258 167 2335 pulmo
182 2257 317 2328 cervinus
332 2273 396 2315 cum
412 2256 481 2332 gula
493 2274 544 2315 sua
561 2255 705 2317 arefactus
719 2256 748 2315 in
760 2254 855 2329 inmo,
873 2254 938 2315 dein
956 2264 1056 2317 ‘tunsus

38 2363 61 2402 rs
72 2359 109 2400 ex
124 2338 218 2399 melle
232 2338 372 2397 cotidiano
388 2338 549 2415 ecligmate.
569 2338 718 2399 efficacior
732 2348 778 2398 est
791 2338 827 2399 ad
840 2337 868 2398 id
879 2336 982 2399 subulo
994 2358 1055 2401 cer·

68 2440 171 2483 rorum
185 2423 314 2498 generis.
342 2423 509 2498 sauguinem
522 2430 697 2500 exspuentes
713 2422 821 2481 cervini
837 2437 943 2482 coruus
957 2422 1036 2497 ciuis,
1046 2430 1098 2486 194

68 2503 226 2582 coagulum
239 2503 350 2581 leporis
363 2505 445 2563 tertia
459 2512 541 2581 parte
556 2505 654 2565 danari
669 2521 731 2582 oum
744 2512 821 2565 terra
836 2505 928 2565 Samia
944 2514 973 2563 et
988 2506 1056 2563 vino

68 2597 183 2661 myrteo
198 2595 297 2665 potum
311 2596 402 2661 sanat,
417 2587 545 2648 eiusdem
559 2587 615 2647 limi
630 2588 701 2647 ciuis
715 2588 744 2645 iu
758 2589 825 2647 vino
838 2588 956 2667 vesperi
969 2593 1056 2665 potus

67 2679 230 2731 nocturnas
245 2671 344 2749 tussis,
361 2670 412 2748 pili
426 2688 540 2748 quoque
553 2670 663 2749 leporis
679 2670 766 2731 suiliti
782 2670 932 2732 extrahunt
946 2668 1055 2746 pulmo·

39 2754 153 2815 sonibus
164 2752 530 2813 difficilisexsoreatioues.
544 2754 709 2829 purulentas
719 2761 813 2813 autem
824 2752 1057 2813 exulcerationes

70 2837 202 2915 pectoris
218 2834 416 2913 pulmonisque
435 2844 464 2895 et
477 2854 493 2897 a
508 2836 642 2915 pulmone
656 2836 880 2912 graveolentiam
891 2833 994 2895 halitus
1006 2833 1055 2893 bu-

69 2928 163 2992 tyrum
179 2917 384 2979 efficacissime
398 2920 476 2978 iurat
489 2936 551 2979 cum
565 2921 629 2996 pari
648 2918 733 2979 modo
748 2920 843 2979 mellis
860 2916 948 2977 Attici
968 2916 1055 2976 deco·

71 3010 147 3060 ctum
161 3001 259 3062 donec
274 3001 403 3062 rufescat
416 3010 445 3060 ct
460 3003 601 3062 matutinis
618 3012 759 3080 sumptum
774 3002 809 3063 ad
827 3016 988 3059 mensuram
1003 2997 1054 3057 liu·

71 3083 168 3159 gulae.
199 3084 316 3163 quidam
332 3101 386 3161 pro
405 3084 492 3144 melle
511 3084 607 3145 laricis
627 3086 749 3145 resinam
771 3084 878 3145 addere
896 3082 1097 3148 maluere.195

39 3167 98 3230 assi
113 3169 233 3244 sanguis
252 3168 404 3244 reiciatur,
424 3165 574 3227 efficacem
593 3167 706 3227 tradunt
725 3166 858 3226 bubulum
878 3166 1055 3243 sanguinem,

69 3250 184 3309 modice
199 3259 310 3309 etcum
326 3258 410 3309 aceto
427 3254 581 3327 sumptum,
606 3268 671 3309 nam
689 3248 725 3309 de
745 3249 855 3307 taurino
866 3246 991 3308 medena
1003 3256 1055 3307 te·

69 3333 223 3393 mmarinm
238 3342 294 3392 est
323 3331 378 3391 ssd
394 3333 532 3408 glutinum
549 3332 690 3391 marinum
704 3329 795 3389 tribus
810 3328 904 3392 obolis
927 3348 991 3391 cnm
1009 3348 1055 3391 oa·

69 3413 128 3476 lida
142 3433 220 3495 aqua
234 3414 340 3475 bibitur
353 3416 383 3476 iu
396 3424 495 3475 vetere
513 3415 658 3490 sauguinis
676 3412 888 3475 exscreatione.
