<?xml version="1.0" encoding="UTF-8"?>
<!DOCTYPE html PUBLIC "-//W3C//DTD XHTML 1.0 Transitional//EN"
    "http://www.w3.org/TR/xhtml1/DTD/xhtml1-transitional.dtd">
<html xmlns="http://www.w3.org/1999/xhtml" xml:lang="en" lang="en">
 <head>
  <title>
</title>
<meta http-equiv="Content-Type" content="text/html;charset=utf-8" />
  <meta name='ocr-system' content='tesseract 3.04.00' />
  <meta name='ocr-capabilities' content='ocr_page ocr_carea ocr_par ocr_line ocrx_word'/>
</head>
<body>
  <div class='ocr_page' id='page_1' title='image "./cplinisecundina24plingoog_0613.png"; bbox 0 0 2484 3817; ppageno 0'>
   <div class='ocr_carea' id='block_1_1' title="bbox 194 137 1098 273">
    <p class='ocr_par' dir='ltr' id='par_1_1' title="bbox 194 137 1098 273">
     <span class='ocr_line' id='line_1_1' title="bbox 194 137 1098 273; baseline 0.002 -47"><span class='ocrx_word' id='word_1_1' title='bbox 194 137 199 140; x_wconf 32' lang='lat'><strong>⁴</strong></span> <span class='ocrx_word' id='word_1_2' title='bbox 294 177 376 227; x_wconf 72' lang='lat' dir='ltr'><strong>aar.</strong></span> <span class='ocrx_word' id='word_1_3' title='bbox 395 179 486 226; x_wconf 82' lang='lat' dir='ltr'><strong>mer.</strong></span> <span class='ocrx_word' id='word_1_4' title='bbox 507 177 629 273; x_wconf 58' lang='grc' dir='ltr'><strong>ιιιιι.</strong></span> <span class='ocrx_word' id='word_1_5' title='bbox 650 175 748 230; x_wconf 72' lang='lat'><strong>1213.</strong></span> <span class='ocrx_word' id='word_1_6' title='bbox 764 173 911 246; x_wconf 76' lang='lat' dir='ltr'><strong>tlt-19.)</strong></span> <span class='ocrx_word' id='word_1_7' title='bbox 1044 165 1098 228; x_wconf 82' lang='lat' dir='ltr'><strong>tar</strong></span> 
     </span>
    </p>
   </div>
   <div class='ocr_carea' id='block_1_2' title="bbox 33 331 1214 3508">
    <p class='ocr_par' dir='ltr' id='par_1_2' title="bbox 33 331 1214 3508">
     <span class='ocr_line' id='line_1_2' title="bbox 109 331 1101 410; baseline -0.004 -14"><span class='ocrx_word' id='word_1_8' title='bbox 109 335 206 396; x_wconf 90' lang='lat' dir='ltr'><strong>inditis</strong></span> <span class='ocrx_word' id='word_1_9' title='bbox 223 333 259 393; x_wconf 91' lang='lat' dir='ltr'><strong>ad</strong></span> <span class='ocrx_word' id='word_1_10' title='bbox 271 334 415 395; x_wconf 90' lang='lat' dir='ltr'><strong>fallendos</strong></span> <span class='ocrx_word' id='word_1_11' title='bbox 437 349 575 392; x_wconf 87' lang='lat' dir='ltr'><strong>occursus</strong></span> <span class='ocrx_word' id='word_1_12' title='bbox 596 331 830 410; x_wconf 83' lang='lat' dir='ltr'><strong>redeundumque</strong></span> <span class='ocrx_word' id='word_1_13' title='bbox 850 332 879 390; x_wconf 93' lang='lat' dir='ltr'><strong>in</strong></span> <span class='ocrx_word' id='word_1_14' title='bbox 899 349 1018 394; x_wconf 90' lang='lat' dir='ltr'><strong>errores</strong></span> <span class='ocrx_word' id='word_1_15' title='bbox 1035 349 1101 399; x_wconf 88' lang='lat' dir='ltr'><strong>eos·</strong></span> 
     </span>
     <span class='ocr_line' id='line_1_3' title="bbox 110 415 1145 495; baseline -0.004 -15"><span class='ocrx_word' id='word_1_16' title='bbox 110 421 183 480; x_wconf 91' lang='lat' dir='ltr'><strong>dem.</strong></span> <span class='ocrx_word' id='word_1_17' title='bbox 221 418 369 479; x_wconf 82' lang='lat' dir='ltr'><strong>Secundus</strong></span> <span class='ocrx_word' id='word_1_18' title='bbox 390 417 437 477; x_wconf 93' lang='lat' dir='ltr'><strong>hic</strong></span> <span class='ocrx_word' id='word_1_19' title='bbox 451 417 504 477; x_wconf 89' lang='lat' dir='ltr'><strong>fuit</strong></span> <span class='ocrx_word' id='word_1_20' title='bbox 519 415 555 474; x_wconf 88' lang='lat' dir='ltr'><strong>ab</strong></span> <span class='ocrx_word' id='word_1_21' title='bbox 571 415 719 495; x_wconf 80' lang='lat' dir='ltr'><strong>Aegyptio</strong></span> <span class='ocrx_word' id='word_1_22' title='bbox 737 415 933 491; x_wconf 78' lang='lat' dir='ltr'><strong>labyrinthus,</strong></span> <span class='ocrx_word' id='word_1_23' title='bbox 948 419 1051 476; x_wconf 88' lang='lat' dir='ltr'><strong>tertius</strong></span> <span class='ocrx_word' id='word_1_24' title='bbox 1068 419 1145 482; x_wconf 69' lang='lat' dir='ltr'><strong>ineu</strong></span> 
     </span>
     <span class='ocr_line' id='line_1_4' title="bbox 110 498 1101 581; baseline -0.003 -18"><span class='ocrx_word' id='word_1_25' title='bbox 110 503 235 580; x_wconf 86' lang='lat' dir='ltr'><strong>Lemno,</strong></span> <span class='ocrx_word' id='word_1_26' title='bbox 255 504 403 581; x_wconf 87' lang='lat' dir='ltr'><strong>quartus&#39;</strong></span> <span class='ocrx_word' id='word_1_27' title='bbox 394 520 424 561; x_wconf 90' lang='grc' dir='ltr'><strong>ιιι</strong></span> <span class='ocrx_word' id='word_1_28' title='bbox 444 499 542 576; x_wconf 88' lang='lat' dir='ltr'><strong>ltalia,</strong></span> <span class='ocrx_word' id='word_1_29' title='bbox 570 517 670 559; x_wconf 90' lang='lat' dir='ltr'><strong>omnes</strong></span> <span class='ocrx_word' id='word_1_30' title='bbox 698 500 795 579; x_wconf 86' lang='lat' dir='ltr'><strong>lapide</strong></span> <span class='ocrx_word' id='word_1_31' title='bbox 821 498 914 577; x_wconf 92' lang='lat' dir='ltr'><strong>polito</strong></span> <span class='ocrx_word' id='word_1_32' title='bbox 942 500 1101 562; x_wconf 88' lang='lat' dir='ltr'><strong>fornicibus</strong></span> 
     </span>
     <span class='ocr_line' id='line_1_5' title="bbox 112 573 1100 665; baseline -0.001 -19"><span class='ocrx_word' id='word_1_33' title='bbox 112 589 198 664; x_wconf 90' lang='lat' dir='ltr'><strong>tecti,</strong></span> <span class='ocrx_word' id='word_1_34' title='bbox 224 587 406 665; x_wconf 78' lang='lat' dir='ltr'><strong>Aegyptius,</strong></span> <span class='ocrx_word' id='word_1_35' title='bbox 435 583 513 662; x_wconf 90' lang='lat' dir='ltr'><strong>quod</strong></span> <span class='ocrx_word' id='word_1_36' title='bbox 531 584 621 643; x_wconf 89' lang='lat' dir='ltr'><strong>miror</strong></span> <span class='ocrx_word' id='word_1_37' title='bbox 643 583 793 661; x_wconf 82' lang='lat' dir='ltr'><strong>equidem,</strong></span> <span class='ocrx_word' id='word_1_38' title='bbox 819 584 937 644; x_wconf 87' lang='lat' dir='ltr'><strong>introitu</strong></span> <span class='ocrx_word' id='word_1_39' title='bbox 959 573 1062 663; x_wconf 79' lang='lat' dir='ltr'><strong>lapidis</strong></span> <span class='ocrx_word' id='word_1_40' title='bbox 1084 602 1100 645; x_wconf 91' lang='lat' dir='ltr'><strong>e</strong></span> 
     </span>
     <span class='ocr_line' id='line_1_6' title="bbox 88 668 1156 753; baseline -0.001 -25"><span class='ocrx_word' id='word_1_41' title='bbox 88 670 183 731; x_wconf 81' lang='lat' dir='ltr'><strong>sl&#39;aro</strong></span> <span class='ocrx_word' id='word_1_42' title='bbox 209 672 367 747; x_wconf 89' lang='lat' dir='ltr'><strong>columnis,</strong></span> <span class='ocrx_word' id='word_1_43' title='bbox 389 669 502 745; x_wconf 92' lang='lat' dir='ltr'><strong>reliqua</strong></span> <span class='ocrx_word' id='word_1_44' title='bbox 524 687 542 728; x_wconf 91' lang='lat' dir='ltr'><strong>e</strong></span> <span class='ocrx_word' id='word_1_45' title='bbox 564 669 679 743; x_wconf 75' lang='lat' dir='ltr'><strong>syenite</strong></span> <span class='ocrx_word' id='word_1_46' title='bbox 700 668 824 728; x_wconf 90' lang='lat' dir='ltr'><strong>molibus</strong></span> <span class='ocrx_word' id='word_1_47' title='bbox 847 670 1009 745; x_wconf 82' lang='lat' dir='ltr'><strong>conpositis</strong></span> <span class='ocrx_word' id='word_1_48' title='bbox 1031 686 1101 746; x_wconf 90' lang='lat' dir='ltr'><strong>quas</strong></span> <span class='ocrx_word' id='word_1_49' title='bbox 1153 739 1156 753; x_wconf 35' lang='grc' dir='ltr'>Ι</span> 
     </span>
     <span class='ocr_line' id='line_1_7' title="bbox 110 747 1103 830; baseline -0.004 -16"><span class='ocrx_word' id='word_1_50' title='bbox 110 755 273 815; x_wconf 86' lang='lat' dir='ltr'><strong>dissolvere</strong></span> <span class='ocrx_word' id='word_1_51' title='bbox 297 772 334 814; x_wconf 90' lang='lat' dir='ltr'><strong>ne</strong></span> <span class='ocrx_word' id='word_1_52' title='bbox 357 751 475 814; x_wconf 89' lang='lat' dir='ltr'><strong>saecula</strong></span> <span class='ocrx_word' id='word_1_53' title='bbox 497 747 612 829; x_wconf 91' lang='lat' dir='ltr'><strong>quidem</strong></span> <span class='ocrx_word' id='word_1_54' title='bbox 632 752 766 830; x_wconf 79' lang='lat' dir='ltr'><strong>possint,</strong></span> <span class='ocrx_word' id='word_1_55' title='bbox 792 750 991 811; x_wconf 85' lang='lat' dir='ltr'><strong>adiuvantibus</strong></span> <span class='ocrx_word' id='word_1_56' title='bbox 1014 750 1103 810; x_wconf 86' lang='lat' dir='ltr'><strong>llera·</strong></span> 
     </span>
     <span class='ocr_line' id='line_1_8' title="bbox 109 835 1143 917; baseline -0.003 -17"><span class='ocrx_word' id='word_1_57' title='bbox 109 837 297 917; x_wconf 90' lang='lat' dir='ltr'><strong>cleopolftis,</strong></span> <span class='ocrx_word' id='word_1_58' title='bbox 312 837 390 916; x_wconf 92' lang='lat' dir='ltr'><strong>quod</strong></span> <span class='ocrx_word' id='word_1_59' title='bbox 404 854 476 914; x_wconf 91' lang='lat' dir='ltr'><strong>opus</strong></span> <span class='ocrx_word' id='word_1_60' title='bbox 489 836 610 895; x_wconf 86' lang='lat' dir='ltr'><strong>invisum</strong></span> <span class='ocrx_word' id='word_1_61' title='bbox 623 837 694 896; x_wconf 92' lang='lat' dir='ltr'><strong>mire</strong></span> <span class='ocrx_word' id='word_1_62' title='bbox 711 843 892 913; x_wconf 88' lang='lat' dir='ltr'><strong>spectavere.</strong></span> <span class='ocrx_word' id='word_1_63' title='bbox 923 835 1100 912; x_wconf 81' lang='lat' dir='ltr'><strong>positionem</strong></span> <span class='ocrx_word' id='word_1_64' title='bbox 1110 844 1143 900; x_wconf 88' lang='grc'><strong>87</strong></span> 
     </span>
     <span class='ocr_line' id='line_1_9' title="bbox 110 917 1104 1001; baseline -0.007 -19"><span class='ocrx_word' id='word_1_65' title='bbox 110 924 210 1001; x_wconf 90' lang='lat' dir='ltr'><strong>operis</strong></span> <span class='ocrx_word' id='word_1_66' title='bbox 228 922 291 980; x_wconf 90' lang='lat' dir='ltr'><strong>eius</strong></span> <span class='ocrx_word' id='word_1_67' title='bbox 312 919 499 998; x_wconf 84' lang='lat' dir='ltr'><strong>singulasque</strong></span> <span class='ocrx_word' id='word_1_68' title='bbox 518 921 609 996; x_wconf 90' lang='lat' dir='ltr'><strong>partis</strong></span> <span class='ocrx_word' id='word_1_69' title='bbox 632 937 768 979; x_wconf 90' lang='lat' dir='ltr'><strong>enarrare</strong></span> <span class='ocrx_word' id='word_1_70' title='bbox 784 937 842 979; x_wconf 91' lang='lat' dir='ltr'><strong>non</strong></span> <span class='ocrx_word' id='word_1_71' title='bbox 859 927 922 996; x_wconf 87' lang='lat' dir='ltr'><strong>est,</strong></span> <span class='ocrx_word' id='word_1_72' title='bbox 941 936 1005 978; x_wconf 90' lang='lat' dir='ltr'><strong>cum</strong></span> <span class='ocrx_word' id='word_1_73' title='bbox 1022 919 1059 977; x_wconf 91' lang='lat' dir='ltr'><strong>sit</strong></span> <span class='ocrx_word' id='word_1_74' title='bbox 1073 917 1104 976; x_wconf 93' lang='lat' dir='ltr'><strong>in</strong></span> 
     </span>
     <span class='ocr_line' id='line_1_10' title="bbox 109 1002 1103 1082; baseline -0.005 -18"><span class='ocrx_word' id='word_1_75' title='bbox 109 1008 248 1082; x_wconf 81' lang='lat' dir='ltr'><strong>regiones</strong></span> <span class='ocrx_word' id='word_1_76' title='bbox 281 1003 401 1064; x_wconf 76' lang='lat' dir='ltr'><strong>divisum</strong></span> <span class='ocrx_word' id='word_1_77' title='bbox 427 1011 514 1079; x_wconf 91' lang='lat' dir='ltr'><strong>atque</strong></span> <span class='ocrx_word' id='word_1_78' title='bbox 540 1002 737 1079; x_wconf 80' lang='lat' dir='ltr'><strong>praefecturas</strong></span> <span class='ocrx_word' id='word_1_79' title='bbox 761 1018 831 1079; x_wconf 90' lang='lat' dir='ltr'><strong>quas</strong></span> <span class='ocrx_word' id='word_1_80' title='bbox 856 1009 961 1060; x_wconf 82' lang='lat' dir='ltr'><strong>vocant</strong></span> <span class='ocrx_word' id='word_1_81' title='bbox 989 1018 1103 1078; x_wconf 91' lang='lat' dir='ltr'><strong>nomos,</strong></span> 
     </span>
     <span class='ocr_line' id='line_1_11' title="bbox 76 1083 1102 1162; baseline 0 -19"><span class='ocrx_word' id='word_1_82' title='bbox 76 1087 178 1147; x_wconf 83' lang='lat' dir='ltr'><strong>roXXl</strong></span> <span class='ocrx_word' id='word_1_83' title='bbox 203 1086 365 1146; x_wconf 85' lang='lat' dir='ltr'><strong>nominibus</strong></span> <span class='ocrx_word' id='word_1_84' title='bbox 392 1102 494 1146; x_wconf 91' lang='lat' dir='ltr'><strong>eorum</strong></span> <span class='ocrx_word' id='word_1_85' title='bbox 523 1083 643 1144; x_wconf 90' lang='lat' dir='ltr'><strong>totidem</strong></span> <span class='ocrx_word' id='word_1_86' title='bbox 667 1087 757 1145; x_wconf 86' lang='lat' dir='ltr'><strong>vastis</strong></span> <span class='ocrx_word' id='word_1_87' title='bbox 788 1085 918 1146; x_wconf 86' lang='lat' dir='ltr'><strong>domibus</strong></span> <span class='ocrx_word' id='word_1_88' title='bbox 945 1086 1102 1162; x_wconf 85' lang='lat' dir='ltr'><strong>attributis,</strong></span> 
     </span>
     <span class='ocr_line' id='line_1_12' title="bbox 110 1162 1102 1248; baseline -0.002 -19"><span class='ocrx_word' id='word_1_89' title='bbox 110 1179 264 1248; x_wconf 89' lang='lat' dir='ltr'><strong>praeterea</strong></span> <span class='ocrx_word' id='word_1_90' title='bbox 282 1169 389 1246; x_wconf 89' lang='lat' dir='ltr'><strong>templa</strong></span> <span class='ocrx_word' id='word_1_91' title='bbox 407 1170 530 1228; x_wconf 91' lang='lat' dir='ltr'><strong>omnium</strong></span> <span class='ocrx_word' id='word_1_92' title='bbox 546 1167 676 1246; x_wconf 75' lang='lat' dir='ltr'><strong>Aegypti</strong></span> <span class='ocrx_word' id='word_1_93' title='bbox 690 1162 809 1230; x_wconf 87' lang='lat' dir='ltr'><strong>deoruin</strong></span> <span class='ocrx_word' id='word_1_94' title='bbox 830 1170 978 1230; x_wconf 90' lang='lat' dir='ltr'><strong>contineat</strong></span> <span class='ocrx_word' id='word_1_95' title='bbox 1001 1186 1102 1247; x_wconf 86' lang='lat' dir='ltr'><strong>super·</strong></span> 
     </span>
     <span class='ocr_line' id='line_1_13' title="bbox 111 1251 1102 1333; baseline -0.001 -21"><span class='ocrx_word' id='word_1_96' title='bbox 111 1272 166 1333; x_wconf 91' lang='lat' dir='ltr'><strong>que</strong></span> <span class='ocrx_word' id='word_1_97' title='bbox 187 1251 321 1312; x_wconf 85' lang='lat' dir='ltr'><strong>Nemesis</strong></span> <span class='ocrx_word' id='word_1_98' title='bbox 340 1251 389 1312; x_wconf 88' lang='lat' dir='ltr'><strong>Xb</strong></span> <span class='ocrx_word' id='word_1_99' title='bbox 412 1251 551 1313; x_wconf 88' lang='lat' dir='ltr'><strong>aediculis</strong></span> <span class='ocrx_word' id='word_1_100' title='bbox 571 1252 738 1330; x_wconf 86' lang='lat' dir='ltr'><strong>incluserit,</strong></span> <span class='ocrx_word' id='word_1_101' title='bbox 761 1254 925 1332; x_wconf 73' lang='lat' dir='ltr'><strong>pyramides</strong></span> <span class='ocrx_word' id='word_1_102' title='bbox 954 1253 1102 1333; x_wconf 87' lang='lat' dir='ltr'><strong>conpluris</strong></span> 
     </span>
     <span class='ocr_line' id='line_1_14' title="bbox 110 1334 1101 1435; baseline 0.001 -40"><span class='ocrx_word' id='word_1_103' title='bbox 110 1335 355 1435; x_wconf 84' lang='lat' dir='ltr'><strong>quadragenarum</strong></span> <span class='ocrx_word' id='word_1_104' title='bbox 369 1337 497 1396; x_wconf 91' lang='lat' dir='ltr'><strong>ulnarum</strong></span> <span class='ocrx_word' id='word_1_105' title='bbox 508 1353 593 1396; x_wconf 92' lang='lat' dir='ltr'><strong>senas</strong></span> <span class='ocrx_word' id='word_1_106' title='bbox 609 1334 706 1394; x_wconf 89' lang='lat' dir='ltr'><strong>radice</strong></span> <span class='ocrx_word' id='word_1_107' title='bbox 721 1354 820 1396; x_wconf 85' lang='lat' dir='ltr'><strong>arunas</strong></span> <span class='ocrx_word' id='word_1_108' title='bbox 837 1339 1005 1415; x_wconf 86' lang='lat' dir='ltr'><strong>optinentis.</strong></span> <span class='ocrx_word' id='word_1_109' title='bbox 1030 1339 1101 1398; x_wconf 90' lang='lat' dir='ltr'><strong>fessi</strong></span> 
     </span>
     <span class='ocr_line' id='line_1_15' title="bbox 111 1418 1102 1518; baseline 0.001 -38"><span class='ocrx_word' id='word_1_110' title='bbox 111 1423 166 1480; x_wconf 91' lang='lat' dir='ltr'><strong>iam</strong></span> <span class='ocrx_word' id='word_1_111' title='bbox 180 1420 275 1480; x_wconf 91' lang='lat' dir='ltr'><strong>eundo</strong></span> <span class='ocrx_word' id='word_1_112' title='bbox 300 1423 474 1499; x_wconf 84' lang='lat' dir='ltr'><strong>perveniunt</strong></span> <span class='ocrx_word' id='word_1_113' title='bbox 494 1419 529 1479; x_wconf 90' lang='lat' dir='ltr'><strong>ad</strong></span> <span class='ocrx_word' id='word_1_114' title='bbox 551 1422 661 1479; x_wconf 86' lang='lat' dir='ltr'><strong>viarum</strong></span> <span class='ocrx_word' id='word_1_115' title='bbox 675 1418 754 1478; x_wconf 92' lang='lat' dir='ltr'><strong>illum</strong></span> <span class='ocrx_word' id='word_1_116' title='bbox 769 1421 1002 1518; x_wconf 79' lang='lat' dir='ltr'><strong>inexplicabilem</strong></span> <span class='ocrx_word' id='word_1_117' title='bbox 1022 1439 1102 1481; x_wconf 87' lang='lat' dir='ltr'><strong>erro·</strong></span> 
     </span>
     <span class='ocr_line' id='line_1_16' title="bbox 78 1502 1175 1592; baseline 0.005 -29"><span class='ocrx_word' id='word_1_118' title='bbox 78 1517 102 1557; x_wconf 83' lang='lat'><strong>1⁵</strong></span> <span class='ocrx_word' id='word_1_119' title='bbox 111 1523 187 1572; x_wconf 91' lang='lat' dir='ltr'><strong>rem</strong></span> <span class='ocrx_word' id='word_1_120' title='bbox 209 1506 276 1581; x_wconf 91' lang='lat' dir='ltr'><strong>quin</strong></span> <span class='ocrx_word' id='word_1_121' title='bbox 298 1514 329 1564; x_wconf 91' lang='lat' dir='ltr'><strong>et</strong></span> <span class='ocrx_word' id='word_1_122' title='bbox 353 1504 489 1565; x_wconf 87' lang='lat' dir='ltr'><strong>cenacula</strong></span> <span class='ocrx_word' id='word_1_123' title='bbox 513 1503 596 1564; x_wconf 90' lang='lat' dir='ltr'><strong>clivis</strong></span> <span class='ocrx_word' id='word_1_124' title='bbox 613 1502 746 1578; x_wconf 88' lang='lat' dir='ltr'><strong>excelsa,</strong></span> <span class='ocrx_word' id='word_1_125' title='bbox 768 1504 898 1592; x_wconf 79' lang='lat' dir='ltr'><strong>porticus</strong></span> <span class='ocrx_word' id='word_1_126' title='bbox 921 1521 1036 1582; x_wconf 89' lang='lat' dir='ltr'><strong>quoque</strong></span> <span class='ocrx_word' id='word_1_127' title='bbox 1052 1505 1100 1565; x_wconf 92' lang='lat' dir='ltr'><strong>de·</strong></span> <span class='ocrx_word' id='word_1_128' title='bbox 1110 1512 1146 1568; x_wconf 83' lang='grc'><strong>88</strong></span> <span class='ocrx_word' id='word_1_129' title='bbox 1174 1525 1175 1532; x_wconf 64' lang='grc'><strong>“</strong></span> 
     </span>
     <span class='ocr_line' id='line_1_17' title="bbox 111 1581 1103 1665; baseline -0.001 -17"><span class='ocrx_word' id='word_1_130' title='bbox 111 1588 285 1649; x_wconf 90' lang='lat' dir='ltr'><strong>scenduntur</strong></span> <span class='ocrx_word' id='word_1_131' title='bbox 308 1589 477 1665; x_wconf 80' lang='lat' dir='ltr'><strong>nonagenis</strong></span> <span class='ocrx_word' id='word_1_132' title='bbox 490 1587 645 1664; x_wconf 79' lang='lat' dir='ltr'><strong>gradibus,</strong></span> <span class='ocrx_word' id='word_1_133' title='bbox 667 1589 742 1646; x_wconf 90' lang='lat' dir='ltr'><strong>intus</strong></span> <span class='ocrx_word' id='word_1_134' title='bbox 764 1581 915 1646; x_wconf 80' lang='lat' dir='ltr'><strong>columnae</strong></span> <span class='ocrx_word' id='word_1_135' title='bbox 930 1587 1103 1665; x_wconf 78' lang='lat' dir='ltr'><strong>porphyrite</strong></span> 
     </span>
     <span class='ocr_line' id='line_1_18' title="bbox 111 1669 1214 1756; baseline -0.001 -25"><span class='ocrx_word' id='word_1_136' title='bbox 111 1672 225 1750; x_wconf 91' lang='lat' dir='ltr'><strong>lapide,</strong></span> <span class='ocrx_word' id='word_1_137' title='bbox 247 1671 366 1732; x_wconf 92' lang='lat' dir='ltr'><strong>deorum</strong></span> <span class='ocrx_word' id='word_1_138' title='bbox 387 1671 554 1745; x_wconf 88' lang='lat' dir='ltr'><strong>simulacra,</strong></span> <span class='ocrx_word' id='word_1_139' title='bbox 574 1688 676 1747; x_wconf 87' lang='lat' dir='ltr'><strong>regum</strong></span> <span class='ocrx_word' id='word_1_140' title='bbox 698 1679 827 1746; x_wconf 85' lang='lat' dir='ltr'><strong>statuae,</strong></span> <span class='ocrx_word' id='word_1_141' title='bbox 852 1669 1046 1732; x_wconf 82' lang='lat' dir='ltr'><strong>monstrificae</strong></span> <span class='ocrx_word' id='word_1_142' title='bbox 1063 1672 1104 1731; x_wconf 91' lang='lat' dir='ltr'><strong>ef·</strong></span> <span class='ocrx_word' id='word_1_143' title='bbox 1206 1735 1214 1756; x_wconf 29' lang='lat'><strong>⁹</strong></span> 
     </span>
     <span class='ocr_line' id='line_1_19' title="bbox 111 1751 1104 1834; baseline -0.002 -19"><span class='ocrx_word' id='word_1_144' title='bbox 111 1757 205 1832; x_wconf 79' lang='lat' dir='ltr'><strong>fugies.</strong></span> <span class='ocrx_word' id='word_1_145' title='bbox 242 1754 415 1832; x_wconf 84' lang='lat' dir='ltr'><strong>quarundam</strong></span> <span class='ocrx_word' id='word_1_146' title='bbox 441 1751 571 1811; x_wconf 92' lang='lat' dir='ltr'><strong>domuum</strong></span> <span class='ocrx_word' id='word_1_147' title='bbox 603 1754 670 1813; x_wconf 89' lang='lat' dir='ltr'><strong>talis</strong></span> <span class='ocrx_word' id='word_1_148' title='bbox 692 1763 738 1814; x_wconf 92' lang='lat' dir='ltr'><strong>est</strong></span> <span class='ocrx_word' id='word_1_149' title='bbox 763 1755 835 1814; x_wconf 91' lang='lat' dir='ltr'><strong>situs</strong></span> <span class='ocrx_word' id='word_1_150' title='bbox 860 1762 891 1813; x_wconf 93' lang='lat' dir='ltr'><strong>nt</strong></span> <span class='ocrx_word' id='word_1_151' title='bbox 911 1755 1104 1834; x_wconf 91' lang='lat' dir='ltr'><strong>adaperienti-</strong></span> 
     </span>
     <span class='ocr_line' id='line_1_20' title="bbox 112 1837 1104 1915; baseline 0.002 -17"><span class='ocrx_word' id='word_1_152' title='bbox 112 1840 165 1898; x_wconf 92' lang='lat' dir='ltr'><strong>bus</strong></span> <span class='ocrx_word' id='word_1_153' title='bbox 183 1841 263 1898; x_wconf 88' lang='lat' dir='ltr'><strong>fores</strong></span> <span class='ocrx_word' id='word_1_154' title='bbox 279 1839 434 1897; x_wconf 89' lang='lat' dir='ltr'><strong>tonitruum</strong></span> <span class='ocrx_word' id='word_1_155' title='bbox 449 1839 526 1897; x_wconf 91' lang='lat' dir='ltr'><strong>intus</strong></span> <span class='ocrx_word' id='word_1_156' title='bbox 542 1837 676 1898; x_wconf 88' lang='lat' dir='ltr'><strong>terribile</strong></span> <span class='ocrx_word' id='word_1_157' title='bbox 691 1839 824 1915; x_wconf 82' lang='lat' dir='ltr'><strong>exsistat,</strong></span> <span class='ocrx_word' id='word_1_158' title='bbox 839 1840 949 1900; x_wconf 89' lang='lat' dir='ltr'><strong>maiore</strong></span> <span class='ocrx_word' id='word_1_159' title='bbox 965 1849 1059 1899; x_wconf 90' lang='lat' dir='ltr'><strong>autem</strong></span> <span class='ocrx_word' id='word_1_160' title='bbox 1075 1841 1104 1900; x_wconf 90' lang='lat' dir='ltr'><strong>in</strong></span> 
     </span>
     <span class='ocr_line' id='line_1_21' title="bbox 76 1921 1104 2000; baseline 0.003 -21"><span class='ocrx_word' id='word_1_161' title='bbox 76 1939 102 1980; x_wconf 82' lang='lat' dir='ltr'><strong>ao</strong></span> <span class='ocrx_word' id='word_1_162' title='bbox 112 1930 193 2000; x_wconf 90' lang='lat' dir='ltr'><strong>parte</strong></span> <span class='ocrx_word' id='word_1_163' title='bbox 211 1923 346 1980; x_wconf 89' lang='lat' dir='ltr'><strong>transitus</strong></span> <span class='ocrx_word' id='word_1_164' title='bbox 368 1929 414 1980; x_wconf 90' lang='lat' dir='ltr'><strong>est</strong></span> <span class='ocrx_word' id='word_1_165' title='bbox 437 1939 491 1998; x_wconf 90' lang='lat' dir='ltr'><strong>per</strong></span> <span class='ocrx_word' id='word_1_166' title='bbox 506 1921 654 1981; x_wconf 84' lang='lat' dir='ltr'><strong>tenebras.</strong></span> <span class='ocrx_word' id='word_1_167' title='bbox 687 1921 760 1982; x_wconf 90' lang='lat' dir='ltr'><strong>aliae</strong></span> <span class='ocrx_word' id='word_1_168' title='bbox 778 1941 878 1982; x_wconf 91' lang='lat' dir='ltr'><strong>rursus</strong></span> <span class='ocrx_word' id='word_1_169' title='bbox 895 1931 978 1984; x_wconf 88' lang='lat' dir='ltr'><strong>extra</strong></span> <span class='ocrx_word' id='word_1_170' title='bbox 994 1941 1104 1983; x_wconf 91' lang='lat' dir='ltr'><strong>murum</strong></span> 
     </span>
     <span class='ocr_line' id='line_1_22' title="bbox 111 2002 1102 2084; baseline 0.004 -20"><span class='ocrx_word' id='word_1_171' title='bbox 111 2004 264 2081; x_wconf 78' lang='lat' dir='ltr'><strong>labyrinthi</strong></span> <span class='ocrx_word' id='word_1_172' title='bbox 286 2004 480 2065; x_wconf 87' lang='lat' dir='ltr'><strong>aedificiorum</strong></span> <span class='ocrx_word' id='word_1_173' title='bbox 500 2005 611 2082; x_wconf 86' lang='lat' dir='ltr'><strong>moles,</strong></span> <span class='ocrx_word' id='word_1_174' title='bbox 632 2002 738 2084; x_wconf 88' lang='lat' dir='ltr'><strong>pteron</strong></span> <span class='ocrx_word' id='word_1_175' title='bbox 755 2007 909 2084; x_wconf 88' lang='lat' dir='ltr'><strong>appellant.</strong></span> <span class='ocrx_word' id='word_1_176' title='bbox 946 2007 1012 2067; x_wconf 89' lang='lat' dir='ltr'><strong>inde</strong></span> <span class='ocrx_word' id='word_1_177' title='bbox 1028 2008 1102 2068; x_wconf 89' lang='lat' dir='ltr'><strong>aliae</strong></span> 
     </span>
     <span class='ocr_line' id='line_1_23' title="bbox 110 2088 1145 2169; baseline 0.006 -19"><span class='ocrx_word' id='word_1_178' title='bbox 110 2090 253 2169; x_wconf 80' lang='lat' dir='ltr'><strong>perfossis</strong></span> <span class='ocrx_word' id='word_1_179' title='bbox 269 2088 407 2148; x_wconf 92' lang='lat' dir='ltr'><strong>cuniculis</strong></span> <span class='ocrx_word' id='word_1_180' title='bbox 426 2089 633 2149; x_wconf 82' lang='lat' dir='ltr'><strong>subterraneae</strong></span> <span class='ocrx_word' id='word_1_181' title='bbox 645 2089 754 2149; x_wconf 90' lang='lat' dir='ltr'><strong>domus.</strong></span> <span class='ocrx_word' id='word_1_182' title='bbox 779 2091 885 2152; x_wconf 90' lang='lat' dir='ltr'><strong>refecit</strong></span> <span class='ocrx_word' id='word_1_183' title='bbox 900 2109 972 2152; x_wconf 90' lang='lat' dir='ltr'><strong>nnus</strong></span> <span class='ocrx_word' id='word_1_184' title='bbox 985 2094 1100 2152; x_wconf 92' lang='lat' dir='ltr'><strong>omnino</strong></span> <span class='ocrx_word' id='word_1_185' title='bbox 1110 2101 1145 2156; x_wconf 82' lang='grc'><strong>89</strong></span> 
     </span>
     <span class='ocr_line' id='line_1_24' title="bbox 72 2171 1103 2253; baseline 0.002 -21"><span class='ocrx_word' id='word_1_186' title='bbox 72 2189 74 2195; x_wconf 93' lang='grc'><em>·</em></span> <span class='ocrx_word' id='word_1_187' title='bbox 111 2191 200 2253; x_wconf 91' lang='lat' dir='ltr'><strong>pauca</strong></span> <span class='ocrx_word' id='word_1_188' title='bbox 218 2173 258 2232; x_wconf 93' lang='lat' dir='ltr'><strong>ibi</strong></span> <span class='ocrx_word' id='word_1_189' title='bbox 275 2171 454 2233; x_wconf 85' lang='lat' dir='ltr'><strong>Chaeremon</strong></span> <span class='ocrx_word' id='word_1_190' title='bbox 472 2172 562 2250; x_wconf 90' lang='lat' dir='ltr'><strong>spado</strong></span> <span class='ocrx_word' id='word_1_191' title='bbox 578 2172 738 2234; x_wconf 86' lang='lat' dir='ltr'><strong>Necthebis</strong></span> <span class='ocrx_word' id='word_1_192' title='bbox 756 2176 836 2251; x_wconf 85' lang='lat' dir='ltr'><strong>regis</strong></span> <span class='ocrx_word' id='word_1_193' title='bbox 851 2174 876 2234; x_wconf 90' lang='lat' dir='ltr'>D</span> <span class='ocrx_word' id='word_1_194' title='bbox 893 2184 959 2235; x_wconf 89' lang='lat' dir='ltr'><strong>ante</strong></span> <span class='ocrx_word' id='word_1_195' title='bbox 977 2177 1103 2236; x_wconf 79' lang='lat' dir='ltr'><strong>Alexan-</strong></span> 
     </span>
     <span class='ocr_line' id='line_1_25' title="bbox 33 2255 1103 2349; baseline 0.002 -32"><span class='ocrx_word' id='word_1_196' title='bbox 33 2319 41 2327; x_wconf 66' lang='lat'><strong>,</strong></span> <span class='ocrx_word' id='word_1_197' title='bbox 111 2257 191 2317; x_wconf 90' lang='lat' dir='ltr'><strong>drum</strong></span> <span class='ocrx_word' id='word_1_198' title='bbox 208 2255 340 2349; x_wconf 87' lang='lat' dir='ltr'><strong>blagnum</strong></span> <span class='ocrx_word' id='word_1_199' title='bbox 360 2258 449 2318; x_wconf 88' lang='lat' dir='ltr'><strong>annis</strong></span> <span class='ocrx_word' id='word_1_200' title='bbox 486 2256 514 2316; x_wconf 92' lang='lat' dir='ltr'><strong>id</strong></span> <span class='ocrx_word' id='word_1_201' title='bbox 539 2275 655 2335; x_wconf 91' lang='lat' dir='ltr'><strong>qnoque</strong></span> <span class='ocrx_word' id='word_1_202' title='bbox 676 2257 814 2333; x_wconf 87' lang='lat' dir='ltr'><strong>traditur,</strong></span> <span class='ocrx_word' id='word_1_203' title='bbox 835 2258 953 2318; x_wconf 81' lang='lat' dir='ltr'><strong>fulsisse</strong></span> <span class='ocrx_word' id='word_1_204' title='bbox 972 2260 1103 2320; x_wconf 89' lang='lat' dir='ltr'><strong>trabibus</strong></span> 
     </span>
     <span class='ocr_line' id='line_1_26' title="bbox 79 2301 1103 2422; baseline 0.002 -22"><span class='ocrx_word' id='word_1_205' title='bbox 79 2344 214 2420; x_wconf 73' lang='lat' dir='ltr'><strong>aspinae</strong></span> <span class='ocrx_word' id='word_1_206' title='bbox 220 2342 304 2401; x_wconf 94' lang='lat' dir='ltr'><strong>oleo</strong></span> <span class='ocrx_word' id='word_1_207' title='bbox 325 2342 474 2421; x_wconf 89' lang='lat' dir='ltr'><strong>incoctae,</strong></span> <span class='ocrx_word' id='word_1_208' title='bbox 497 2340 561 2400; x_wconf 90' lang='lat' dir='ltr'><strong>dum</strong></span> <span class='ocrx_word' id='word_1_209' title='bbox 581 2340 710 2402; x_wconf 90' lang='lat' dir='ltr'><strong>fornices</strong></span> <span class='ocrx_word' id='word_1_210' title='bbox 736 2301 865 2422; x_wconf 73' lang='lat' dir='ltr'><strong>quadrati</strong></span> <span class='ocrx_word' id='word_1_211' title='bbox 887 2342 989 2422; x_wconf 91' lang='lat' dir='ltr'><strong>lapidis</strong></span> <span class='ocrx_word' id='word_1_212' title='bbox 1005 2343 1103 2403; x_wconf 90' lang='lat' dir='ltr'><strong>adsur-</strong></span> 
     </span>
     <span class='ocr_line' id='line_1_27' title="bbox 112 2414 1145 2505; baseline 0.005 -21"><span class='ocrx_word' id='word_1_213' title='bbox 112 2432 224 2501; x_wconf 87' lang='lat' dir='ltr'><strong>gerent.</strong></span> <span class='ocrx_word' id='word_1_214' title='bbox 253 2424 290 2483; x_wconf 88' lang='lat' dir='ltr'><strong>Et</strong></span> <span class='ocrx_word' id='word_1_215' title='bbox 306 2424 342 2485; x_wconf 94' lang='lat' dir='ltr'><strong>de</strong></span> <span class='ocrx_word' id='word_1_216' title='bbox 359 2414 476 2484; x_wconf 82' lang='lat' dir='ltr'><strong>Cretico</strong></span> <span class='ocrx_word' id='word_1_217' title='bbox 492 2423 655 2499; x_wconf 91' lang='lat' dir='ltr'><strong>labyrintho</strong></span> <span class='ocrx_word' id='word_1_218' title='bbox 673 2426 742 2485; x_wconf 90' lang='lat' dir='ltr'><strong>satrs</strong></span> <span class='ocrx_word' id='word_1_219' title='bbox 765 2424 870 2485; x_wconf 91' lang='lat' dir='ltr'><strong>dictum</strong></span> <span class='ocrx_word' id='word_1_220' title='bbox 890 2435 943 2486; x_wconf 93' lang='lat' dir='ltr'><strong>est.</strong></span> <span class='ocrx_word' id='word_1_221' title='bbox 982 2425 1100 2505; x_wconf 60' lang='lat' dir='ltr'><strong>{filiae</strong></span> <span class='ocrx_word' id='word_1_222' title='bbox 1110 2436 1145 2490; x_wconf 82' lang='lat'><strong>90</strong></span> 
     </span>
     <span class='ocr_line' id='line_1_28' title="bbox 112 2507 1102 2588; baseline 0.007 -24"><span class='ocrx_word' id='word_1_223' title='bbox 112 2508 203 2565; x_wconf 91' lang='lat' dir='ltr'><strong>mnius</strong></span> <span class='ocrx_word' id='word_1_224' title='bbox 224 2507 325 2567; x_wconf 90' lang='lat' dir='ltr'><strong>similis</strong></span> <span class='ocrx_word' id='word_1_225' title='bbox 338 2508 380 2568; x_wconf 93' lang='lat' dir='ltr'><strong>illi</strong></span> <span class='ocrx_word' id='word_1_226' title='bbox 398 2508 537 2568; x_wconf 88' lang='lat' dir='ltr'><strong>columnis</strong></span> <span class='ocrx_word' id='word_1_227' title='bbox 560 2516 667 2567; x_wconf 92' lang='lat' dir='ltr'><strong>tantum</strong></span> <span class='ocrx_word' id='word_1_228' title='bbox 683 2517 796 2569; x_wconf 89' lang='lat' dir='ltr'><strong>centum</strong></span> <span class='ocrx_word' id='word_1_229' title='bbox 817 2511 1021 2588; x_wconf 83' lang='lat' dir='ltr'><strong>quinquaginta</strong></span> <span class='ocrx_word' id='word_1_230' title='bbox 1043 2529 1102 2571; x_wconf 89' lang='lat' dir='ltr'><strong>me·</strong></span> 
     </span>
     <span class='ocr_line' id='line_1_29' title="bbox 112 2589 1102 2671; baseline 0.004 -23"><span class='ocrx_word' id='word_1_231' title='bbox 112 2589 280 2650; x_wconf 91' lang='lat' dir='ltr'><strong>morabilior</strong></span> <span class='ocrx_word' id='word_1_232' title='bbox 311 2591 386 2669; x_wconf 85' lang='lat' dir='ltr'><strong>fuit,</strong></span> <span class='ocrx_word' id='word_1_233' title='bbox 420 2609 537 2671; x_wconf 92' lang='lat' dir='ltr'><strong>quarum</strong></span> <span class='ocrx_word' id='word_1_234' title='bbox 565 2593 595 2652; x_wconf 92' lang='lat' dir='ltr'><strong>in</strong></span> <span class='ocrx_word' id='word_1_235' title='bbox 630 2591 744 2652; x_wconf 91' lang='lat' dir='ltr'><strong>officina</strong></span> <span class='ocrx_word' id='word_1_236' title='bbox 775 2592 905 2653; x_wconf 90' lang='lat' dir='ltr'><strong>turbines</strong></span> <span class='ocrx_word' id='word_1_237' title='bbox 933 2595 973 2653; x_wconf 91' lang='lat' dir='ltr'><strong>ita</strong></span> <span class='ocrx_word' id='word_1_238' title='bbox 1005 2593 1102 2653; x_wconf 91' lang='lat' dir='ltr'><strong>librati</strong></span> 
     </span>
     <span class='ocr_line' id='line_1_30' title="bbox 113 2672 1101 2752; baseline 0.004 -19"><span class='ocrx_word' id='word_1_239' title='bbox 113 2672 313 2751; x_wconf 88' lang='lat' dir='ltr'><strong>pependerunt</strong></span> <span class='ocrx_word' id='word_1_240' title='bbox 333 2683 363 2733; x_wconf 89' lang='lat' dir='ltr'><strong>ut</strong></span> <span class='ocrx_word' id='word_1_241' title='bbox 383 2693 476 2752; x_wconf 89' lang='lat' dir='ltr'><strong>puero</strong></span> <span class='ocrx_word' id='word_1_242' title='bbox 499 2676 712 2751; x_wconf 83' lang='lat' dir='ltr'><strong>circumagente</strong></span> <span class='ocrx_word' id='word_1_243' title='bbox 729 2684 922 2740; x_wconf 89' lang='lat' dir='ltr'><strong>tornarentur.</strong></span> <span class='ocrx_word' id='word_1_244' title='bbox 951 2676 1101 2737; x_wconf 90' lang='lat' dir='ltr'><strong>architecti</strong></span> 
     </span>
     <span class='ocr_line' id='line_1_31' title="bbox 78 2754 1152 2836; baseline 0.005 -20"><span class='ocrx_word' id='word_1_245' title='bbox 78 2756 191 2817; x_wconf 76' lang='lat' dir='ltr'><strong>uilium</strong></span> <span class='ocrx_word' id='word_1_246' title='bbox 204 2756 304 2816; x_wconf 90' lang='lat' dir='ltr'><strong>fecere</strong></span> <span class='ocrx_word' id='word_1_247' title='bbox 319 2754 415 2818; x_wconf 81' lang='lat' dir='ltr'><strong>Zmilis</strong></span> <span class='ocrx_word' id='word_1_248' title='bbox 431 2767 461 2819; x_wconf 92' lang='lat' dir='ltr'><strong>et</strong></span> <span class='ocrx_word' id='word_1_249' title='bbox 473 2758 610 2819; x_wconf 85' lang='lat' dir='ltr'><strong>Rhoecus</strong></span> <span class='ocrx_word' id='word_1_250' title='bbox 629 2766 659 2818; x_wconf 92' lang='lat' dir='ltr'><strong>et</strong></span> <span class='ocrx_word' id='word_1_251' title='bbox 671 2757 841 2819; x_wconf 85' lang='lat' dir='ltr'><strong>Theodorus</strong></span> <span class='ocrx_word' id='word_1_252' title='bbox 860 2758 1021 2836; x_wconf 81' lang='lat' dir='ltr'><strong>indigenae.</strong></span> <span class='ocrx_word' id='word_1_253' title='bbox 1051 2779 1101 2820; x_wconf 92' lang='lat' dir='ltr'><strong>ex·</strong></span> <span class='ocrx_word' id='word_1_254' title='bbox 1150 2769 1152 2777; x_wconf 80' lang='grc'>’</span> 
     </span>
     <span class='ocr_line' id='line_1_32' title="bbox 113 2839 1107 2920; baseline 0.005 -20"><span class='ocrx_word' id='word_1_255' title='bbox 113 2847 247 2917; x_wconf 88' lang='lat' dir='ltr'><strong>stantque</strong></span> <span class='ocrx_word' id='word_1_256' title='bbox 267 2839 358 2899; x_wconf 89' lang='lat' dir='ltr'><strong>adhuc</strong></span> <span class='ocrx_word' id='word_1_257' title='bbox 379 2841 520 2919; x_wconf 87' lang='lat' dir='ltr'><strong>reliquiae</strong></span> <span class='ocrx_word' id='word_1_258' title='bbox 541 2844 621 2917; x_wconf 80' lang='lat' dir='ltr'><strong>ebus,</strong></span> <span class='ocrx_word' id='word_1_259' title='bbox 645 2857 707 2901; x_wconf 87' lang='lat' dir='ltr'><strong>cunr</strong></span> <span class='ocrx_word' id='word_1_260' title='bbox 731 2842 837 2903; x_wconf 85' lang='lat' dir='ltr'><strong>Cretici</strong></span> <span class='ocrx_word' id='word_1_261' title='bbox 852 2842 1003 2920; x_wconf 91' lang='lat' dir='ltr'><strong>ltalichue</strong></span> <span class='ocrx_word' id='word_1_262' title='bbox 1024 2844 1107 2904; x_wconf 87' lang='lat' dir='ltr'><strong>nulla</strong></span> 
     </span>
     <span class='ocr_line' id='line_1_33' title="bbox 112 2923 1141 3004; baseline 0.01 -23"><span class='ocrx_word' id='word_1_263' title='bbox 112 2923 237 3001; x_wconf 88' lang='lat' dir='ltr'><strong>vestigia</strong></span> <span class='ocrx_word' id='word_1_264' title='bbox 263 2931 407 2994; x_wconf 63' lang='lat' dir='ltr'><strong>exstent„</strong></span> <span class='ocrx_word' id='word_1_265' title='bbox 438 2926 481 3004; x_wconf 86' lang='grc'><strong>[4]</strong></span> <span class='ocrx_word' id='word_1_266' title='bbox 509 2924 639 3002; x_wconf 80' lang='lat' dir='ltr'><strong>Namque</strong></span> <span class='ocrx_word' id='word_1_267' title='bbox 670 2934 700 2984; x_wconf 93' lang='lat' dir='ltr'><strong>et</strong></span> <span class='ocrx_word' id='word_1_268' title='bbox 723 2926 851 2985; x_wconf 87' lang='lat' dir='ltr'><strong>italicum</strong></span> <span class='ocrx_word' id='word_1_269' title='bbox 878 2926 934 2986; x_wconf 93' lang='lat' dir='ltr'><strong>dici</strong></span> <span class='ocrx_word' id='word_1_270' title='bbox 962 2930 1141 2994; x_wconf 78' lang='lat' dir='ltr'><strong>convenitel</strong></span> 
     </span>
     <span class='ocr_line' id='line_1_34' title="bbox 80 3006 1100 3087; baseline 0.007 -22"><span class='ocrx_word' id='word_1_271' title='bbox 80 3031 86 3044; x_wconf 89' lang='lat'><strong>·</strong></span> <span class='ocrx_word' id='word_1_272' title='bbox 113 3007 282 3085; x_wconf 90' lang='lat' dir='ltr'><strong>quemfecit</strong></span> <span class='ocrx_word' id='word_1_273' title='bbox 297 3007 352 3066; x_wconf 90' lang='lat' dir='ltr'><strong>sibi</strong></span> <span class='ocrx_word' id='word_1_274' title='bbox 368 3006 489 3068; x_wconf 91' lang='lat' dir='ltr'><strong>Porsina</strong></span> <span class='ocrx_word' id='word_1_275' title='bbox 511 3027 565 3068; x_wconf 87' lang='lat' dir='ltr'><strong>rex</strong></span> <span class='ocrx_word' id='word_1_276' title='bbox 579 3007 714 3068; x_wconf 80' lang='lat' dir='ltr'><strong>Etruriae</strong></span> <span class='ocrx_word' id='word_1_277' title='bbox 730 3008 876 3086; x_wconf 90' lang='lat' dir='ltr'><strong>sepulchri</strong></span> <span class='ocrx_word' id='word_1_278' title='bbox 893 3027 996 3087; x_wconf 89' lang='lat' dir='ltr'><strong>causa,</strong></span> <span class='ocrx_word' id='word_1_279' title='bbox 1018 3013 1100 3073; x_wconf 89' lang='lat' dir='ltr'><strong>simul</strong></span> 
     </span>
     <span class='ocr_line' id='line_1_35' title="bbox 114 3091 1100 3173; baseline 0.007 -25"><span class='ocrx_word' id='word_1_280' title='bbox 114 3098 144 3149; x_wconf 88' lang='lat' dir='ltr'><strong>ut</strong></span> <span class='ocrx_word' id='word_1_281' title='bbox 164 3099 349 3151; x_wconf 86' lang='lat' dir='ltr'><strong>externorum</strong></span> <span class='ocrx_word' id='word_1_282' title='bbox 369 3108 469 3168; x_wconf 83' lang='lat' dir='ltr'><strong>regum</strong></span> <span class='ocrx_word' id='word_1_283' title='bbox 483 3093 593 3152; x_wconf 79' lang='lat' dir='ltr'><strong>vanitas</strong></span> <span class='ocrx_word' id='word_1_284' title='bbox 615 3108 731 3169; x_wconf 91' lang='lat' dir='ltr'><strong>quoque</strong></span> <span class='ocrx_word' id='word_1_285' title='bbox 749 3091 828 3152; x_wconf 89' lang='lat' dir='ltr'><strong>Italis</strong></span> <span class='ocrx_word' id='word_1_286' title='bbox 851 3102 1014 3173; x_wconf 90' lang='lat' dir='ltr'><strong>superetur.</strong></span> <span class='ocrx_word' id='word_1_287' title='bbox 1048 3095 1100 3155; x_wconf 87' lang='lat' dir='ltr'><strong>sed</strong></span> 
     </span>
     <span class='ocr_line' id='line_1_36' title="bbox 79 3174 1100 3255; baseline 0.006 -23"><span class='ocrx_word' id='word_1_288' title='bbox 79 3190 177 3232; x_wconf 81' lang='lat' dir='ltr'><strong>ascum</strong></span> <span class='ocrx_word' id='word_1_289' title='bbox 198 3175 319 3235; x_wconf 84' lang='lat' dir='ltr'><strong>excedat</strong></span> <span class='ocrx_word' id='word_1_290' title='bbox 341 3175 434 3234; x_wconf 88' lang='lat' dir='ltr'><strong>omniu</strong></span> <span class='ocrx_word' id='word_1_291' title='bbox 455 3174 645 3250; x_wconf 89' lang='lat' dir='ltr'><strong>fabulositas,</strong></span> <span class='ocrx_word' id='word_1_292' title='bbox 666 3183 777 3236; x_wconf 90' lang='lat' dir='ltr'><strong>utemur</strong></span> <span class='ocrx_word' id='word_1_293' title='bbox 798 3177 888 3255; x_wconf 90' lang='lat' dir='ltr'><strong>ipsius</strong></span> <span class='ocrx_word' id='word_1_294' title='bbox 906 3175 942 3237; x_wconf 94' lang='grc' dir='ltr'><strong>Μ</strong></span> <span class='ocrx_word' id='word_1_295' title='bbox 959 3176 1100 3238; x_wconf 88' lang='lat' dir='ltr'><strong>Varronis</strong></span> 
     </span>
     <span class='ocr_line' id='line_1_37' title="bbox 114 3257 1099 3339; baseline 0.008 -24"><span class='ocrx_word' id='word_1_296' title='bbox 114 3257 144 3315; x_wconf 92' lang='lat' dir='ltr'><strong>in</strong></span> <span class='ocrx_word' id='word_1_297' title='bbox 165 3260 350 3336; x_wconf 87' lang='lat' dir='ltr'><strong>expositione</strong></span> <span class='ocrx_word' id='word_1_298' title='bbox 373 3259 435 3319; x_wconf 91' lang='lat' dir='ltr'><strong>eins</strong></span> <span class='ocrx_word' id='word_1_299' title='bbox 454 3257 569 3332; x_wconf 84' lang='lat' dir='ltr'><strong>verbis:</strong></span> <span class='ocrx_word' id='word_1_300' title='bbox 598 3258 779 3338; x_wconf 89' lang='lat' dir='ltr'><strong>Sepultus</strong></span> <span class='ocrx_word' id='word_1_301' title='bbox 805 3268 878 3338; x_wconf 90' lang='lat' dir='ltr'><strong>est,</strong></span> <span class='ocrx_word' id='word_1_302' title='bbox 900 3263 1007 3339; x_wconf 90' lang='lat' dir='ltr'><strong>inquit,</strong></span> <span class='ocrx_word' id='word_1_303' title='bbox 1034 3262 1099 3323; x_wconf 90' lang='lat' dir='ltr'><strong>sub</strong></span> 
     </span>
     <span class='ocr_line' id='line_1_38' title="bbox 114 3339 1100 3425; baseline 0.008 -27"><span class='ocrx_word' id='word_1_304' title='bbox 114 3340 205 3400; x_wconf 92' lang='lat' dir='ltr'><strong>urbe</strong></span> <span class='ocrx_word' id='word_1_305' title='bbox 230 3339 408 3419; x_wconf 84' lang='lat' dir='ltr'><strong>Clusio,</strong></span> <span class='ocrx_word' id='word_1_306' title='bbox 399 3360 435 3401; x_wconf 88' lang='grc' dir='ltr'><strong>ιο</strong></span> <span class='ocrx_word' id='word_1_307' title='bbox 460 3353 527 3420; x_wconf 92' lang='lat' dir='ltr'><strong>quo</strong></span> <span class='ocrx_word' id='word_1_308' title='bbox 549 3342 639 3402; x_wconf 84' lang='lat' dir='ltr'><strong>loco</strong></span> <span class='ocrx_word' id='word_1_309' title='bbox 664 3345 921 3405; x_wconf 84' lang='lat' dir='ltr'><strong>monimentum</strong></span> <span class='ocrx_word' id='word_1_310' title='bbox 942 3345 1100 3425; x_wconf 90' lang='lat' dir='ltr'><strong>reliquit</strong></span> 
     </span>
     <span class='ocr_line' id='line_1_39' title="bbox 114 3422 1100 3508; baseline 0.008 -26"><span class='ocrx_word' id='word_1_311' title='bbox 114 3422 239 3502; x_wconf 91' lang='lat' dir='ltr'><strong>lapide</strong></span> <span class='ocrx_word' id='word_1_312' title='bbox 262 3425 439 3504; x_wconf 89' lang='lat' dir='ltr'><strong>quadrato</strong></span> <span class='ocrx_word' id='word_1_313' title='bbox 463 3425 692 3504; x_wconf 88' lang='lat' dir='ltr'><strong>quadratum,</strong></span> <span class='ocrx_word' id='word_1_314' title='bbox 724 3428 870 3506; x_wconf 87' lang='lat' dir='ltr'><strong>singula</strong></span> <span class='ocrx_word' id='word_1_315' title='bbox 896 3428 1014 3490; x_wconf 89' lang='lat' dir='ltr'><strong>latera</strong></span> <span class='ocrx_word' id='word_1_316' title='bbox 1038 3448 1100 3508; x_wconf 94' lang='lat' dir='ltr'><strong>pe·</strong></span> 
     </span>
    </p>
   </div>
   <div class='ocr_carea' id='block_1_3' title="bbox 0 0 1246 3817">
    <p class='ocr_par' dir='ltr' id='par_1_3' title="bbox 0 0 1246 3817">
     <span class='ocr_line' id='line_1_40' title="bbox 0 0 1246 3817; baseline 0 3"><span class='ocrx_word' id='word_1_317' title='bbox 0 0 1246 3817; x_wconf 95' lang='lat' dir='ltr'><strong> </strong></span> 
     </span>
    </p>
   </div>
  </div>
 </body>
</html>
