2484 3817
126 201 128 203 ’
168 187 227 250 188
513 194 543 244 o.
561 178 817 243 remissorium

165 362 196 413 et
212 346 335 412 rosaceo
348 343 449 429 aequis
465 342 661 429 portionibus,
676 345 831 426 praecipue
845 360 917 403 vero
930 342 1068 402 taurinum
1084 356 1149 427 oum
1237 354 1238 395 ὲ

165 438 246 516 porri
266 451 337 495 suco
352 434 479 513 tepidum
500 433 549 492 rel
564 450 628 491 cum
648 432 751 506 malle,
776 431 801 505 si
816 434 969 506 suppuret,
990 434 1150 502 contraque

167 519 286 581 odorem
300 534 421 594 gravem
435 535 490 597 per
506 534 538 577 se
553 514 726 595 tepefactum
742 516 771 572 in
785 512 944 571 malicorio.
972 518 1054 589 rupta
1070 510 1099 567 in
1115 526 1150 568 ea

125 613 177 667 174
187 610 270 683 parte
293 618 355 660 oum
375 602 452 662 lacte
472 600 618 660 mulierum
642 598 801 664 efficaciter
820 604 910 655 sanat.
939 593 1050 672 quidam
1066 593 1150 652 etiarn

166 689 331 760 ingravatos
345 686 422 743 auris
438 686 481 743 sic
496 682 669 760 perluendas
684 688 796 760 putant,
813 679 860 738 alii
878 696 940 737 curu
955 684 1071 735 senecta
1087 693 1147 734 ser·
1164 692 1177 731 a

165 770 291 847 pontium
305 775 334 826 et
347 776 432 826 aceto
449 764 671 851 includuntxlana
689 764 799 823 colutas
814 770 879 821 ante
897 760 989 835 calida
1003 776 1077 837 aqua
1093 768 1151 836 aut,
1237 750 1238 813 f

166 853 192 909 si
206 852 297 909 maior
312 851 349 909 sit
362 850 489 926 gravitas
503 850 628 923 aurium,
651 847 691 906 iel
708 866 770 905 curu
785 862 878 905 murra
899 851 928 903 et
947 850 1009 902 ruta
1028 845 1056 901 io
1070 842 1151 901 mali·

168 935 249 993 corio
270 934 461 1018 excalfactum
481 930 644 1007 infundunt,
674 929 782 989 lardum
804 945 919 1006 quoque
939 928 1062 1004 pingue,
1084 927 1152 985 item

167 1016 260 1075 limum
275 1016 346 1075 asini
366 1030 471 1073 recens
486 1031 548 1072 cum
565 1030 689 1073 rosaceo
705 1012 870 1088 instillatur,
887 1011 978 1070 omnia
996 1009 1151 1087 tepefacta.

167 1100 265 1158 utilior
276 1099 341 1174 equi
354 1115 453 1176 spuma
470 1097 516 1156 ael
532 1099 627 1175 equini
644 1096 701 1174 limi
715 1098 839 1155 recentis
852 1096 922 1153 cinis
938 1112 1001 1152 curn
1014 1108 1152 1168 rosaceo,
1164 1108 1190 1149 ao

167 1182 299 1255 butyrum
315 1193 435 1252 recens,
458 1180 557 1240 sebum
572 1179 706 1247 bubulum
724 1196 787 1238 cum
802 1177 886 1256 adipe
902 1177 1051 1253 anserino,
1072 1176 1153 1235 urina

169 1279 275 1340 caprae
296 1262 344 1320 vel
359 1264 432 1321 tauri
447 1263 631 1323 autiullonia
647 1271 729 1321 vetus
752 1261 890 1337 calfacta,
911 1273 1020 1339 vapore
1041 1277 1095 1337 per
1112 1259 1152 1317 la·

127 1356 178 1410 175
188 1362 281 1421 genae
299 1344 404 1403 collum
424 1346 574 1405 subeunte.
608 1344 765 1405 admiscent
781 1344 855 1403 aceti
871 1344 982 1403 tertiam
997 1350 1107 1420 partem
1124 1349 1154 1401 et

168 1427 275 1505 aliquid
290 1428 387 1486 urinae
407 1428 488 1488 vituli
508 1432 555 1507 qui
576 1429 699 1488 nondum
721 1426 838 1487 herbam
859 1428 1032 1504 gustaverit,
1058 1426 1153 1485 limum

170 1512 255 1570 etiam
274 1511 363 1569 mixto
379 1510 449 1571 felle
464 1512 593 1571 eiusdem
611 1518 641 1572 et
662 1520 757 1570 cutem
774 1528 856 1589 quam
874 1510 1016 1569 relincunt
1032 1518 1153 1585 angues,
1165 1522 1190 1562 ac

169 1594 340 1653 excalfactis
357 1597 435 1672 prius
452 1596 585 1671 auribus,
608 1596 673 1655 lana
693 1604 786 1654 autem
805 1594 989 1667 medicamina
1011 1608 1044 1652 aa
1064 1592 1154 1651 iuclu-

168 1676 281 1753 duatur‚
312 1678 432 1755 prodest
446 1686 475 1737 et
487 1679 586 1738 sebum
600 1679 681 1737 vituli
701 1696 764 1738 oum
783 1676 894 1737 anseris
914 1676 998 1756 adipe
1020 1684 1048 1735 et
1070 1676 1156 1735 ocimi

159 1763 260 1835 ¹suco,
282 1760 411 1819 eiusdem
430 1761 553 1822 medulla
576 1762 701 1821 admixto
723 1762 835 1821 cumino
855 1762 921 1820 trito
943 1760 1045 1819 inlusa.
1075 1760 1155 1819 virus

168 1844 310 1903 verrinum
332 1861 349 1901 c
370 1846 467 1904 scrofa
482 1846 814 1923 exceptumpriusquam
829 1852 932 1903 terram
948 1843 1065 1919 attingat
1087 1858 1154 1903 con-

129 1934 233 1989 lititra
255 1925 382 1984 dolores.
419 1928 533 1987 auribus
559 1929 658 1988 fractis
685 1928 827 2005 glutinum
844 1927 981 1987 enaturis
1001 1925 1190 1985 vitulommtt

169 2008 276 2067 iactum
296 2018 325 2066 et
347 2010 468 2088 inaqua
484 2011 634 2088 liquatum,
658 2012 722 2071 aliis
736 2012 811 2069 vitiis
826 2008 908 2088 adips
923 2008 1065 2087 volpium,
1087 2011 1155 2069 item
1237 2004 1238 2079 l

169 2089 212 2149 iel
227 2092 373 2169 caprinum
393 2109 456 2152 curn
467 2110 592 2153 rosaceo
606 2094 704 2171 tepido
720 2099 767 2153 aut
779 2094 858 2172 porri
874 2108 944 2151 suco
959 2100 1015 2167 aut,
1032 2094 1156 2170 si-rupta
1237 2086 1238 2161 l

64 2233 79 2250 x
170 2172 336 2249 sint-aliqua
351 2169 521 2251 ibi,elacte
536 2176 671 2235 mulieris.
704 2177 728 2235 si
745 2178 871 2252 gravitas
893 2174 1091 2253 obaudiendi,
1112 2174 1156 2235 iel
1237 2180 1238 2225 3

170 2254 305 2314 bubulum
324 2274 387 2315 cum
404 2260 483 2340 urina
499 2274 605 2336 caprae
618 2258 667 2319 vel
686 2259 774 2336 birci,
789 2258 838 2317 vel
852 2258 876 2317 ei
893 2276 945 2337 pus
961 2259 1006 2317 sit.
1038 2259 1067 2316 in
1082 2274 1156 2336 quo·
1237 2240 1238 2289 ¹

170 2355 293 2415 cumque
309 2348 402 2398 autem
418 2358 470 2399 usu
486 2350 585 2419 putant
600 2342 765 2402 efficaciora
784 2342 857 2401 baec
877 2342 906 2400 in
926 2357 1024 2400 cornu·
1035 2342 1154 2419 caprino
1163 2354 1191 2395 ²⁵
1237 2322 1238 2367 t

131 2430 181 2486 177
194 2438 247 2499 per
261 2420 324 2481 dies
339 2424 438 2498 viginti
455 2425 598 2484 infumata.
628 2424 743 2485 laudaut
759 2433 787 2484 et
806 2424 956 2501 coagulum
970 2424 1080 2501 leporis
1097 2432 1156 2483 ter·

171 2506 212 2564 tia
234 2504 332 2564 denari
355 2516 437 2584 parte
461 2524 498 2566 ex
525 2508 694 2585 dimidiaque
720 2510 859 2585 sacopeni
883 2510 911 2566 in
934 2507 1056 2567 Amineo
1076 2510 1156 2567 uino.

172 2588 318 2667 parotidas
336 2591 446 2651 ursinus
460 2592 542 2670 adips
558 2594 708 2671 conprimit
723 2593 784 2670 pari
799 2591 927 2669 pondere
950 2606 1036 2650 cerae
1052 2599 1082 2650 et
1095 2598 1157 2649 tau-

171 2672 226 2735 rini
247 2671 317 2732 sebi.
349 2673 453 2733 addunt
473 2675 586 2752 quidam
605 2674 833 2752 hypocisthidem
849 2684 878 2733 et
896 2690 949 2752 per
972 2692 1004 2733 se
1025 2673 1159 2748 butyrum

171 2753 324 2831 inlinitum,
340 2759 364 2814 si
379 2757 458 2834 prius
472 2758 623 2817 foveantur
636 2759 696 2817 leni
710 2754 811 2817 Graeci
827 2756 941 2818 decocti
954 2773 1039 2834 suco,
1055 2757 1155 2816 elfica·
1167 2764 1193 2806 ω

173 2840 235 2895 cius
257 2854 319 2896 cum
343 2839 488 2913 strychno.
524 2850 645 2918 prosunt
666 2850 695 2901 et
715 2841 843 2919 volpium
864 2850 956 2900 testes
975 2848 1004 2899 et
1027 2842 1158 2899 taurinus

173 2921 290 2996 mugnis
304 2922 398 2981 aridus
410 2925 501 3000 tritus,
514 2926 593 2983 urina
606 2940 712 3003 caprae
727 2924 869 2984 calefacta
881 2923 1016 2983 instillata
1029 2922 1157 2997 auribus,

173 3001 268 3061 dmum
283 3005 411 3065 eiusdem
426 3022 489 3064 cum
504 3008 627 3083 axungia
643 3008 761 3067 inlitum.

133 3094 184 3149 178
244 3087 328 3166 (49.)
349 3085 448 3157 Dentis
462 3089 575 3148 mobilis
590 3090 739 3149 confirmat
758 3090 866 3149 ceruini
884 3104 988 3149 cornus
1011 3090 1081 3148 cinis
1105 3088 1158 3148 do-

173 3169 310 3246 loresque
326 3189 423 3231 eorum
437 3175 556 3250 mitigat,
575 3174 637 3231 sive
653 3174 819 3232 infricentur
836 3174 897 3231 sive
914 3173 1072 3245 coluaptnr.
1096 3174 1158 3249 qoi-
1168 3181 1195 3222 ³⁵

173 3252 238 3311 darn
251 3252 444 3316 efficaciorem
459 3257 494 3317 ad
509 3258 600 3316 omnis
614 3255 731 3315 eosdem
739 3272 807 3314 usus
823 3256 903 3315 crudi
918 3272 1022 3315 cornus
1037 3255 1160 3315 farinam

172 3331 353 3399 arbitrantur.
386 3340 546 3401 dentifricia
559 3349 680 3415 utroque
699 3338 784 3397 modo
806 3338 884 3399 liunt.
911 3354 1041 3415 magnum
1065 3355 1159 3398 reme-

175 3418 302 3481 diomest
312 3425 341 3482 in
356 3423 485 3502 lnporum
500 3424 601 3501 capitia
615 3423 722 3481 cinere.
739 3430 848 3493 certum
859 3428 903 3483 est
919 3424 947 3481 in
962 3423 1160 3483 excrementis
