2484 3817
359 159 438 209 unu.
453 160 545 208 nisu.
561 159 699 207 xxxnn.
715 158 740 211 8.
758 145 833 229 (19.)
988 168 993 190 ι
1033 147 1088 236 stt

99 314 260 375 nobiliores
275 313 353 374 iecit.
386 311 600 392 Cephisodotus
614 310 771 374 Minervam
785 312 968 373 mirabilem
959 320 1088 393 inportu

99 398 318 481 Atheniensium
334 405 363 457 et
378 414 454 457 aram
468 395 502 455 ad
515 394 650 473 templum
661 394 740 460 lovis
756 396 947 456 Servatoris
939 415 968 456 ιιι
984 395 1087 457 codem

94 460 203 560 portu,
223 482 268 540 cui
293 498 382 558 pauca
403 487 602 557 conparantur.
639 475 786 537 Canachus
802 478 969 557 Apollinem
981 481 1084 542 nudum
1094 489 1128 544 75
1227 540 1233 554 ,

101 566 147 642 qui
174 563 317 623 Philesius
341 565 559 641 cognominatur
583 564 612 620 in
634 560 793 637 Didymaeo
816 561 989 637 Aeginetica
1009 565 1086 623 aeris

78 655 307 725 stemperatura,
322 664 498 723 cervomque
513 662 568 705 una
585 646 624 704 ita
640 646 774 721 vestigiis
790 645 940 721 suspendit
954 654 984 705 ut
999 647 1085 705 linum

98 740 198 808 supter
213 730 304 809 pedes
320 730 448 790 trahatur
463 729 575 790 alterno
587 745 685 787 morsu
701 727 782 787 calce
785 727 949 826 digitisque
961 731 1087 789 retinen-

98 814 173 880 tibus
196 814 306 890 solum,
330 816 369 873 ita
385 812 555 872 vertebrato
573 810 661 871 dente
677 812 835 889 utrisque
826 829 855 870 ιιι
873 812 1004 889 partibus
1024 820 1054 872 ut
1071 830 1086 870 a

96 897 215 975 repulsu
231 915 285 975 per
300 898 372 956 vicis
387 896 507 956 resiliat.
527 894 602 954 idem
614 903 645 954 et
658 894 849 954 celetizontas
861 912 981 993 pueros,
997 883 1108 954 Chae·
1181 912 1184 917 ·

96 999 162 1041 reas
183 980 379 1039 Alexandrum
402 967 535 1056 hlagnum
557 987 587 1037 et
608 977 769 1056 Philippum
790 987 901 1056 patrem
922 980 984 1038 eius
1004 980 1086 1053 lecit,

62 1065 162 1142 solih}
187 1061 330 1123 ctesilaus
354 1062 541 1140 doryphoron
564 1069 594 1121 et
610 1062 787 1121 Amazonem
807 1061 993 1121 volneratum.
1027 1060 1083 1122 De·
1090 1071 1128 1125 76

95 1147 214 1206 metrius
225 1145 413 1221 Lysimachen
424 1164 497 1224 quae
509 1144 647 1206 sacerdos
658 1144 806 1205 illinervae
818 1142 981 1203 luitLXllll
993 1146 1085 1222 annis,
1196 1151 1199 1169 ¹

95 1228 170 1289 idem
188 1237 219 1289 et
233 1228 391 1289 hlinervam
413 1247 486 1307 quae
507 1230 628 1304 myctica
651 1228 814 1306 appellatur
832 1260 874 1273 -—
894 1228 1036 1289 dracones
1056 1230 1085 1287 in

97 1311 234 1389 Gorgone
256 1314 319 1387 eius
340 1311 374 1372 ad
394 1314 467 1373 ictus
489 1312 616 1372 citharae
638 1312 740 1372 tinnitu
769 1319 909 1372 resonant
934 1346 989 1388 —,
1009 1312 1085 1373 idem

96 1398 222 1474 equitem
238 1396 391 1457 Semonem
404 1397 451 1474 qui
468 1397 575 1474 primus
591 1394 628 1455 de
642 1398 771 1473 equitatu
786 1396 910 1472 scripsit.
940 1395 1084 1455 Daedalus

62 1500 86 1539 ιι
96 1489 126 1539 et
137 1481 200 1558 ipse
212 1481 288 1541 iuter
299 1481 417 1540 lictores
429 1479 558 1540 laudatus
570 1496 679 1558 pueros
695 1479 767 1537 duos
779 1474 986 1552 destringentis
999 1498 1031 1539 se
1044 1480 1085 1539 le·

94 1565 150 1641 cit,
165 1562 342 1625 Dinomenes
354 1563 544 1623 Protesilaum
558 1561 803 1659 eththodemum
819 1558 997 1620 luctatorem.
1020 1564 1126 1642 {16177

98 1644 293 1725 Euphranoris
305 1646 473 1706 Alexander
484 1645 565 1704 Paris
578 1653 634 1720 est,
653 1646 751 1720 inquo
763 1642 892 1702 landatur
904 1644 980 1720 quod
992 1647 1084 1706 omnia

96 1730 177 1789 simul
193 1730 416 1805 intellegantur,
429 1727 518 1798 iudex
532 1725 666 1802 dearum,
681 1734 790 1785 amator
800 1723 929 1786 lleleuae
945 1736 1084 1789 ettamen

95 1812 217 1871 Achillis
239 1811 418 1871 interfector.
452 1808 535 1868 huius
557 1817 603 1868 est
615 1808 744 1869 Minerva
759 1808 869 1869 Rornae
889 1828 963 1887 quae
982 1812 1085 1872 dicitur

60 1913 86 1952 ιο
97 1893 255 1971 Catuliana,
271 1894 344 1953 inira
359 1890 531 1970 Capitolium
545 1889 607 1963 ao
620 1891 732 1952 Lutatio
743 1892 847 1969 dicata,
862 1902 893 1953 et
904 1894 1083 1955 simulacrum

95 1976 167 2036 Boni
184 1976 332 2051 Eventus,
357 1975 459 2047 dextra
474 1984 617 2053 pateram,
639 1978 755 2036 sinistra
770 1979 878 2056 spicam
892 1995 925 2036 ac
939 1996 1083 2056 papavera

96 2068 215 2137 tenens,
235 2062 303 2119 item
318 2059 427 2118 batona
444 2076 588 2138 puerpera
604 2060 770 2137 Apollinem
788 2069 817 2120 et
833 2060 951 2121 Dianam
968 2063 1083 2122 inlantis

95 2144 268 2217 sustinens
260 2162 289 2202 ιιι
311 2143 384 2203 aede
400 2140 590 2203 Concordiae.
625 2143 695 2203 lecit
717 2152 747 2203 et
764 2131 916 2221 quadrigas
937 2145 1078 2224 bigasque
1090 2154 1125 2208 78

96 2236 126 2286 et
140 2210 257 2286 cliticon
273 2228 377 2287 eximia
391 2226 501 2302 forma,
506 2235 547 2287 et
562 2225 707 2286 Virtutem
723 2236 754 2287 et
766 2225 913 2287 Graeciam
921 2238 1082 2307 ,utrasque

58 2328 83 2369 as
94 2310 273 2386 colossaeas,
289 2311 437 2370 mulierem
451 2310 635 2369 admirantem
647 2319 676 2369 et
688 2311 884 2387 adorantem,
875 2321 944 2371 rtem
956 2312 1081 2373 Alexan·

93 2394 173 2453 drum
199 2401 229 2453 et
247 2393 442 2472 Philippum
435 2412 463 2453 ιιι
486 2392 644 2470 quadrigis.
682 2393 859 2469 Eutychides
883 2394 1060 2472 Eurotam,
1052 2416 1080 2455 ιιι

94 2493 152 2553 quo
174 2485 264 2535 artem
284 2479 349 2554 ipso
372 2496 454 2537 amne
477 2477 660 2555 liquidiorem
679 2476 801 2555 plurumi
822 2478 932 2539 dixere.
969 2478 1080 2555 Hegiae

93 2557 223 2618 lllinerva
239 2558 422 2638 Pyrrhusque
441 2578 495 2621 rex
511 2560 657 2636 laudatur,
679 2569 710 2620 et
726 2560 918 2621 celetizontes
934 2564 1032 2639 pueri,
1050 2572 1081 2622 et

96 2638 199 2701 Castor
214 2660 248 2702 ac
262 2642 364 2703 Pollux
379 2652 445 2703 ante
462 2643 563 2703 aedem
576 2644 653 2703 lovis
669 2644 793 2703 tonantis
801 2641 991 2720 ,Hegesiae'
983 2664 1012 2704 ιιι
1026 2646 1077 2705 Pa·
1087 2656 1121 2712 79

59 2726 139 2789 sorio
157 2724 270 2785 colonia
284 2724 439 2799 Hercules,
455 2726 555 2786 lsidoti
571 2726 716 2802 huthytes
754 2685 818 2805 [ll'l
832 2725 936 2802 Lycius
950 2728 1079 2804 llyrouis

94 2806 250 2885 discipulus
266 2809 328 2884 luit,
345 2810 392 2885 qui
407 2811 476 2869 lecit
492 2810 605 2887 dignum
620 2818 812 2888 praeceptore
830 2826 949 2886 puerum
963 2812 1080 2873 suldan-

94 2900 152 2951 tem
169 2890 318 2968 languidos
334 2892 409 2966 ignis
428 2900 459 2951 et
473 2893 673 2969 Argonautas,
693 2891 858 2953 Leochares
875 2893 997 2970 aquilam
1015 2916 1079 2957 sen-

95 2976 213 3034 tientem
230 2974 297 3051 quid
312 2976 403 3051 rapiat
420 2977 448 3033 in
464 2973 628 3051 Ganymede
648 2984 678 3035 et
698 2978 743 3035 cui
759 2976 834 3034 ierat
853 2984 1078 3056 parcentemque

94 3057 235 3132 unguibus
257 3059 341 3118 etiam
360 3074 413 3134 per
433 3066 544 3119 vestem
561 3076 671 3136 puero,
691 3056 864 3154 Autolycum
880 3061 1018 3137 pancratii
1037 3065 1078 3120 vi·

58 3147 204 3207 sectorem
227 3148 347 3219 propter
373 3158 457 3217 quem
476 3139 641 3219 Xenophon
667 3142 842 3218 symposium
871 3145 1005 3223 scripsit,
1032 3143 1078 3204 lo·

93 3240 216 3320 pemque
229 3224 307 3283 illum
323 3225 488 3283 tonantem
480 3243 509 3283 m
524 3220 669 3303 Capitolio
683 3232 750 3285 ante
774 3232 875 3285 cuncta
896 3226 1077 3305 laudabilem,

94 3306 162 3364 item
179 3307 342 3385 Apollinem
358 3307 559 3384 diadematum,
581 3306 730 3382 Lyciscam
749 3324 936 3386 mangonem,
958 3330 1077 3389 puerum

93 3390 233 3450 subdolae
249 3408 282 3449 ac
297 3391 409 3451 locatae
425 3390 607 3464 vernilitatis,
622 3390 726 3467 Lycius
740 3399 770 3451 et
785 3392 849 3469 ipse
865 3410 984 3470 puerum
998 3395 1076 3454 sulli-
