2484 3817
125 124 183 187 .32
484 123 789 177 ornnusuconm

142 285 260 363 proprie
275 283 357 341 limus
378 290 431 345 est.
470 288 615 359 optumum
637 299 676 341 ex
695 298 732 340 eo
753 279 830 357 quod
851 280 978 340 Atticum
1001 291 1134 359 vocatur,

141 367 263 445 pretium
278 368 308 424 in
325 363 422 442 pondo
439 363 528 423 libras
543 363 572 424 X
588 377 632 441 11,
648 382 818 442 proxumum
831 381 1039 424 marmorosum
1055 365 1135 425 dimi-

100 460 150 515 159
161 449 208 507 dio
226 447 316 506 Attici
338 448 444 524 pretio.
485 450 601 508 tertium
624 466 716 525 genus
737 455 784 506 est
804 465 953 525 pressum,
983 449 1061 525 quod
1084 450 1138 509 alii·

141 531 287 606 Scyricum
299 538 413 607 vocant,
426 549 464 590 ex
475 531 567 591 insula
579 530 683 608 Scyro,
695 533 750 589 iam
762 539 792 590 et
804 530 968 607 exllcbaia,
981 548 1038 608 quo
1050 540 1135 591 utun·

141 624 186 673 tur
204 613 239 672 ad
256 615 386 691 picturae
405 614 536 691 umbras,
558 617 683 693 pretium
700 617 730 672 in
749 613 838 673 libras
853 613 910 672 llS.
926 614 1004 689 bini,
1023 615 1156 693 dupons

139 696 193 757 diis
209 714 281 757 vero
294 698 431 757 detractis
443 698 520 775 quod
533 698 656 757 lucidum
671 702 774 757 iocant
788 716 805 757 e
821 696 912 756 Gallia
927 700 1059 757 veniens.
1076 699 1133 759 hoc

138 788 233 840 autem
248 789 278 840 et
292 781 391 840 Attico
408 782 443 841 ad
458 782 562 840 lumina
578 788 711 857 utuntur,
732 781 768 839 ad
785 780 892 839 abacos
907 797 966 839 nou
986 783 1042 840 nisi
1059 800 1133 841 mar-

138 881 277 940 moroso,
299 867 433 942 quoniam
452 880 575 923 marmor
595 866 625 923 in
648 880 685 923 eo
707 866 820 923 resistit
837 863 1015 923 amaritudini
1033 866 1130 925 calcis.

139 947 275 1006 effoditur
287 956 317 1007 et
331 947 366 1006 ad
377 946 440 1006 XX.
454 947 489 1006 ab
505 946 577 1007 urbe
592 946 717 1025 lapidem
731 950 761 1006 in
776 947 933 1006 montibus.
957 956 1063 1025 postca
1074 948 1133 1008 uri·

139 1039 184 1089 tur
207 1049 339 1108 pressum
360 1030 573 1108 appellantibus
595 1032 643 1109 qui
664 1030 836 1090 adulterant
877 1030 929 1089 sed
947 1049 1015 1089 esse
1029 1032 1167 1092 lalsumro

139 1122 328 1190 exustumque
351 1112 538 1191 amaritudine
565 1113 686 1191 adparet
709 1122 739 1173 et
761 1116 895 1211 quoniam
917 1114 1110 1173 resolutum
1101 1135 1131 1175 ιιι

98 1208 148 1261 160
160 1196 310 1274 pulverem
332 1204 388 1255 est.
426 1194 487 1255 Sile
510 1197 635 1273 pingere
662 1199 815 1255 instituere
843 1198 926 1274 primi
949 1195 1131 1274 Polygnotus

139 1289 169 1339 et
182 1278 294 1369 Micon,
315 1278 413 1337 Attico
435 1278 587 1339 dumtaxat
624 1289 723 1339 secuta
739 1288 819 1339 aetas
836 1280 892 1339 hoc
910 1279 945 1338 ad
959 1280 1063 1340 lumina
1079 1300 1130 1341 usa

139 1371 200 1438 est,
222 1363 257 1421 ad
277 1356 390 1422 u'mbras
412 1370 506 1422 autem
526 1362 646 1438 Scyrice
665 1372 695 1422 et
713 1361 815 1438 Lydio.
850 1360 968 1439 Lydium
991 1364 1128 1425 Sardibus

137 1445 303 1523 emebatur,
318 1446 394 1522 quod
409 1464 482 1505 nunc
499 1446 648 1505 obmutuit.
1138 1472 1165 1511 ιι

96 1541 144 1595 161
223 1530 270 1590 13.
295 1530 374 1609 (57.)
405 1527 576 1589 Caeruleum
601 1530 708 1589 harena
729 1538 799 1590 est:
822 1529 905 1589 buius
934 1548 1044 1606 genera
1072 1531 1126 1588 tria

136 1613 219 1672 fuere
235 1614 407 1690 antiquitus:
432 1612 610 1691 Aegyptium
626 1632 757 1673 maxume
774 1614 942 1691 probatum,
964 1612 1127 1689 Scytbicum

136 1730 178 1740 -
192 1696 248 1755 hoc
263 1696 379 1754 diluitur
395 1695 481 1755 facile
501 1705 548 1772 et,
567 1715 630 1755 cum
644 1699 765 1773 teritur,
787 1699 817 1756 in
834 1696 890 1755 llll
905 1696 1023 1755 colores
1039 1705 1128 1755 muta-

138 1788 200 1857 tur,
215 1779 408 1838 candidiorem
422 1781 617 1854 nigrioremve
629 1790 660 1840 et
672 1783 845 1839 crassiorem
860 1782 1059 1839 tenuioremve
1073 1815 1125 1856 —,

137 1864 301 1942 praefertur
314 1862 380 1920 huic
398 1863 558 1921 etiamnunc
574 1861 720 1941 Cyprium.
742 1864 866 1922 accessit
879 1862 923 1921 bis
939 1861 1168 1924 Puteolanumao*

138 1955 168 2005 ct
184 1946 393 2025 Hispaniense,
413 1944 520 2004 harena
542 1947 581 2003 ibi
598 1947 701 2005 coniici
724 1954 838 2024 coepta.
875 1947 1014 2023 tinguitur
1031 1955 1126 2005 autem

138 2047 221 2088 omne
237 2037 267 2087 et
284 2029 313 2087 in
328 2045 379 2086 sua
393 2030 526 2104 coquitur
543 2027 633 2087 herba
647 2030 779 2106 bibitque
795 2047 902 2089 sucum.
930 2028 1042 2107 reliqua
1057 2047 1127 2092 cone

95 2122 145 2176 162
157 2112 266 2171 iectura
282 2111 381 2170 eadem
396 2128 470 2187 quac
486 2110 697 2187 chrysocollae.
727 2111 774 2173 Ex
787 2113 922 2172 caeruleo
938 2113 969 2171 iit
984 2112 1059 2189 quod
1072 2129 1123 2170 vo-

137 2204 217 2255 catur
237 2194 407 2269 lomentum,
428 2194 578 2271 perficitur
595 2195 624 2253 id
638 2196 758 2255 lavando
778 2196 968 2273 terendoque.
1002 2194 1057 2253 boc
1075 2204 1121 2252 est

131 2278 272 2341 ,caeruleo
293 2276 449 2337 candidius.
484 2278 577 2355 pretia
600 2280 663 2337 eius
681 2277 749 2338 Xx
768 2281 798 2337 in
818 2278 925 2354 libras,
948 2277 1072 2337 caerulei
1094 2276 1159 2336 Xua

137 2376 209 2421 vni.
238 2380 306 2419 usus
323 2362 464 2435 increta,
484 2360 571 2419 calcis
590 2363 744 2439 inpatiens.
773 2364 1003 2439 superaccessit
1019 2358 1122 2420 etVe-

137 2446 292 2505 storianum
308 2443 343 2501 ab
361 2453 478 2503 auctore
493 2444 677 2521 appellatum
712 2446 744 2503 lit
765 2464 803 2505 ex
820 2445 959 2521 Aegyptii
975 2444 1122 2504 levissima

137 2537 239 2607 parte,
261 2529 384 2604 pretium
407 2529 469 2586 eius
484 2528 513 2586 in
527 2527 616 2587 libras
631 2528 660 2589 X
674 2544 696 2588 1
734 2529 810 2588 idem
828 2536 858 2587 et
872 2527 1023 2586 Puteolani
1041 2546 1122 2604 usus,

97 2625 147 2679 163
158 2620 332 2691 praeterque
355 2611 390 2670 ad
418 2611 578 2687 fenestras,
605 2612 691 2689 cylon
711 2620 826 2671 vocant.
857 2610 922 2670 Non
944 2611 1054 2688 pridem
1074 2611 1123 2669 ad·

137 2696 247 2795 portari
263 2702 293 2754 et
307 2693 433 2754 Indicum
448 2704 583 2772 coeptum
601 2705 665 2772 est,
680 2696 760 2753 cuius
775 2687 899 2772 pretiuiu
913 2692 941 2753 X
954 2708 1016 2753 vn.
1046 2696 1156 2757 ratioao

137 2782 166 2838 in
186 2780 296 2856 pictura
318 2777 386 2835 ad
377 2780 533 2854 incisuras,
556 2778 612 2837 hoc
632 2787 679 2837 est
699 2778 812 2837 umbras
834 2777 999 2837 dividendas
1019 2778 1055 2837 ab
1079 2777 1121 2835 lu·

136 2863 222 2921 mine.
252 2860 305 2919 Est
320 2868 350 2920 et
367 2861 533 2919 vilissimum
548 2880 640 2936 genus
656 2861 787 2959 lomenti,
803 2861 880 2959 quod
894 2863 991 2919 tritum
1004 2868 1119 2935 vocant,

134 2946 230 3044 quinis
252 2942 365 3002 assibus
386 2944 573 3003 aestimatum.
609 2942 743 3003 Caerulei
763 2946 869 3004 sinceri
894 2944 1120 3021 experimentum

136 3030 166 3087 in
181 3027 307 3088 carbone
323 3033 354 3083 ut
377 3024 492 3101 flagret,
513 3025 591 3085 iraus
612 3027 689 3086 viola
711 3027 790 3087 arida
806 3028 951 3087 decocta'
942 3046 971 3087 ιιι
986 3044 1058 3109 aqua
1073 3044 1120 3085 su-

137 3130 230 3189 coque
250 3126 303 3185 per
315 3107 438 3166 linteum
455 3126 596 3186 expresso
610 3111 639 3167 in
653 3119 760 3169 cretam
774 3109 927 3169 Eretriam.
959 3112 1003 3168 vis
1018 3111 1048 3167 in
1062 3128 1154 3175 mis-35

105 3194 228 3252 dicina
242 3199 274 3248 ut
289 3199 393 3267 purget
410 3190 514 3250 ulcera.
549 3193 647 3269 itaque
662 3202 693 3252 et
708 3194 871 3270 emplastris
886 3194 1026 3268 adiciunt,
1048 3195 1117 3252 item

96 3284 146 3338 164
156 3275 297 3334 causticis.
331 3274 433 3332 teritur
448 3282 541 3333 autem
557 3274 722 3335 difficillime
738 3276 820 3334 sil.'
812 3293 842 3332 ιιι
854 3275 996 3352 medendo
1012 3235 1118 3335 leniter

136 3356 247 3417 mordet
266 3356 473 3431 adstringitque
494 3365 523 3415 et
546 3359 645 3435 explet
665 3359 772 3418 ulcera.
806 3359 898 3417 uritur
918 3361 949 3418 iu
969 3359 1117 3435 fictilibus,
