2484 3817
168 214 228 274 114
468 218 499 267 0.
521 215 617 264 Phuni
638 211 787 262 sacuam

120 390 154 444 to
167 398 205 437 ex
224 393 297 455 aqua
320 390 374 453 pro
390 372 527 449 singulari
542 367 672 429 remedio
687 366 788 426 bibere
810 363 939 423 suadent.
969 363 1148 439 Strassurias

164 463 267 521 discuti
283 466 313 517 et
326 458 469 517 dictamno
484 464 593 514 certum
605 459 662 525 est,
678 454 746 510 item
761 446 958 526 quinquefolio
974 446 1098 505 decocto
1113 447 1149 507 ad

163 546 264 604 tertias
278 545 307 601 in
327 542 403 599 vino.
432 538 489 599 hoc
503 547 533 596 et
544 534 747 595 enterocelicis
765 532 825 591 dari
840 539 925 611 atque
942 531 1020 589 inlini
1034 530 1148 589 utilissi-

162 646 236 686 mum
252 635 305 685 est.
333 623 412 703 xiphi
431 639 546 700 quoque
560 619 642 678 radix
657 618 790 696 superior
802 616 908 674 urinam
920 616 976 673 olet
987 612 1149 673 infantibus.

163 708 369 771 enterocelicis
386 705 469 764 datur
484 722 521 762 ex
538 720 612 780 aqua
633 710 662 759 et
681 701 807 759 inlinitur
827 700 945 757 uesicae
964 698 1052 755 uitiis.
1080 714 1174 775 peu-s

164 794 265 853 cedani
280 808 366 850 sucus
380 789 526 847 infantium
542 786 634 845 ramiti
657 792 686 843 et
708 782 850 842 umbilicis
865 780 1053 839 eminentibus
1074 780 1151 859 psyl-

120 890 155 941 80
166 878 226 937 lion
241 876 375 934 inlinitur.
413 872 521 929 urinam
536 870 613 927 cient
635 866 828 943 auragallidea,
850 866 930 924 acori
944 864 1050 923 radicis
1065 863 1151 923 deuo-

163 970 239 1020 ctum
253 958 302 1017 uel
317 960 380 1034 ipsa
395 956 460 1013 trita
475 961 619 1030 potaque,
635 958 665 1009 et
678 951 771 1009 omnia
785 951 904 1007 vesicae
918 948 1001 1023 vitia,
1024 946 1153 1005 calculos

163 1054 193 1104 et
211 1041 301 1101 herba
321 1048 350 1099 et
370 1035 452 1095 radix
468 1035 653 1109 cotyledonis
676 1036 800 1109 itemque
820 1030 985 1108 genitalium
1001 1030 1152 1090 inflamma·

162 1129 269 1185 tionem
296 1138 409 1182 omnem
423 1121 498 1197 upari
525 1117 654 1196 pondere
677 1116 768 1175 caulis
792 1124 822 1175 et
842 1115 959 1173 seminis
980 1122 1009 1173 et
1030 1131 1152 1173 murrae.
1165 1139 1192 1178 10

121 1221 153 1274 81
166 1209 288 1268 llbulum
303 1215 432 1264 tenerum
457 1219 520 1261 cum
536 1200 614 1259 loliis
636 1201 730 1258 tritum
756 1216 794 1256 ex
818 1200 885 1257 uiuo
905 1207 1003 1275 potum
1025 1197 1154 1257 calculos

165 1292 263 1370 pellit,
285 1289 440 1365 inpositum
455 1285 537 1343 testis
556 1291 645 1343 sanat.
686 1284 822 1357 erigeron
842 1298 958 1359 quoque
980 1298 1043 1340 cum
1063 1280 1156 1340 iariua

163 1375 234 1434 turis
254 1381 283 1431 et
304 1373 371 1429 vino
396 1366 483 1435 dul&
494 1369 607 1425 testium
626 1364 860 1425 inflammationes
885 1373 975 1423 sanat.
1011 1363 1155 1441 symphyti

163 1457 246 1516 radix
267 1454 345 1514 inlita
368 1450 551 1511 enterocelas
567 1448 701 1523 cohibet,
724 1448 888 1524 genitalium
909 1465 1009 1506 nomas
1034 1448 1156 1525 hypoci-

164 1539 235 1599 sthis
251 1536 326 1597 alba.
365 1534 518 1594 Artemisia
534 1548 650 1610 quoque
669 1531 751 1591 datur
770 1540 870 1590 contra
887 1530 1016 1591 calculos
1035 1549 1073 1590 ex
1087 1532 1157 1589 uiuo
1168 1552 1194 1590 rs

163 1623 240 1683 dulci
256 1630 285 1680 et
301 1619 335 1679 ad
354 1618 555 1694 stranguriam,
572 1615 691 1675 dolores
706 1616 822 1674 uesicae
838 1614 919 1675 sedat
940 1633 977 1673 ex
992 1615 1059 1675 vino
1074 1614 1158 1673 radix

164 1704 343 1783 nymphaeae
359 1701 521 1761 lleracliae.

122 1802 156 1856 82
230 1788 314 1866 (50.)
337 1785 446 1846 Eadem
462 1785 506 1843 vis
529 1782 658 1843 crethmo
680 1781 715 1843 ab
729 1782 905 1860 Hippocrate
927 1780 1077 1841 admodum
1096 1780 1157 1839 lau-

165 1874 259 1933 datae.
289 1879 335 1930 est
350 1878 444 1929 autem
458 1869 533 1926 inter
552 1884 604 1927 eas
629 1883 701 1944 quae
726 1866 846 1927 eduntur
865 1864 1037 1925 silvestrium
1051 1863 1157 1924 herba·

164 1973 243 2030 rum,
256 1988 298 2000 -
313 1952 388 2012 hanc
411 1959 491 2011 certe
515 1950 591 2027 apud
612 1947 818 2009 Callimachum
840 1948 958 2027 adponit
977 1950 1083 2009 rustica
1105 1948 1196 2009 illaao

164 2037 285 2113 Hecale,
296 2067 341 2082 --
353 2035 529 2112 speciesque
544 2033 660 2110 plantae
674 2032 849 2092 hortensiae.
886 2032 976 2093 caulis
997 2050 1079 2091 unum
1095 2031 1159 2108 pal·

165 2137 239 2180 muru
253 2119 341 2194 altus,
365 2134 463 2176 semen
478 2118 607 2189 fervens,
626 2115 775 2175 odoratum
791 2134 844 2174 ceu
860 2115 1040 2191 libanotidis,
1060 2124 1159 2174 rotun·

165 2205 238 2276 dum,
255 2204 393 2261 siccatum
405 2200 553 2277 rumpitur,
566 2197 655 2257 habet
669 2200 743 2258 intus
755 2199 887 2259 nucleum
899 2198 1057 2274 candidum,
1073 2216 1160 2275 quem

165 2286 252 2364 aliqui
274 2284 409 2359 cachrym
424 2289 540 2341 vocant.
572 2281 644 2340 lolia
666 2282 780 2360 pinguia
797 2282 923 2343 albicant
942 2282 1037 2342 veluti
1051 2281 1159 2358 olivae,

167 2372 312 2431 crassiora
327 2378 356 2428 et
370 2368 448 2427 salsa
463 2373 564 2442 gustu,
579 2364 696 2425 radices
717 2366 798 2443 digiti
819 2366 1008 2426 crassitudine
1028 2374 1088 2425 tres
1110 2375 1197 2425 antus

123 2469 158 2522 83
170 2462 312 2533 quattuor.
343 2451 470 2510 nascitur
487 2449 516 2506 in
535 2449 680 2506 maritimis
701 2452 835 2525 petrosis.
868 2459 947 2509 estur
968 2450 1083 2509 crudum
1107 2467 1160 2507 co·

169 2548 281 2597 ctumve
297 2553 359 2596 cum
371 2534 461 2608 olere,
478 2530 591 2591 odorati
608 2534 722 2608 saporis
738 2543 766 2591 et
781 2533 903 2592 iucundi.
925 2543 1056 2592 seruatur
1072 2532 1161 2591 etiam

166 2624 194 2681 in
209 2620 298 2679 muria
316 2616 465 2698 praecipui
486 2632 555 2674 usus
579 2614 614 2673 ad
635 2619 823 2692 stranguriam
843 2617 916 2677 lolio
935 2616 983 2675 vel
1006 2616 1089 2675 caule
1110 2615 1161 2675 nel

165 2703 263 2763 radice
284 2720 322 2762 ex
345 2702 422 2758 rino.
461 2698 592 2757 colorem
616 2715 729 2776 quoque
754 2703 887 2778 corporis
908 2700 1064 2777 gratiorem
1079 2698 1161 2774 iacit

166 2804 265 2846 uerum
280 2786 390 2861 largior
405 2781 576 2842 inflationes.
612 2782 706 2842 alvom
722 2784 809 2843 solvit
823 2784 958 2861 decocto,
973 2784 1080 2842 urinam
1096 2791 1125 2839 et
1141 2800 1199 2844 aso

166 2870 284 2929 renibus
305 2884 435 2928 umorem
458 2864 543 2924 trahit
565 2866 638 2925 sicut
660 2866 779 2927 alcimae
800 2870 898 2927 siccae
917 2867 1007 2927 farina
1035 2868 1064 2924 in
1088 2865 1161 2924 uino

167 2962 246 3032 pota,
262 2951 451 3028 stranguriam
466 2948 614 3007 eilicacius
629 2949 724 3011 addito
740 2952 841 3011 dauco.
865 2950 932 3010 lieni
947 2966 1062 3028 quoque
1079 2949 1163 3009 utilis

168 3036 306 3096 aduersus
330 3031 476 3113 serpentis
499 3030 620 3107 bibitur,
647 3034 778 3093 iumentis
799 3050 914 3112 quoque
935 3036 962 3092 in
986 3034 1086 3111 pituita
1111 3042 1163 3091 aut

169 3120 346 3196 stranguria,
361 3116 472 3178 hordeo
487 3114 617 3192 inspersa
634 3118 782 3176 succurrit.
1092 3150 1096 3159 ·

125 3212 161 3267 ot
236 3202 320 3281 (51.)
343 3198 510 3273 Anthyllion
533 3207 579 3257 est
600 3197 668 3255 lenti
688 3200 827 3261 simillima
870 3220 923 3261 uae
949 3202 977 3258 in
997 3200 1064 3259 uino
1087 3207 1202 3276 potans

169 3286 283 3344 vesicas
300 3288 376 3345 vitiis
392 3284 510 3356 liberat,
532 3283 699 3356 sauguinem
722 3285 805 3343 sistit.
846 3218 935 3343 bbtcra
956 3291 1001 3341 est
1022 3281 1163 3355 anthyllis

169 3368 386 3510 clitarpuaepityos
406 3364 523 3440 similis,
550 3362 622 3422 dore
638 3381 798 3445 purpureo,
827 3368 917 3429 odore
934 3368 1031 3443 gravi,
1059 3364 1163 3427 radice

169 3470 226 3510 unu
249 3471 266 3510 u.
