2484 3817
150 149 207 212 128
483 158 514 206 c.
535 159 630 206 eurus
652 157 801 206 secunus

145 315 318 376 intenebris
338 315 443 375 dorent
460 331 534 392 quae
555 331 650 390 neque
671 311 784 390 concipi
801 312 896 372 animo
912 311 968 370 uisi
983 311 1018 370 ab
1037 313 1073 372 iis
1090 315 1140 391 qui

56 394 58 405 '
107 410 156 464 125
169 398 269 459 videre
287 417 381 476 neque
397 399 525 458 enarrari
541 397 663 456 hnmano
679 413 814 460 sermone
829 402 960 474 possunt.
987 394 1052 474 [121
1067 395 1142 460 Nam

92 497 95 505 “
146 491 248 562 portus
264 481 408 542 Ostiensis
425 498 499 560 opus
513 489 687 560 praetereo,
702 482 772 540 item
789 481 851 540 uias
868 496 921 556 per
938 481 1044 538 montis
1060 484 1140 541 exci-

146 585 206 644 sas,
217 584 296 626 mare
312 565 518 642 Tyrrhenuma
532 564 656 626 Lucrino
672 563 796 624 molibus
812 562 968 640 seclusum,
985 571 1029 622 tot
1041 567 1142 664 pontis

146 653 234 711 tantis
253 649 397 729 inpendiis
418 651 521 711 iactos.
558 657 587 709 et
609 651 687 709 inter
708 647 838 726 pluruma
857 646 913 707 alia
931 645 1054 708 ltaliue'
1045 651 1163 747 rpsiuss

146 818 290 880 Fabianus
321 827 441 879 naturae
462 836 559 878 rerum
578 816 791 915 peritissimus,
814 824 1001 894 exemptores
1024 833 1141 915 quoque

146 900 294 964 adfirmant
309 903 442 981 conpleri
456 910 562 980 sponte
579 900 630 959 illa
645 901 780 960 montium
798 899 905 960 ulcera.
937 917 1011 978 quae
1028 902 1052 960 si
1069 919 1141 961 vera

146 997 228 1066 sunt,
241 1005 311 1066 spes
327 995 374 1046 cst
387 1003 538 1063 numquam
552 983 685 1045 delutura
699 983 837 1044 luxuriae.

106 1081 156 1136 126
232 1073 279 1132 16.
301 1069 383 1148 (25.)
405 1068 637 1129 Amarmoribus
657 1067 839 1145 degredienti
856 1067 893 1127 ad
908 1067 1085 1146 reliquorum
1101 1068 1176 1128 laco
1231 1115 1232 1124 ,

147 1157 243 1234 pidum
258 1154 381 1230 insignis
398 1160 514 1212 naturas
529 1153 594 1230 quis
608 1152 722 1212 dubitet
741 1153 771 1211 in
793 1153 894 1230 primis
912 1160 1073 1229 magnetem
1093 1171 1142 1213 cc·
1231 1153 1232 1158 ’

146 1235 287 1300 currere?
303 1235 369 1314 quid
385 1237 461 1296 enim
475 1235 634 1294 mirabilius
648 1244 696 1295 aut
711 1252 765 1312 qua
778 1237 806 1295 in
818 1245 902 1315 parte
914 1244 1039 1296 naturae*
1049 1239 1142 1296 maior
1231 1231 1232 1234 ’

106 1317 329 1401 noinprobitas‘i
344 1319 464 1380 dederat
478 1336 581 1379 uocem
596 1320 694 1396 suxis,
712 1327 743 1378 ut
758 1319 884 1381 diximus·
889 1319 1143 1398 ,respondentem

147 1405 303 1481 homini,'
295 1421 381 1464 ummo
401 1422 474 1464 vero
501 1411 531 1463 et
554 1402 771 1482 obloquentem.
816 1405 884 1483 quid
910 1403 1030 1483 lapidis
1040 1407 1141 1482 rigore

146 1486 280 1569 pigrius?
314 1507 386 1550 ecce
408 1507 512 1549 sensus
532 1505 690 1587 mapnsque
713 1487 814 1547 tribuit
833 1489 885 1548 illi.
920 1487 987 1567 quid
1002 1489 1073 1549 lerri
1091 1489 1179 1549 du-15

105 1571 426 1653 1atrittnpugnuciust
446 1572 538 1651 pedes
557 1575 585 1632 ei
600 1571 751 1652 inpertivit
771 1581 809 1632 ct·
815 1589 930 1652 mores,
950 1572 1071 1632 trahitur
1085 1591 1143 1633 ma·
1233 1600 1234 1662 p

147 1667 236 1759 gncte
268 1658 380 1736 lapide,
411 1657 606 1735 domitrixque
633 1656 683 1717 illa
706 1675 802 1716 rerum
824 1659 947 1718 omnium
966 1659 1088 1717 materia
1107 1658 1143 1718 ad
1233 1669 1234 1674 ’

146 1747 233 1807 inane
248 1743 349 1802 nescio
366 1741 434 1819 quid
448 1743 538 1801 currit
554 1750 641 1819 atque
658 1750 688 1801 ut
702 1744 823 1820 propius
837 1743 917 1802 uenit
932 1740 1047 1817 adsilit,
1060 1750 1142 1802 tene·

146 1837 194 1888 tur
209 1826 400 1905 amplexuque
415 1824 527 1885 haeret.
559 1825 700 1886 sideritim
716 1825 754 1885 ob
770 1825 799 1886 id
815 1826 872 1886 alio
889 1827 1005 1886 nomine
1024 1831 1142 1905 uocant,

111 1956 114 1970 .
148 1910 261 1991 quidam
270 1909 434 1970 llernclion.
456 1927 574 1987 magnes
586 1909 748 1988 appellatus
762 1918 808 1970 est
819 1910 854 1971 eb
867 1912 1032 1987 inventore,
1047 1919 1077 1969 ut
1094 1929 1142 1970 nu·
1152 1928 1178 1969 no

147 2005 212 2057 ctor
227 2003 273 2054 est
287 1992 447 2069 Nicander,
463 1995 493 2053 in
509 1994 558 2053 Ida
574 2002 729 2071 repertus,
751 2011 872 2073 namque
888 2002 919 2053 et
938 1997 1045 2072 passim
1061 1996 1142 2054 inve·

147 2079 310 2154 aluntur,iu
320 2077 456 2155 llispaniu
467 2094 592 2157 quoque.
608 2079 757 2139 invenisse
769 2086 863 2138 nutem
874 2078 967 2138 lentur
976 2078 1065 2138 clavis
1078 2097 1141 2138 cre-

148 2164 276 2242 pidarum
291 2161 443 2239 baculique
461 2162 581 2240 cuspide
593 2161 799 2240 haerentibus,
821 2181 883 2222 cum
898 2171 1024 2222 armenta
1040 2181 1142 2242 pasce-

107 2257 158 2312 lhs
170 2254 224 2307 ret
246 2242 379 2322 Quinque
394 2263 505 2322 genera
515 2248 658 2323 magnetis
671 2245 792 2307 Sotacus
809 2246 1001 2307 demonstrat.
1019 2246 1143 2306 Aethio-

135 2334 243 2414 ⁴picum
264 2337 295 2389 et
315 2327 498 2406 allagnesia
513 2328 701 2390 blacedoniae
722 2332 899 2390 contermina
914 2330 949 2390 ab
966 2329 1060 2390 Elone
1073 2322 1177 2391 Bel-sa

149 2416 207 2476 ben
228 2412 319 2473 lacum
344 2414 513 2491 petentibus
533 2412 652 2489 dextra,
673 2417 815 2474 tertium'
807 2433 836 2474 ιιι
852 2413 960 2513 llyettp
987 2414 1143 2492 Boeotiae,

150 2507 280 2577 quartum
298 2498 374 2556 circa
389 2496 593 2557 Alexandriam
612 2496 773 2575 Troadem,
797 2500 953 2577 quinturu'
945 2518 973 2558 ιιι
991 2497 1144 2576 hlagncsia

150 2583 248 2643 Asiae.
283 2580 445 2642 differentia
467 2582 574 2658 prima,
599 2583 721 2642 messit
745 2601 781 2643 an
807 2584 928 2660 femina,
950 2599 1091 2661 proxuma
1113 2586 1144 2643 in

150 2667 263 2728 colore.
299 2683 363 2725 nam
385 2666 433 2743 qui
458 2666 488 2723 in
510 2663 660 2743 lllagnesia
677 2665 861 2726 hlacedcnica
882 2666 1067 2746 reperiuntur
1089 2669 1142 2728 ruli

150 2752 283 2829 nigrique
306 2758 388 2828 suut,
412 2748 527 2808 Boeotii
548 2768 621 2810 vero
642 2751 695 2810 ruli
713 2749 822 2810 coloris
844 2750 908 2829 plus
931 2751 1039 2821 habeut
1057 2770 1176 2830 quamnu

150 2835 234 2912 nigri.
277 2834 304 2893 is
324 2835 372 2911 qui
396 2831 509 2892 Troade
532 2834 677 2893 invenitur
697 2835 781 2911 niger
799 2843 845 2895 est
869 2843 899 2895 et
916 2835 1032 2895 feminei
1051 2855 1141 2896 sexus

151 2917 317 2995 ideoque'
292 2935 356 2977 sune
372 2917 501 2992 viribus,
525 2917 703 2977 deterrimus
718 2920 835 2977 autem
826 2937 855 2978 ιιι
869 2918 1018 3019 blagpcsia
1037 2919 1143 2996 Asiae,

134 3001 287 3072 candidus
300 3017 396 3078 neque
410 2999 557 3061 attrahens
573 3002 680 3061 ferrum
697 3001 856 3081 similisque
866 3004 984 3102 pumici
1017 3020 1144 3082 conper-

110 3096 161 3170 129
174 3096 232 3146 tum
248 3094 327 3145 tanto
350 3082 488 3144 meliores
504 3103 573 3146 esse
596 3092 702 3164 quanto
724 3087 780 3145 sint
798 3089 889 3164 magis
910 3087 1046 3148 caerulei
1081 3087 1143 3147 Ac·

153 3171 281 3248 thiopicc
297 3167 389 3246 palma
403 3167 486 3228 datur
499 3169 669 3247 pondusque
679 3179 806 3268 ‘argento
821 3170 1028 3250 rependitur.
1029 3173 1142 3231 inveni·
1153 3191 1176 3232 an

152 3262 198 3312 tur
219 3253 291 3312 hic
283 3272 313 3311 ιιι
341 3251 517 3328 Aethiopiae
541 3252 636 3312 Zmiri.
677 3254 717 3313 ita
738 3262 858 3314 vocatur
876 3258 961 3332 regio
983 3241 1142 3332 harenosa,

152 3336 191 3397 ibi
219 3345 248 3394 et
276 3336 445 3396 haematites
464 3353 582 3412 magnes
609 3339 759 3416 sanguinei
781 3336 889 3415 cqloris
913 3341 1143 3418 sanguinemque

152 3417 292 3494 reddens,
307 3421 333 3479 si
348 3425 474 3492 teratur,
488 3418 541 3479 sed
557 3427 594 3479 et
601 3427 725 3482 crocum.
754 3423 783 3481 in
799 3421 967 3484 attrahendo
982 3424 1063 3483 ferro
1081 3441 1144 3484 non
