2484 3817
249 212 331 261 nur.
353 208 662 261 ursu.xxxr111.1o.
684 209 727 263 11.
749 198 899 276 (aa-26.)
1034 202 1073 264 53

84 366 182 426 briore
202 366 385 425 excutiuntur
398 363 490 423 veluti
510 362 581 421 milli
597 380 732 439 squamae
752 380 823 441 quas
840 374 947 424 uocant
964 366 1073 428 liorem.

85 449 184 509 cadunt
194 457 298 526 autem,
315 464 378 507 curn
390 465 480 524 panes
496 447 573 506 aeris
588 459 661 522 aqua
675 447 897 524 refrigerantur,
911 449 1075 528 rubentque

85 533 365 611 similiter‘squamae
380 532 458 590 aeris
473 547 557 608 quam
573 537 679 588 vocant
695 528 807 606 lepida,
830 540 862 592 et
874 533 917 590 sic
931 532 1073 593 adultera·

84 624 128 675 tur
147 616 201 675 llos
217 625 248 675 ut
264 632 381 694 squama
396 624 503 673 veneat
519 630 573 691 pro
590 629 637 671 eo.
672 610 728 671 Est
744 621 838 672 antem
858 632 975 692 squama
995 620 1073 677 aeris

63 698 202 759 sdeoussa
220 702 248 759 vi
265 698 354 759 clavis
373 700 403 756 in
419 714 492 775 quos
510 714 600 775 panes
622 697 703 754 aerei
724 696 940 758 feruminautur,
974 700 1003 758 iu
1019 698 1074 775 Gy·

82 784 123 859 pri
137 800 267 843 maxume
283 783 407 841 officinis
422 781 523 840 omnia.
534 838 537 847 ,
550 778 714 839 differentia
728 778 785 838 boe
800 788 847 838 est
862 780 940 858 quod
957 800 1074 859 squama

81 868 223 925 excutitur
239 868 298 925 ictu
316 864 418 923 iisdem
434 863 573 941 panibus,
592 862 647 921 llos
664 860 740 921 cadit
754 872 869 940 sponte.

140 948 223 1027 (25.)
250 948 391 1025 Squamae
407 955 455 1006 est
468 945 589 1006 alterum
604 962 698 1022 genus
716 945 871 1024 suptilius,
892 965 931 1006 ex
946 960 1117 1013 summa108

80 1031 190 1091 scilicet
201 1032 336 1108 lanugine
344 1030 507 1106 decussum,
519 1028 596 1107 quod
607 1036 713 1088 vocant
722 1038 873 1089 stomoma.
889 1031 989 1108 Atque
999 1030 1073 1092 haec

48 1137 71 1175 ιο
81 1116 172 1173 omnia
183 1114 286 1173 medici
294 1110 346 1157 ⁹-—
358 1112 434 1190 quod
445 1130 518 1191 pace
530 1130 631 1172 eorum
646 1112 756 1171 dixisse
769 1112 909 1173 liceat-
925 1116 1072 1191 ignorant,

79 1215 144 1275 pars
156 1198 247 1255 maior
266 1205 296 1257 et
307 1196 478 1256 nominibus.
503 1198 533 1255 iu
548 1204 685 1255 tantuma
699 1196 887 1257 conficiendis
900 1198 937 1256 iis
949 1198 1073 1258 medina-
1087 1260 1093 1269 x

78 1280 200 1347 minibus
210 1279 328 1357 absunt,¹
343 1280 419 1358 qnod
432 1299 501 1339 esse
512 1280 661 1357 proprium
675 1279 836 1340 medicinae
851 1280 977 1341 solebat.
999 1300 1074 1343 nuuc

78 1365 212 1441 quotiens
221 1364 349 1423 incidere
361 1365 390 1422 in
402 1362 707 1440 libellos,coupouere
718 1382 756 1422 ex
765 1363 809 1422 bis
818 1363 954 1423 volentes
964 1364 1072 1442 aliqua,

76 1446 132 1506 hcc
152 1454 198 1507 est
212 1448 348 1526 inpendio
365 1448 536 1507 miserorum
560 1447 690 1525 experiri
705 1448 927 1523 commentaria,
950 1448 1073 1507 credunt
1096 1499 1098 1506 ,

43 1551 67 1591 rs
77 1529 226 1608 Seplasiae
250 1533 344 1591 omnia
365 1531 513 1591 lraudibus
543 1530 749 1606 corrumpenti.
785 1530 841 1588 iam
863 1529 978 1605 quidem
996 1531 1072 1591 iacta

77 1614 231 1692 emplastra
247 1623 277 1674 et
292 1615 414 1691 collyria
429 1614 603 1687 mercantur,
619 1613 762 1689 tabesque
775 1614 913 1672 mercium
930 1622 980 1672 aut
991 1614 1071 1681 frans

75 1696 226 1776 Seplasiae
244 1700 323 1757 sicce
340 1696 469 1755 taxetur!
499 1694 537 1753 Et
553 1711 669 1771 squama
687 1703 784 1755 autem
807 1703 838 1755 et
855 1696 910 1755 llos
932 1704 1053 1757 uruntur
1064 1709 1114 1763 109
1179 1697 1183 1705 ’

75 1782 103 1839 iu
117 1783 223 1858 patinis
238 1780 374 1840 fictilibus
390 1788 437 1837 aut
452 1779 558 1852 aereis,
575 1776 643 1836 dein
657 1778 788 1856 lavantur
802 1787 935 1860 utsupra
952 1780 988 1839 ad
1003 1798 1069 1840 eos·
1081 1799 1115 1834 me

75 1863 140 1922 dem
156 1881 244 1939 usus,
265 1871 296 1921 et
316 1861 437 1940 amplius
460 1864 568 1920 uarium
582 1878 704 1921 carnosa
722 1864 812 1938 uitia,
837 1864 906 1923 item
920 1864 1017 1940 sedis,
1040 1873 1071 1925 et

39 1968 64 2007 m
74 1947 234 2022 gravitates
256 1948 364 2005 aurium
385 1964 440 2023 per
454 1944 577 2004 fistulam
597 1947 628 2003 in
643 1963 693 2005 eas
711 1945 780 2005 datu
794 1946 924 2024 inpulsa,
946 1955 977 2007 et
998 1966 1070 2007 uuas
1142 2017 1147 2025 „

75 2030 137 2088 oris
151 2030 243 2091 farina
259 2028 370 2089 admota
383 2028 471 2105 tollit,
488 2037 518 2088 et
533 2027 666 2088 tonsillas
681 2047 745 2089 oum
762 2030 858 2090 melle.
889 2030 937 2090 Fit
954 2048 992 2091 ex
1005 2050 1070 2091 cau-

73 2112 142 2172 dido
160 2130 230 2172 aere
250 2130 366 2191 squama
381 2112 469 2189 louge
489 2110 595 2189 Cypria
618 2113 804 2174 inefficacior.
841 2132 896 2173 nec
915 2132 976 2174 uon
988 2117 1069 2177 urina

4 2208 9 2221 ·
73 2198 158 2273 pueri
191 2198 272 2275 prius
299 2206 445 2256 macerant
472 2196 571 2255 clavos
599 2213 750 2273 panesque
777 2197 890 2275 quidam
918 2200 1069 2259 excussuri

73 2298 228 2358 squamam,
244 2290 400 2359 teruntque
408 2290 440 2339 'et
451 2297 523 2358 aqua
535 2279 632 2356 pluvia
646 2280 751 2339 lavant.
781 2280 848 2341 dant
860 2290 890 2341 et
901 2280 1069 2359 hydropicis

36 2384 62 2423 us
73 2382 137 2423 eam
150 2365 288 2424 drachmis
301 2365 410 2425 duabus
428 2366 457 2423 iu
468 2362 551 2422 mulsi
566 2362 680 2422 hemina
695 2371 725 2422 et
740 2364 862 2423 inlinunt
873 2383 937 2424 cum
948 2366 1069 2442 polline.

137 2446 221 2526 (26.)
241 2448 398 2524 Aeruginis
415 2464 531 2525 quoque
551 2464 670 2523 maguus
692 2465 760 2507 usus
783 2457 838 2509 est.
870 2448 1000 2526 pluribus
1016 2449 1048 2507 lit
1062 2460 1111 2512 110

73 2546 109 2589 ea
129 2530 230 2589 modis.
266 2550 386 2609 namque
402 2540 432 2592 et
453 2530 541 2608 lapidi
558 2548 596 2589 ex
612 2548 672 2608 quo
687 2532 822 2609 coquitur
842 2550 893 2591 aes
910 2531 1067 2607 deraditur,

72 2620 105 2672 et
123 2630 194 2673 aere
217 2613 336 2674 candido
360 2616 512 2693 perforato
540 2617 627 2691 atque
654 2615 684 2673 iu
706 2614 785 2674 cadis
812 2632 956 2692 suspenso
977 2632 1067 2692 super

71 2704 189 2755 acetum
211 2715 277 2757 aure
300 2706 521 2775 opturatumque
549 2696 701 2775 operculo.
725 2698 816 2757 multo
835 2698 989 2776 probatior
1009 2706 1067 2773 est,

33 2801 61 2842 ao
71 2780 97 2837 si
118 2778 175 2839 boc
196 2780 271 2841 idem
298 2783 422 2858 squamis
444 2782 501 2841 liat.
542 2781 655 2858 quidam
675 2798 744 2841 vasa
768 2782 832 2859 ipsa
856 2780 968 2841 candidi
989 2783 1066 2844 aeris

71 2862 210 2924 fictilibus
226 2863 351 2924 condunt
369 2866 398 2923 iu
412 2872 524 2924 acetum
537 2863 699 2941 raduntque
716 2865 836 2925 decumo
855 2864 911 2925 die.
940 2864 1107 2929 aliisi-111

71 2947 172 3006 naceis
200 2955 359 3024 contegunt
391 2946 512 3006 totidem
541 2954 610 3024 post
637 2946 700 3006 dies
727 2946 844 3022 radunt,
873 2947 922 3008 alii
949 2948 1065 3008 delima-

70 3038 131 3088 tam
147 3034 223 3091 aeris
238 3031 357 3100 scobem
373 3037 458 3090 aceto
473 3037 613 3107 spargunt
629 3038 805 3107 versantque
822 3031 932 3107 spatbis
947 3032 1065 3109 saepius

69 3112 121 3172 die
141 3112 234 3175 doueo
254 3114 426 3175 absumatur.
469 3112 589 3174 eandem
609 3112 730 3173 scobem
754 3112 803 3173 alii
822 3121 921 3177 terere
941 3117 972 3178 iu
990 3130 1066 3176 mor·

31 3196 155 3258 asturiis
177 3200 272 3258 aereis
294 3216 333 3259 ex
348 3206 432 3257 aceto
447 3195 563 3257 malunt.
601 3196 737 3258 ocissime
758 3214 832 3263 vero
854 3200 996 3275 contingit
1016 3214 1065 3256 co·

68 3282 254 3351 romariorum
276 3282 476 3342 recisamentis
498 3281 529 3341 in
553 3287 664 3344 acetum
677 3279 707 3341 id
726 3280 838 3346 additis.
871 3279 1044 3347 tumuerant
1055 3289 1107 3345 112

66 3381 214 3424 marmore
230 3367 299 3425 trito
317 3382 447 3425 maxume
461 3362 602 3424 Rhodiam
624 3364 806 3441 aeruginem,
824 3365 874 3428 alii
890 3366 1001 3442 pumice
1017 3372 1065 3425 aut

66 3449 183 3508 cummi.
211 3449 368 3528 praecipue
385 3456 480 3509 autem
494 3445 568 3508 fallit
582 3454 741 3511 atramento
763 3451 875 3515 sutorio
896 3447 1062 3515 adulterata·
