2484 3817
190 220 248 280 116
525 216 841 280 commarcarum·

145 386 252 450 acioli.
292 384 420 461 Agarico
442 386 554 464 quidem
577 394 607 445 et
626 402 732 443 nervus
758 385 806 461 qui
832 382 928 461 platys
952 382 1114 461 appellatur
1144 393 1175 443 et

187 486 348 529 umerorum
364 469 448 529 dolor
467 478 582 528 sanatur
596 467 692 527 obolis
711 466 800 526 tribus
823 467 851 525 in
869 468 926 526 vini
943 468 1050 526 veteris
1067 466 1173 542 cyatho

187 570 242 612 nuo
260 561 339 631 poto.
371 553 603 630 Quinqueiolium
617 550 782 610 ischiadicis
799 559 828 610 et
842 548 946 609 bibitur
967 558 996 609 st
1015 551 1173 628 inponitur,

187 638 255 694 item
270 636 441 694 scammonia
460 635 581 695 decocta
596 644 626 693 ct
640 651 702 692 cnm
717 632 816 693 hordei
831 633 931 692 farina.
967 650 1066 691 semen
1080 632 1174 711 hype-

187 719 238 778 rici
253 720 400 796 ntriusque
416 718 521 777 bibitur
535 736 573 777 ex
587 719 665 776 rino.
701 716 785 776 Sedis
805 717 874 776 vitia
897 725 925 776 et
945 718 1055 775 attritos
1078 716 1199 775 celer-s

186 803 257 861 rime
269 810 350 860 sanat
363 801 509 880 plantago,
526 799 724 874 condylomata
739 799 975 878 quinquslolium,
989 798 1087 858 sedem
1103 816 1176 859 oon·

185 902 299 943 versam
315 885 465 959 cyclamini
480 883 562 943 radix
576 900 614 941 ex
629 891 723 946 aceto.
751 882 940 959 anagallidum
955 882 1089 941 caerulea
1104 900 1175 961 pro·

144 981 175 1033 91
189 967 340 1026 cidentiam
358 967 435 1026 sedis
450 975 529 1025 retro
547 967 621 1043 agit,
643 964 789 1025 ediverso
805 964 910 1024 rubens
927 966 1055 1043 proritat.
1086 963 1174 1041 Coty·

185 1050 272 1112 ledon
289 1050 487 1123 condylomata
501 1058 530 1107 et
545 1047 775 1109 haemorrhoidas
790 1048 860 1107 mire
881 1048 974 1123 curat,
995 1050 1108 1107 testium
1124 1056 1168 1108 tu·

185 1151 282 1192 mores
296 1133 376 1192 acori
397 1133 478 1191 radix
500 1132 622 1191 decocta
640 1134 668 1190 in
688 1134 755 1191 vino
775 1133 907 1209 tritaque¹
919 1140 948 1191 et
966 1130 1054 1191 inlita.
1085 1132 1212 1190 inter-1⁰

186 1216 306 1291 trigines
322 1224 411 1289 negat
429 1215 490 1273 lieri
506 1214 577 1274 (lato
594 1213 762 1274 absinthium
779 1213 924 1273 Ponticum
948 1232 1044 1272 secum
1064 1212 1174 1273 haben·

185 1298 270 1356 tibus.
313 1298 342 1357 9.
366 1298 414 1357 alii
436 1297 560 1357 adiciunt
584 1307 613 1357 ot
639 1297 779 1376 puleium,
808 1296 885 1374 quod
911 1298 936 1355 si
964 1298 1074 1355 ieiunus
1107 1299 1176 1375 quis

186 1380 301 1455 legerit,
319 1381 343 1438 si
359 1389 426 1458 post
437 1398 469 1439 se
484 1380 601 1457 adliget,
616 1381 736 1457 inguinis
750 1379 868 1440 dolores
884 1378 1016 1459 prohibet
1028 1388 1075 1439 aut
1090 1380 1177 1441 sedat

187 1471 320 1521 coetos.

143 1558 177 1613 92
245 1480 332 1625 1359.)
353 1545 525 1622 lnguinalis,
542 1564 626 1624 quam
640 1544 752 1623 quidam
766 1546 953 1622 argemonion
969 1554 1084 1620 vocant,
1102 1560 1209 1623 pas-1⁵

137 1697 139 1701 ,
187 1630 278 1689 simin
293 1629 431 1707 vepribus
445 1647 568 1689 nascens
581 1638 610 1688 ut
620 1630 713 1707 prosit
723 1629 750 1687 in
762 1646 844 1688 manu
855 1632 960 1688 tantum
973 1627 1102 1689 habenda
1116 1638 1173 1689 est.

249 1712 333 1792 (60.)
356 1711 449 1772 Panos
464 1723 546 1773 sanat
562 1730 689 1791 panaces
702 1729 739 1769 ex
750 1712 847 1788 melle,
864 1712 999 1790 plantago
1018 1730 1080 1770 cum
1096 1712 1174 1788 sale,

152 1814 175 1848 ει
187 1796 426 1875 quinquefolium,
450 1795 632 1876 persollatae
648 1795 730 1855 radix
752 1803 784 1854 nt
798 1797 827 1856 in
844 1798 973 1869 strumis,
995 1795 1061 1855 item
1076 1795 1174 1855 dama-

184 1881 311 1955 sonium,
331 1879 501 1939 verbascum
517 1896 580 1939 cnm
600 1898 651 1939 sua
664 1878 762 1938 radice
780 1887 901 1954 tunsum,
920 1879 987 1938 vino
1003 1878 1173 1956 adspersum

183 1962 313 2039 iolioqnc
333 1964 488 2021 involutum
503 1972 532 2021 et
550 1964 588 2022 ita
611 1964 640 2021 in
662 1964 759 2022 cinere
782 1962 950 2022 calefactum
969 1970 1000 2021 ut
1019 1964 1175 2039 inponatur
1183 1979 1209 2018 ao

77 2081 82 2090 x
142 2052 176 2104 93
185 2044 316 2103 calidum.
333 2047 445 2123 experti
455 2046 643 2105 adfirmavere
655 2046 812 2124 plurumum
823 2046 944 2121 referre,
960 2046 983 2103 si
991 2047 1074 2121 virgo
1086 2046 1173 2123 inpo-

183 2134 231 2185 nat
246 2126 319 2185 nuda
339 2128 431 2187 ieiuna
447 2129 542 2187 ieiuno
564 2136 593 2187 et
614 2146 697 2187 manu
720 2130 821 2206 supina
841 2138 961 2204 tangens
981 2128 1069 2188 dicat:
1098 2124 1173 2187 Ne·-

184 2208 1173 2288 gathpollopestempossecrescerecuinudavirgo

183 2290 411 2368 restinguat,
432 2302 518 2371 atque
537 2294 577 2352 ita
597 2302 724 2353 retrorsa
740 2313 821 2353 mann
843 2304 888 2353 ter
908 2294 983 2353 dicat
1004 2295 1173 2371 totiensque

186 2372 327 2451 despuant
341 2374 434 2434 ambo.
463 2376 594 2435 medetur
608 2385 637 2435 et
653 2378 733 2437 radix
749 2377 954 2454 mandragorae
970 2394 1007 2435 ex
1022 2393 1108 2455 aqua,
1124 2394 1171 2436 ra·
1181 2391 1209 2430 ²⁵

184 2455 256 2515 dicis
273 2460 464 2518 scammoniae
481 2459 632 2518 decoctum
655 2478 717 2519 oum
736 2459 837 2535 melle,
861 2459 984 2531 sideritis
999 2477 1061 2520 cum
1084 2459 1173 2537 adipe

183 2548 283 2598 vetere
299 2540 347 2599 vel
363 2539 543 2621 Chrysippea
554 2561 617 2602 cum
634 2544 696 2603 licis
710 2543 879 2621 pinguibus:
894 2544 1005 2603 ethaeo
1019 2542 1056 2604 ab
1070 2545 1172 2602 inrem-

181 2630 246 2681 tore
263 2621 476 2683 habetnomen.
522 2662 533 2669 „

141 2712 175 2766 94
244 2705 292 2765 10.
315 2706 399 2783 (61.)
421 2708 564 2768 Venerem
581 2710 610 2768 in
628 2717 718 2769 totum
741 2710 852 2785 adimit,
874 2718 904 2768 ut
929 2708 1066 2785 diximus,
1089 2726 1173 2785 nym-

150 2786 180 2826 ’θ’
193 2786 218 2819 '⁵
227 2787 317 2865 phaea
325 2787 468 2868 Heraclia,
478 2792 577 2852 eadem
587 2793 678 2852 semel
687 2803 753 2871 pota
764 2796 790 2852 in
804 2792 852 2854 XL
866 2792 937 2866 dies,
946 2793 1082 2851 insomnia
1099 2810 1172 2871 quo·
1182 2810 1212 2851 so

183 2888 239 2947 qne
270 2875 384 2931 veneris
416 2890 432 2932 a
457 2876 552 2935 ieiuno
582 2886 650 2955 pota
683 2886 713 2936 et
745 2879 772 2934 in
805 2874 870 2934 cibo
903 2884 1023 2954 sumpta.
1087 2877 1172 2937 inlita

183 2971 297 3031 qnoque
311 2955 394 3015 radix
407 2958 578 3033 genitalibus
594 2959 702 3019 inhibet
717 2977 773 3019 non
794 2958 886 3017 solum
904 2976 1040 3017 venerem
1065 2959 1117 3019 sed
1141 2968 1173 3019 et

181 3036 358 3097 adllucntiam
373 3040 532 3116 geniturae.
562 3042 600 3103 ob
615 3043 644 3102 id
660 3040 766 3120 corpirs
781 3040 859 3099 alere
879 3058 1038 3119 vocemque
1054 3041 1170 3102 dicitur.

182 3119 372 3196 adpetentiam
387 3126 502 3183 veneris
516 3125 585 3184 lacit
600 3124 683 3185 radix
705 3143 721 3183 e
740 3123 838 3202 xiphio
863 3124 994 3201 superior
1015 3123 1080 3185 data
1098 3136 1171 3203 potu

181 3201 210 3259 in
218 3203 293 3279 vino,
306 3205 372 3264 item
384 3224 467 3283 quam
479 3208 628 3269 crethmon
640 3206 905 3284 agrionappellant,
918 3223 1054 3267 ormenos
1066 3210 1169 3284 agrios
1179 3228 1212 3271 as

182 3302 246 3344 cnm
260 3287 376 3363 polenta
394 3292 539 3351 contritus.
935 3282 941 3295 ’

139 3376 172 3429 95
248 3369 329 3450 (62.)
352 3373 410 3432 Sed
432 3376 504 3434 inter
524 3392 615 3452 panca
643 3371 786 3432 mirabilis
802 3381 846 3431 e'st
868 3372 965 3432 orchis
985 3372 1077 3433 herba
1103 3378 1169 3435 sive

181 3454 318 3532 serapias,
333 3456 412 3516 foliis
426 3461 516 3538 porri,
534 3458 617 3517 caule
633 3456 762 3535 palmeo,
777 3456 849 3515 llors
866 3473 1029 3535 purpureo,
1052 3459 1170 3533 gemina
