2484 3817
140 160 185 222 72
454 171 484 221 o.
504 171 601 220 entur
621 170 771 225 succum

97 345 171 390 nm
185 342 235 388 ero
250 323 421 404 adoptandi,
434 333 465 386 ut
481 323 649 392 docebimus
663 323 773 392 iecisse
797 343 897 404 reges.
925 333 1003 389 tanta
1020 345 1071 388 res
1087 327 1130 387 vi·

139 405 262 468 debatur
278 407 396 470 herbam
408 409 551 483 inuenire,
564 408 651 468 vitam
664 407 776 486 iuuare,
786 428 861 469 nuno
875 409 1009 470 fortassis
1025 409 1129 488 aliquis

140 508 237 552 curam
255 490 328 552 hauc
341 501 467 554 nostram
481 491 613 552 friuolam
629 508 744 568 quoque
759 492 977 569 existimaturis,
993 492 1067 552 adeo
1080 493 1128 555 de·

140 573 217 634 liciis
233 574 354 636 sordent
369 576 454 634 etiarn
470 593 543 653 qnae
559 573 595 634 ad
609 573 732 633 salutem
745 577 902 652 pertinent.
935 583 1070 637 auctores
1088 585 1127 637 ta-

139 669 341 736 men'quarnm
356 659 540 718 inueniuntur
555 658 586 716 in
605 659 704 736 primis
720 657 865 719 celebrari
877 676 928 737 par
950 667 998 718 est
1019 658 1149 722 allectus

97 749 237 804 mearum
252 739 368 818 digesto
384 742 413 800 in
429 758 539 818 genera
555 739 729 800 morborum.
762 758 816 818 qua
837 741 952 818 quidem
967 743 998 800 in
1014 751 1129 820 reputa·

140 824 222 884 tione
236 824 371 885 misereri
390 825 478 884 sortis
495 823 633 882 humanae
649 823 743 899 subit,
759 832 878 902 praeter
897 825 1017 884 lortuita
1032 843 1128 885 casus-

141 925 199 984 que
214 914 245 966 et
268 924 342 984 quae
366 924 441 967 noua
464 907 555 966 omnis
575 905 648 966 hora
668 908 834 984 excogitat,
861 907 939 966 milia
963 907 1130 970 morborum

40 1047 42 1050 .
140 989 264 1066 siugulis
278 990 439 1050 mortalium
455 987 586 1052 timenda.
604 992 651 1066 qui
661 991 826 1064 gravissimi
841 1009 880 1050 ex
890 989 935 1050 his
948 991 1006 1050 sint
1020 989 1128 1051 discer-

140 1091 212 1132 nere
230 1071 370 1132 stultitiae
384 1089 478 1150 prope
491 1071 584 1132 videri
594 1074 699 1150 possit,
716 1090 779 1132 cum
792 1091 862 1135 suus
877 1076 982 1152 cuique
996 1072 1033 1134 ad
1046 1092 1129 1152 prae·
1139 1088 1169 1130 to

140 1174 210 1216 sens
227 1156 349 1234 quisque
365 1155 561 1216 atrocissimus
577 1154 720 1231 videatur,
738 1164 768 1214 et
782 1155 839 1216 hoo
853 1164 947 1217 tamen
963 1156 1139 1227 iudicavere¹

140 1239 205 1297 aeri
226 1239 434 1316 experimenta,
451 1239 601 1315 asperrimi
618 1239 761 1297 cruciatus
777 1258 845 1298 esse
857 1238 1033 1299 calculorum
1047 1257 1064 1300 a
1078 1243 1131 1301 sti·

140 1320 238 1380 lioidio
254 1321 389 1398 uesicae,
404 1338 572 1400 proxumum
583 1321 739 1397 stomachi,
763 1323 878 1382 tertium
893 1341 1082 1400 eorumquae
1099 1325 1131 1382 in

96 1403 239 1481 cacapite
252 1402 380 1480 doleant,
394 1421 453 1464 non
471 1405 508 1463 olr
525 1403 599 1464 alios
615 1405 680 1464 lere
696 1412 791 1464 morte
806 1405 943 1466 conscita.
964 1405 993 1464 A
1010 1403 1129 1466 Graecis

26 1543 32 1552 ,
140 1495 171 1546 et
186 1487 287 1545 noxias
304 1484 409 1546 herbas
425 1485 635 1560 demonstratas
649 1488 740 1547 miror
756 1487 903 1565 equidem,
924 1507 980 1550 nec
999 1507 1169 1554 ueneno-rs
1237 1536 1238 1539 κ

118 1617 120 1624 ,
139 1586 201 1626 rum
221 1576 343 1644 tautum,
361 1572 493 1648 qnoniam
511 1587 545 1629 ea
561 1571 639 1629 ritae
654 1570 781 1630 conditio
801 1580 894 1630 estut
910 1573 984 1633 mori
1005 1572 1130 1649 plerum·

140 1669 198 1728 que
215 1653 301 1712 etiam
320 1654 445 1730 optumis
468 1661 569 1730 portus
593 1655 643 1730 sit,
664 1653 808 1732 traditque
828 1653 865 1713 tt.
883 1653 979 1714 Varro
995 1655 1129 1716 Serrium

140 1733 272 1796 clodium
289 1737 418 1814 equitem
432 1733 590 1796 Romanum
604 1736 799 1814 magnitudine
823 1736 938 1796 doloris
952 1740 983 1797 in
999 1739 1129 1817 podagra

138 1827 269 1879 coactum
284 1838 399 1880 ueneno
424 1837 507 1880 crura
527 1822 701 1900 perunxisse
723 1829 753 1880 et
774 1829 879 1898 postea
895 1822 1024 1880 caruisse
1038 1841 1129 1882 seusu

94 1912 131 1966 25
141 1902 216 1960 omni
231 1920 324 1980 aeque
340 1921 424 1981 quam
438 1902 541 1962 dolore
558 1905 637 1963 inea
652 1912 736 1982 parte
753 1905 896 1982 corporis.
918 1903 971 1964 sed
982 1922 1056 1982 quae
1073 1905 1168 1967 luitao

138 1986 224 2044 venia
241 1987 416 2046 monstrandi
436 2003 490 2062 qua
505 1995 617 2046 mentes
641 1987 845 2064 solverentur,
865 1996 965 2064 partus
985 1987 1128 2048 elideren-

139 2077 201 2143 tur,
216 2067 362 2146 multaque
378 2065 502 2128 similia?
530 2087 588 2146 ego
608 2089 663 2129 nec
682 2071 815 2129 abortiva
834 2070 899 2129 dioo
918 2088 951 2128 ao
965 2089 1003 2130 ne
1021 2079 1128 2131 amato·

138 2151 183 2210 riu
196 2148 322 2226 quidem,
337 2168 448 2210 memor
461 2149 608 2208 Lucullum
623 2154 829 2228 imperatorem
849 2152 1036 2212 clarissimum
1053 2171 1129 2213 ama·

139 2234 216 2291 torio
231 2233 364 2309 perisse,
394 2250 450 2293 nec
471 2231 526 2292 alia
545 2235 655 2309 magica
672 2242 809 2310 portenta
819 2275 830 2310 ,
854 2236 910 2294 nisi
930 2234 979 2293 ubi
998 2237 1129 2296 cavenda

137 2322 205 2374 sunt
223 2322 271 2373 aut
293 2314 492 2392 coarguenda,
516 2316 545 2374 in
566 2317 665 2392 primis
686 2316 742 2374 lide
762 2333 862 2375 eorum
885 2316 1022 2377 damnata.
1055 2321 1168 2379 satisas

137 2413 248 2476 operae
266 2398 354 2456 luerit
369 2396 539 2475 abundeque
564 2406 742 2476 praestatum
764 2399 843 2458 vitae
865 2397 999 2459 salutaris
1016 2401 1128 2462 dixisse

137 2479 213 2539 **ao
228 2489 333 2559 postea
347 2482 487 2540 inventas.

94 2574 132 2629 26
191 2564 221 2624 4.
250 2563 310 2641 (8.)
341 2561 506 2624 Clarissima
520 2563 673 2624 herbarum
687 2572 734 2624 est
748 2561 876 2624 llomero
890 2573 968 2626 teste
980 2585 1064 2644 quoru
1075 2586 1129 2628 uo·

137 2647 199 2706 cari
220 2663 236 2705 a
251 2646 295 2705 dis
313 2653 394 2723 putat
407 2646 533 2722 molpet
547 2648 744 2707 inventionem
756 2649 819 2706 eins
830 2645 977 2708 Mercurio
992 2649 1129 2727 adsignat

136 2737 296 2806 contraque
313 2746 419 2788 summa
433 2729 575 2790 veneficia
590 2729 873 2790 demonstrationem.
899 2733 979 2790 nasci
997 2751 1059 2792 eam
1073 2733 1171 2794 ho·ao

138 2812 187 2872 dic
210 2813 285 2872 circa
304 2809 450 2873 Pheneum
473 2821 503 2872 et
516 2815 555 2875 in
582 2811 703 2890 Cyllene
725 2812 867 2873 Arcadiae
890 2813 1004 2874 tradunt
1025 2816 1128 2892 specie

137 2895 188 2954 illa
202 2893 369 2972 Homerica,
386 2894 483 2956 radice
497 2896 620 2957 rotunda
641 2898 797 2973 nigraque,
811 2895 1006 2974 magnitudine
1021 2916 1128 2977 cepae,

93 2986 129 3040 Y!
141 2977 214 3040 lolio
232 2978 343 3054 scillae,
360 2977 446 3038 ellodi
462 2977 530 3038 haut
550 2978 711 3039 dificulter.
745 2977 849 3040 Graeoi
870 2987 1005 3040 auctores
1023 2980 1128 3042 dorem

139 3060 204 3123 eius
218 3059 327 3119 luteum
342 3062 475 3138 pinxere,
490 3079 553 3120 oum
566 3059 708 3123 Homerus
725 3061 873 3122 candidum
888 3063 1047 3140 scripserit.
1081 3066 1125 3123 ln·

137 3144 206 3204 reni
232 3162 249 3202 e
269 3145 372 3220 peritis
394 3143 546 3204 herbarum
565 3145 685 3206 medicis
708 3147 803 3223 quiet
823 3147 852 3205 in
867 3144 950 3204 ltalia
965 3147 1045 3205 nasci
1062 3164 1170 3214 sannas

139 3225 262 3301 diceret,
280 3225 445 3306 adferrique
461 3247 478 3286 e
495 3225 648 3308 Campania
662 3230 776 3288 memini
793 3227 904 3308 aliquot
919 3227 1021 3288 diebus
1037 3229 1127 3290 effos-

138 3326 200 3368 sam
219 3309 295 3367 inter
313 3309 496 3370 difficultates
514 3329 617 3371 saxeas
633 3312 737 3372 radicis
754 3308 838 3371 XXX
852 3313 944 3391 pedes
963 3310 1069 3389 longae
1090 3331 1127 3372 ac

137 3409 176 3452 ne
193 3391 363 3469 sicquidem
378 3393 501 3472 solidae,
516 3394 570 3456 sed
583 3395 731 3476 abruptae.

407 3581 411 3618 l
