2484 3817
169 202 231 264 294
537 213 566 259 c.
584 212 681 259 nuum
699 210 848 261 sncusor
880 236 883 245 ·

167 372 319 432 etiamnum
339 370 395 431 alia
412 368 506 443 blogi,
528 380 603 443 qnae
618 366 643 425 si
659 384 727 425 vero
743 368 813 441 sint,
835 364 924 423 multo
939 362 1069 423 utiliores
1084 363 1160 423 vitae

167 456 365 515 existimentur
381 467 468 513 ranae
487 468 570 527 quoru
586 448 680 525 leges.
706 467 828 528 namque
850 446 1006 509 harundine
1026 448 1161 508 transfixa

112 548 117 557 “
168 558 185 598 a
200 547 299 599 natura
313 556 366 616 per
376 554 412 595 us
422 536 447 593 si
459 534 589 593 surculus
599 534 629 591 io
640 536 792 594 menstruis
806 534 947 609 defigatur
958 532 1070 606 morito,
1083 529 1160 591 adul·

124 632 297 686 ceterorum
320 621 443 681 taedium
459 617 531 679 lieri.
559 616 692 675 carnibus
707 634 806 677 earum
821 616 870 675 vel
890 616 919 673 in
933 614 1045 675 hamum
1059 614 1162 675 additis

169 709 326 784 praecipue
341 720 484 782 purpuras
503 700 589 761 adlici
604 709 713 759 certum
729 709 783 761 est.
810 701 892 759 ieeur
911 716 1012 841 cancer
1020 699 1187 775 geminom5

168 808 236 849 esse
256 790 353 849 dicunt
370 788 505 863 abicique
526 783 655 843 formicis
683 794 836 864 oportere,
858 800 921 843 earu
941 798 995 859 par
1009 799 1053 840 cm
1079 800 1162 859 quom

168 873 305 952 adpetant
324 881 425 932 contra
441 884 553 928 veneno
574 868 667 927 omnio
689 886 757 928 esse
773 884 826 946 pro
841 866 980 926 antidoto.
1008 875 1073 925 sunt
1088 882 1162 943 quse

125 958 221 1015 amin
238 956 377 1034 vepribus
392 963 499 1013 tautum
511 952 620 1025 vivont,
639 950 677 1010 ob
694 951 722 1011 id
733 952 896 1012 rubetarum
908 952 1032 1025 nomine,
1048 958 1078 1009 ut
1092 948 1161 1009 dixi·

166 1058 245 1115 mus,
268 1057 339 1117 quas
357 1038 462 1098 Graeci
477 1033 604 1112 phrynus
618 1044 740 1110 vocant,
763 1034 970 1111 grandissimae
989 1042 1161 1108 cunctarum,

124 1134 156 1185 51
169 1124 292 1200 geminis
312 1121 401 1180 veluti
429 1118 580 1193 cornibus,
602 1118 708 1196 plenae
727 1119 942 1179 veneficiorum.
973 1118 1043 1176 mira
1064 1117 1101 1175 de
1127 1118 1196 1178 iisro

167 1208 299 1266 certatim
314 1204 427 1263 tradunt
443 1211 593 1261 auctores:
610 1202 706 1261 inlatis
724 1204 754 1261 in
771 1201 907 1280 populum
925 1201 1067 1261 silentium
1090 1202 1162 1276 lieri,

168 1289 296 1348 ossiculo
310 1287 389 1365 quod
405 1288 442 1345 sit
457 1287 485 1344 in
500 1285 602 1344 dextro
617 1286 709 1345 latero
721 1288 749 1345 in
762 1304 864 1362 aquam
875 1285 1035 1345 ferventem
1048 1284 1161 1343 deiecto

167 1372 335 1447 refrigerari
357 1388 408 1431 vas
423 1387 479 1428 nec
499 1378 600 1447 postea
619 1369 736 1428 lervero
752 1371 807 1429 nisi
823 1378 977 1447 exempto,
1000 1368 1028 1427 id
1043 1368 1163 1427 inveniri

168 1456 282 1515 abieoto
303 1473 372 1515 roua
395 1454 523 1513 formicis
544 1452 736 1530 carnibusque
754 1454 863 1531 erosis,
888 1452 1001 1529 singula
1023 1454 1051 1510 in
1068 1451 1163 1511 oleum

166 1540 250 1611 addi,
267 1548 296 1597 et
313 1539 426 1597 esseio
443 1537 560 1595 sinistro
574 1535 666 1595 latere
684 1552 741 1614 quo
756 1536 871 1596 deiecto
889 1535 1197 1609 lervcreridcatur,1s

125 1631 323 1699 52opocynon
337 1622 454 1693 vocari,
476 1636 577 1679 cauom
596 1621 710 1697 inpetus
726 1637 762 1679 eo
780 1620 925 1697 cohiberi,
948 1636 1074 1681 amorem
1092 1634 1160 1677 con·

167 1708 250 1765 citari
264 1711 294 1765 ot
314 1707 408 1782 iurgia
422 1704 519 1765 addito
537 1705 566 1763 in
587 1705 754 1781 potionem,
777 1722 914 1763 venerem
935 1703 1090 1779 adalligato
1112 1703 1161 1763 sti·

167 1790 284 1864 molari,
307 1806 407 1850 rursus
429 1788 564 1847 edextro
585 1786 678 1847 latere
697 1788 867 1865 refrigerari
884 1787 1039 1862 ferventia,
1059 1787 1117 1846 boo
1133 1795 1162 1845 et

168 1882 322 1951 quamaoas
333 1874 428 1931 sanari
440 1871 634 1948 adalligatum
647 1871 783 1949 pellicula
797 1873 900 1947 agnina
912 1870 1021 1931 recenti
1034 1870 1161 1947 aliasque

164 1956 268 2030 iebrls,
289 1968 416 2015 amorem
430 1952 563 2013 inhiberi.
590 1972 629 2013 ex
649 1955 741 2013 isdem
762 1955 805 2014 bis
821 1956 897 2014 runis
912 1955 971 2013 lien
996 1961 1095 2013 contra
1112 1971 1196 2013 vero

166 2056 241 2099 uena
253 2050 328 2117 quoe
345 2040 413 2097 fiant
424 2056 462 2097 ex
478 2039 548 2115 ipsis
558 2036 719 2115 auxilietur,
732 2040 813 2099 iecor
826 2056 895 2097 vero
907 2040 992 2097 etiam
1002 2036 1160 2097 efficacius.

125 2134 160 2188 53
232 2123 318 2199 (19.)
340 2120 394 2180 Est
417 2120 535 2181 colubra
555 2121 584 2180 in
604 2138 678 2198 aqua
697 2125 809 2181 vivens.
836 2122 919 2181 buius
940 2121 1052 2198 adipem
1074 2118 1162 2179 atiel

167 2206 299 2266 habentis
315 2207 362 2282 qni
384 2204 551 2264 crocodilos
565 2214 705 2263 venentur
725 2206 796 2265 mire
817 2204 945 2265 adiuvari
959 2203 1073 2278 dicunt,
1091 2202 1162 2273 nihil

167 2299 267 2351 contro
284 2287 369 2347 belua
384 2288 522 2362 mdeste,
538 2287 686 2347 efficacius
702 2291 868 2364 etiamnum,
885 2290 910 2347 si
928 2286 1017 2348 herba
1033 2296 1161 2365 potamo-

165 2376 249 2451 giton
262 2373 427 2431 misceatur.
456 2371 560 2432 Cancri
578 2372 731 2433 fluviatiles
751 2374 807 2433 triti
828 2374 948 2450 potique
968 2390 1005 2431 ex
1026 2386 1099 2449 aquo
1115 2386 1197 2432 reat

167 2466 269 2519 centes
289 2474 342 2516 seo
362 2458 462 2514 cinere
484 2455 636 2515 adservato
657 2466 755 2517 contra
780 2473 892 2515 venena
912 2457 1006 2515 omnio
1029 2464 1161 2533 prosunt,

164 2542 298 2621 privatim
316 2548 415 2599 contro
438 2540 625 2616 scorpionum
647 2540 721 2599 lotus
740 2558 805 2600 oum
826 2540 902 2599 lacte
919 2540 1045 2615 asinino,
1065 2541 1162 2598 sinon

165 2627 213 2702 sit,
229 2626 350 2702 caprino
364 2631 413 2683 aut
427 2638 617 2700 quocumque.
648 2623 712 2683 addi
736 2633 765 2683 et
785 2624 880 2682 vinum
901 2631 1028 2701 oportet.
1058 2629 1162 2681 necant

125 2718 160 2772 54
172 2725 225 2768 eos
242 2709 301 2767 triti
318 2724 381 2766 cum
398 2710 491 2767 ocimo
507 2707 632 2780 admoti.
653 2706 753 2767 eadem
774 2707 818 2767 vis
842 2716 942 2767 contro
956 2715 1162 2767 venenatorum

167 2792 290 2853 omnium
302 2807 425 2867 morsus,
435 2792 567 2868 privatim
578 2790 709 2865 scytalen
722 2799 751 2849 et
763 2792 862 2866 anguis
875 2800 904 2850 et
918 2800 1017 2851 contra
1030 2790 1162 2867 leporem
1172 2810 1197 2851 so

76 2880 79 2888 '
165 2876 303 2939 morinum
325 2892 360 2935 ac
382 2891 478 2933 ranam
500 2873 640 2933 rubetam.
672 2876 744 2935 cinis
768 2892 867 2933 corum
888 2884 1018 2935 servatos
1040 2871 1162 2951 prodest

164 2973 279 3037 pavore
297 2966 383 3035 potus
403 2957 632 3035 periclitantibus
649 2974 686 3016 ex
700 2958 779 3019 conis
793 2957 901 3018 rabiosi
915 2974 1023 3019 morsu.
1047 2956 1162 3033 quidam

166 3043 293 3103 adiciunt
307 3042 469 3117 gentianam
486 3050 516 3099 et
533 3041 602 3101 dant
615 3042 645 3098 in
659 3044 739 3115 vino,
762 3044 833 3101 etsi
854 3042 909 3099 iam
928 3058 1019 3121 pavor
1035 3056 1161 3117 occupo·

168 3128 258 3199 verit,
287 3124 421 3202 pastillos
447 3126 514 3184 vino
537 3122 674 3189 subactos
693 3124 882 3186 devorandos
907 3127 945 3185 ita
969 3123 1160 3201 praecipiunt.

125 3219 159 3275 oo
170 3209 272 3268 decem
287 3227 359 3269 vero
376 3209 489 3267 canoris
505 3222 569 3267 cum
590 3208 675 3267 ocimi
691 3208 835 3286 manipulo
855 3208 987 3284 adligatis
1002 3209 1095 3271 ononis
1112 3205 1200 3284 quius

167 3291 207 3351 ibi
220 3294 277 3351 siut
290 3293 462 3369 scorpiones
477 3291 513 3351 od
528 3305 593 3350 eum
608 3292 703 3352 locum
717 3292 926 3367 coiturosblagi
938 3290 1045 3366 dicuut,
1055 3299 1087 3349 et
1097 3306 1163 3349 cum

168 3376 262 3434 ocimo
283 3377 365 3454 ipsos
386 3376 549 3433 cineremve
563 3391 664 3433 eorum
680 3376 827 3454 percussis
842 3376 990 3452 luponem.
1019 3377 1110 3433 minus
1133 3373 1164 3431 in

169 3459 298 3521 omnibus
312 3458 358 3519 iris
374 3460 473 3517 morini
482 3466 614 3536 prosunt
633 3458 800 3532 Thrasyllus
812 3468 914 3517 auctor
928 3466 974 3519 est
984 3456 1054 3517 nibil
1067 3472 1162 3535 aeque
