2484 3817
327 217 406 263 usn.
425 212 724 266 nrsn.xxx11.o.t.
743 203 886 279 (al-at.)
1044 204 1106 266 297

116 372 211 450 pionis
225 369 335 446 marini,
354 387 484 429 ranarum
496 386 609 447 qnoque
626 368 718 443 trium,
734 369 758 426 si
773 368 858 427 virae
871 369 901 426 in
916 367 975 429 olla
987 385 1106 430 concre-

114 463 236 528 mantur,
259 453 329 511 cinis
345 471 407 512 cum
421 451 524 528 mella,
549 452 652 511 malins
668 469 729 511 cum
746 453 811 528 pice
825 450 942 528 liquida.
972 453 1106 531 capillum

115 538 265 612 denigrant
280 538 471 613 sanguisugae
488 552 561 613 quaa
581 537 609 593 in
631 535 698 594 vino
713 534 798 610 nigro
816 533 919 595 diebus
933 534 983 595 tx
998 553 1105 615 conpa-

113 630 204 680 tuere.
231 619 278 679 alii
292 619 320 676 in
335 619 410 678 aceti
425 620 559 679 sextariis
573 618 686 677 duobus
700 617 934 692 sanguisugarum
948 621 1103 679 sextarium
1113 630 1151 686 68

86 705 143 764 sin
160 721 229 762 vase
241 701 376 780 plumbeo
393 712 562 780 putrescere
573 701 673 760 iubant
686 699 805 760 totidem
819 699 932 775 diebus,
946 719 1015 762 mox
1025 703 1106 762 inlini

113 789 142 846 in
157 787 232 846 sole.
261 786 410 845 Sornatius
427 793 532 844 tantam
547 785 603 842 vim
618 785 692 843 hanc
709 783 796 843 tradit
812 791 852 859 ut,
867 783 922 842 nisi
940 785 1036 844 oleum
1052 803 1106 844 ora

114 871 278 930 contineant
293 887 367 946 quaa
383 869 528 944 tinguant,
543 866 636 926 dentis
653 883 769 944 quoque
786 883 883 926 aarum
900 866 1046 944 denigrari
1063 869 1104 927 di·

112 963 169 1012 cat.
194 953 296 1029 capitis
316 951 462 1010 ulceribus
481 951 617 1010 muricum
635 950 683 1008 val
707 967 896 1028 purpurarum
918 959 1012 1010 testae
1032 953 1105 1010 cinis

114 1054 177 1096 cnm
193 1035 280 1095 melle
296 1035 403 1095 utiliter
417 1035 550 1109 inlinitur,
563 1032 789 1108 conchyliorum,
804 1033 852 1092 vel
867 1035 892 1094 si
904 1051 962 1095 non
976 1043 1105 1110 urantur,

78 1139 104 1180 ao
113 1119 204 1178 farina
215 1135 343 1195 exaqua‚
353 1117 501 1178 doloribus
511 1125 673 1176 castoreum
681 1134 744 1176 cum
753 1116 922 1194 peucedano
932 1126 1104 1178 etrosacec.

177 1201 259 1279 (24.)
284 1201 412 1262 Omnium
427 1201 545 1279 piscium
562 1199 738 1259 lluviatilinm
753 1201 982 1279 marinorumque
999 1201 1101 1279 adipes
1113 1212 1151 1266 69

113 1284 260 1364 liquefacti
286 1284 350 1344 sole
377 1283 501 1344 admixto
525 1283 613 1344 mella
634 1283 784 1343 oculorum
800 1283 922 1344 claritati
946 1284 1105 1363 plurumum

114 1367 280 1444 conferunt,
301 1369 368 1428 item
390 1377 552 1428 castoreum
574 1385 637 1427 cnm
653 1366 750 1426 mella.
780 1365 951 1442 Gallionpmi
966 1367 1103 1428 lelclcu·

114 1452 200 1511 trices
215 1460 296 1513 sanat
313 1459 342 1511 et
359 1452 453 1512 carnis
473 1451 623 1512 oculorum
644 1467 840 1528 supervacuas
857 1451 1006 1510 consumit.
1034 1451 1105 1510 nulli

6 1604 10 1612 ,
80 1533 170 1598 ashoc
190 1535 308 1611 piscium
333 1536 496 1614 copiosius,
517 1543 548 1594 ut
570 1535 742 1594 existimavit
761 1533 918 1593 hlanander
938 1551 1055 1611 quoque
1075 1536 1104 1594 in

114 1618 279 1678 comoediis.
301 1618 375 1679 idem
386 1620 473 1694 piscis
486 1627 515 1678 et
524 1633 726 1694 uranoscopos
737 1623 859 1674 vocatur
871 1615 907 1674 ab
920 1616 1007 1674 oculo
1019 1634 1104 1694 quam

111 1703 246 1778 incapite
260 1700 356 1760 babet.
378 1701 416 1760 Et
431 1699 557 1760 coracini
573 1698 613 1758 lal
626 1700 733 1756 excitat
748 1698 849 1770 visuum
865 1705 894 1755 et
904 1697 1005 1756 marini
1019 1717 1099 1758 scor·
1111 1711 1150 1764 to

111 1785 205 1862 pionis
221 1784 273 1842 rub
289 1801 354 1844 cum
367 1783 435 1842 oleo
447 1790 548 1841 vatere
560 1789 608 1840 aut
621 1780 708 1839 mella
719 1778 817 1839 Attico
830 1779 993 1857 incipientis
1006 1780 1103 1840 sublu-

111 1868 208 1927 siones
225 1865 349 1924 discutit.
367 1865 483 1940 inungui
496 1872 541 1922 ter
552 1872 668 1941 oportet
683 1863 852 1923 intermissis
866 1861 977 1923 diebus.
1000 1863 1101 1924 eadem

75 1971 103 2012 no
113 1952 188 2010 ratio
203 1947 354 2023 albugines
370 1947 517 2008 oculorum
534 1945 619 2006 tollit.
646 1945 796 2006 Mallorum
813 1945 880 2006 cibo
895 1947 988 2008 aciern
1003 1947 1101 2006 oculo·

111 2050 172 2094 rum
187 2029 317 2090 hebetari
333 2030 453 2090 tradunt.
481 2030 565 2109 lapus
584 2031 707 2090 marinus
721 2031 786 2108 ipsa
809 2030 923 2107 quidam
943 2039 1104 2090 venenatus

112 2124 172 2188 ast,
189 2113 241 2174 sed
256 2114 326 2174 cinis
341 2115 403 2173 eins
417 2115 446 2172 in
462 2112 608 2192 palpebris
624 2113 700 2192 pilos
720 2113 826 2174 inutilis
839 2113 959 2174 evolsos
973 2113 1100 2174 sabbat.

112 2199 147 2260 ad
162 2198 237 2258 huuc
250 2215 331 2258 usum
342 2197 481 2258 utilissimi
493 2198 616 2272 minumi,
629 2199 696 2256 item
707 2197 871 2274 pectunculi
885 2197 955 2258 salsi
969 2199 1027 2257 triti
1038 2215 1102 2257 curn

113 2281 221 2357 cedria,
237 2298 325 2342 ranae
342 2299 413 2359 quas
432 2280 565 2358 diopetas
584 2290 613 2340 et
627 2280 773 2340 calamitas
792 2289 907 2356 uocant,
922 2298 1021 2341 earum
1037 2297 1100 2340 san·

77 2381 104 2422 aa
114 2367 178 2441 guis
193 2383 256 2424 cunr
270 2363 387 2424 lacrima
401 2365 467 2424 ritis
479 2363 580 2424 crclso
596 2363 656 2442 pilo
671 2363 818 2442 palpebris
832 2363 973 2424 inlinatur.
1006 2372 1096 2422 tumo·
1108 2370 1141 2426 71

113 2465 173 2508 ram
188 2446 336 2508 oculorum
351 2446 543 2525 ruboremque
558 2449 677 2524 saepiae
691 2455 793 2506 cortex
808 2465 871 2507 curn
883 2446 959 2506 lacte
972 2445 1101 2505 mulieris

113 2529 208 2588 inlitus
220 2530 301 2590 sedat
314 2540 342 2590 et
355 2547 449 2608 persa
460 2530 610 2590 scabritias
625 2529 766 2590 emendat.
787 2530 930 2590 invertunt
941 2529 969 2589 id
980 2537 1101 2605 agentes

113 2628 205 2688 ganas
230 2619 259 2670 et
282 2613 516 2674 medicamentum
538 2613 669 2673 auferunt
690 2620 756 2691 post
782 2613 896 2692 paulum
915 2628 1100 2688 rosaceoque

113 2696 250 2770 inungunt
265 2704 293 2766 at
307 2712 381 2772 pane
396 2697 520 2774 inposito
542 2697 679 2773 mitigant.
705 2695 809 2756 eodem
827 2695 937 2754 cortica
957 2703 987 2754 et
1002 2703 1099 2767 nycta-

78 2777 200 2854 solopes
217 2785 364 2853 curantur,
387 2779 414 2836 in
435 2779 553 2839 laninam
571 2781 639 2839 trito
658 2787 686 2836 et
706 2797 744 2838 ex
757 2788 841 2838 aceto
858 2778 948 2838 inlito.
977 2775 1100 2836 extrahit

114 2869 143 2920 et
157 2877 290 2937 squamas
307 2861 367 2920 eius
382 2861 462 2921 cinis.
492 2863 642 2922 cicatrices
661 2862 808 2921 oculorum
824 2878 886 2920 cum
902 2859 990 2921 mella
1004 2868 1095 2935 sanat,
1107 2868 1144 2922 tt

114 2944 246 3022 pterygia
265 2959 327 3002 cnm
348 2944 410 3002 salc
427 2953 456 3004 et
476 2943 584 3004 cadmia
604 2943 725 3020 singulis
742 2943 899 3020 drachmis,
921 2941 1053 3008 amandat
1070 2951 1101 3002 et

113 3025 264 3103 albugines
278 3025 473 3088 iumentorum.
494 3028 571 3086 aiunt
584 3035 614 3086 et
629 3026 754 3087 ossiculo
772 3024 835 3086 ainls
849 3044 951 3102 genas,
966 3027 990 3085 si
1004 3033 1098 3085 teran-

113 3117 169 3184 tur,
180 3109 284 3170 sanari.
305 3107 407 3170 Echini
419 3129 455 3170 ex
467 3117 550 3170 aceto
563 3108 741 3188 epinyctidas
752 3109 864 3170 tollunt.
885 3108 1007 3170 eundern
1023 3126 1098 3169 com·

79 3191 177 3252 arbori
193 3209 255 3252 cum
270 3192 544 3271 viperinispellibos
557 3195 691 3271 ranisque
707 3201 737 3251 at
752 3193 876 3252 cineram
893 3191 1029 3270 adspergi
1046 3207 1097 3269 po·

114 3275 184 3334 tioni
198 3274 295 3336 iubant
304 3273 390 3353 biugi,
407 3276 561 3336 claritatem
575 3277 655 3336 visus
670 3276 878 3352 promittentes.
897 3273 1094 3349 Ichthyocolla
1106 3281 1143 3336 ta

114 3357 276 3437 appellatur
291 3360 390 3438 piscis,
404 3360 449 3418 cui
460 3359 631 3435 glutinosum
646 3367 690 3418 est
704 3358 822 3433 corium,
834 3357 908 3418 idem
920 3374 1023 3417 nomen
1036 3357 1097 3434 glu-

113 3442 172 3502 tino
193 3440 272 3518 eius,
296 3441 353 3504 boc
372 3440 550 3522 epinyctidas
570 3440 655 3501 tollit.
677 3439 789 3520 quidam
811 3458 849 3499 ex
868 3449 985 3516 ventre,
1003 3456 1061 3499 uon
1081 3456 1099 3498 a
