2484 3817
183 187 243 250 146
292 190 295 194 ’
522 198 552 245 9.
570 196 666 245 runnu
679 194 828 244 9999999

139 366 173 420 95
244 353 327 434 (71.)
349 352 480 427 lathyris
493 351 563 412 folia
581 350 670 411 habet
684 349 771 409 multu
787 348 917 407 lactucae
938 349 1056 425 similia,
1081 360 1161 429 tenu·

181 440 242 497 fora
256 437 384 513 germina
400 436 501 512 multa,
522 437 551 494 in
572 435 674 513 quibus
690 450 788 493 semen
803 432 934 491 tuniculis
956 434 1118 494 continetur
1132 446 1163 496 ut

181 521 326 598 capparis,
341 538 414 597 quae
429 536 493 579 cum
503 520 646 590 inaruere,
661 517 819 575 eximuntur
830 531 919 591 gram
935 518 1044 594 piperis
1053 520 1164 596 magni·

180 603 287 678 tudine,
304 601 434 677 candida,
450 600 554 676 dulcia,
568 600 663 660 facilia
681 606 813 677 purgato.
843 598 916 658 hacc
929 600 1031 659 vicena
1046 602 1074 659 in
1089 620 1163 681 aqua

181 704 253 764 pura
273 693 321 744 aut
341 684 433 744 mulsa
455 692 524 761 pota
542 683 722 761 hydropicos
743 690 851 741 sanam.
881 678 994 741 trahunt
1013 691 1042 741 et
1065 683 1187 747 bilems

181 770 228 848 qui
244 768 441 828 vehementius
461 767 579 845 purgari
603 766 784 839 voluntnoum
803 764 942 824 folliculis
962 766 1033 843 ipsis
1052 778 1165 829 sumunt

180 870 224 928 ea,
240 869 304 911 nam
315 850 489 910 stomachum
501 849 626 925 laedunt,
641 850 736 926 itaque
748 848 890 907 inuentum
905 856 950 907 est
965 857 995 907 ut
1007 866 1070 909 cum
1080 852 1165 929 pisce

180 943 227 996 aut
242 936 304 994 iure
318 934 473 1010 gallinacei
487 942 677 993 sumerentur.

139 1030 173 1083 96
247 1017 330 1096 (72.)
352 1015 581 1092 leontopetalon
594 1014 856 1092 aliirhaphanidion
867 1025 983 1092 vocant,
997 1015 1069 1077 folio
1082 1015 1164 1077 bras·

180 1104 270 1175 sicae,
289 1099 370 1158 caule
386 1098 565 1176 semipedali,
580 1099 645 1159 alae
659 1100 758 1174 mirae,
774 1115 871 1157 semen
885 1100 915 1157 in
927 1101 1073 1176 cacumine
1085 1101 1114 1159 in
1126 1102 1197 1160 si-1o

180 1185 265 1261 119919
282 1183 385 1241 ciceris
399 1181 502 1257 modo,
520 1182 602 1241 radix
615 1198 692 1259 napo
708 1180 823 1256 similis,
839 1182 973 1257 mandis,
994 1184 1084 1259 nigra.
1114 1202 1164 1242 na·

181 1267 270 1326 scitur
285 1266 314 1323 in
330 1266 416 1323 arvis.
435 1264 517 1325 radix
532 1266 701 1326 adversatur
716 1266 839 1323 omnium
854 1267 1029 1343 serpentium
1047 1266 1164 1341 generi·

179 1350 233 1409 bus
255 1364 293 1407 ex
311 1349 378 1407 vino
397 1356 481 1426 pota,
506 1365 563 1407 nee
583 1349 638 1408 alia
658 1366 706 1407 res
730 1346 855 1407 celerius
878 1348 1001 1424 prolicit.
1032 1348 1115 1408 datur
1136 1358 1165 1407 et

182 1430 357 1492 ischiadicis.

138 1527 171 1580 99
244 1513 326 1592 (73.)
347 1514 497 1593 lycapsos
511 1514 690 1591 longioribus
707 1531 790 1592 quam
802 1513 933 1574 lactucae
944 1513 1023 1575 foliis
1038 1518 1163 1575 crassius
1174 1533 1197 1574 9

180 1598 332 1677 ribusque,
358 1599 440 1658 caule
462 1598 570 1675 longo,
585 1597 711 1672 hirsuto,
726 1597 856 1674 adgnatis
870 1598 964 1658 multis
980 1598 1164 1675 cubitalibus,

179 1681 252 1743 dore
269 1697 376 1758 parvo,
399 1699 554 1761 purpureo.
588 1683 714 1741 nascitur
732 1681 762 1739 in
789 1675 1006 1758 campestribus.
1038 1681 1166 1742 inlinitur

181 1784 243 1826 cum
258 1766 347 1824 farina
364 1764 526 1826 hordeacea
539 1765 598 1841 igni
613 1781 717 1839 sacro,
736 1764 857 1824 sudores
880 1766 908 1823 in
922 1764 1051 1824 febribus
1065 1776 1166 1826 movet

117 1912 129 1927 ‚
180 1866 251 1910 suco
268 1866 358 1925 aquae
374 1849 475 1908 caldae
489 1849 624 1910 admixto.

137 1946 172 1999 99
242 1931 324 2009 (74.)
347 1930 426 1991 luter
440 1934 532 1991 omnis
551 1931 659 1991 herbas
680 1930 869 2009 lithospermo
894 1930 963 1991 nihil
981 1940 1027 1991 est
1047 1932 1196 1991 mirabi-ao

179 2015 244 2073 1199.
270 2012 357 2091 aliqui
372 2014 544 2089 exonychon
554 2023 671 2091 vocant,
687 2014 735 2074 alii
746 2009 914 2093 diosppron,
930 2014 977 2073 9111
990 2014 1163 2076 Heracleus.

178 2095 269 2156 herba
285 2097 491 2173 quincuncialis
507 2097 581 2172 fere,
596 2097 675 2157 foliis
695 2096 784 2176 duplo
799 2097 954 2158 maioribus
969 2116 1053 2175 quam
1068 2107 1163 2172 rutae,

177 2177 294 2239 ramulis
308 2178 475 2250 surculosis,
491 2180 679 2239 crassitudine
693 2181 784 2256 iunci,
799 2182 875 2257 gerit
889 2182 966 2240 iuxta
981 2182 1052 2242 folia
1066 2182 1163 2257 singu·

179 2262 223 2321 las
237 2260 327 2320 veluti
342 2260 477 2322 barbulas
492 2264 564 2322 etin
577 2280 675 2322 earum
690 2262 881 2323 cacuminibus
895 2263 1013 2341 lapillos
1035 2264 1162 2324 candore

178 2354 208 2403 et
221 2345 393 2404 rotunditate
409 2346 635 2423 margaritarum,
646 2345 838 2422 magnitudine
852 2348 964 2423 ciceris,
980 2348 1080 2409 duritia
1092 2363 1162 2406 vero
1172 2357 1197 2398 tt

179 2426 304 2505 lapidea.
334 2429 391 2505 ipsi
407 2447 462 2507 qua
480 2428 624 2507 pediculis
637 2428 813 2489 adhaereant
827 2430 996 2491 cavernulas
1011 2430 1120 2491 habent
1134 2440 1164 2490 et

136 2512 255 2579 9919999
267 2528 375 2570 semen.
395 2512 522 2571 nascitur
538 2514 605 2571 etin
616 2512 708 2587 ltalia,
724 2513 776 2573 sed
786 2513 1005 2573 laudatissimum
1020 2515 1048 2572 in
1063 2511 1162 2587 creta,

179 2595 394 2673 necquicquam
407 2597 481 2654 inter
493 2594 600 2655 herbas
610 2596 720 2656 maiore
733 2598 866 2675 equidem
879 2598 1017 2657 miraculo
1028 2596 1161 2675 adspexi.

178 2684 272 2737 tantus
286 2686 332 2737 est
344 2678 436 2737 decor
449 2678 530 2760 velut
546 2680 692 2739 aurificum
707 2690 769 2739 arte
785 2680 902 2740 alternis
919 2682 993 2741 inter
1007 2679 1078 2741 folia
1094 2695 1162 2739 can·

177 2758 337 2820 dicentibus
344 2762 515 2836 margaritis,
524 2770 580 2822 tam
590 2764 732 2839 exquisita
741 2763 893 2824 difficultas
907 2764 1011 2843 lapidis
1020 2782 1058 2823 ex
1071 2761 1163 2822 herba
1172 2772 1198 2815 ³0

178 2845 332 2903 nascentis.
361 2845 459 2904 iacere
477 2853 563 2922 atque
577 2844 654 2905 humi
670 2864 790 2925 serpere
806 2857 940 2908 auctores
955 2846 1084 2921 tradunt,
1102 2862 1162 2921 ego

177 2926 307 3002 volsum,
322 2944 380 2987 non
394 2928 561 2987 haerentem
577 2929 646 2988 vidi.
677 2928 723 2989 his
741 2929 848 3007 lapillis
863 2929 1015 2990 drachmae
1030 2927 1164 3007 pondere

180 3010 257 3089 potis
279 3011 308 3069 in
328 3012 396 3069 vino
412 3009 480 3069 albo
495 3011 627 3073 calculos
649 3013 744 3089 frangi
757 3011 886 3091 pellique
901 3022 1013 3073 constat
1027 3022 1056 3072 et
1069 3022 1162 3073 stran-

178 3094 288 3169 guriam
304 3088 429 3153 discuti..
446 3110 540 3171 neque
553 3095 582 3153 in
599 3094 654 3155 alia
668 3094 819 3155 herbarum
834 3096 907 3157 fides
924 3105 969 3157 est
987 3096 1050 3155 visu
1066 3097 1163 3155 statim

177 3174 311 3253 adquam
325 3177 492 3237 medicinam
507 3186 572 3237 nata
588 3179 635 3257 sit,
652 3186 698 3238 est
709 3186 802 3238 autem
816 3181 878 3239 eins
894 3180 1010 3259 species
1026 3187 1058 3238 ut
1074 3180 1162 3239 etiam
1172 3200 1196 3242 99

179 3259 241 3318 9199
254 3268 371 3320 auctore
386 3261 449 3320 risu
467 3263 559 3319 statim
572 3260 654 3321 nosci
670 3262 770 3338 pqssit.

137 3352 189 3405 199
245 3342 329 3424 (75.)
349 3343 434 3425 hapis
451 3344 580 3422 volgaris
595 3345 673 3404 iuxta
688 3343 801 3406 flumina
820 3342 877 3405 fert
896 3360 1023 3404 muscum
1039 3346 1162 3425 siccum,
