2484 3817
311 195 391 243 usu.
407 194 498 244 msu.
512 194 638 243 xxvm.
654 192 682 247 8.
700 184 759 262 (tt.
775 184 835 263 28.)
1009 182 1068 245 175

80 370 135 411 nou
150 350 218 411 elici
234 348 308 410 deos
324 366 381 409 nee
400 347 555 426 conloqui,
578 349 641 409 sive
657 346 783 409 lucernis
806 349 869 414 slve
888 348 984 428 pelvi,
1004 351 1072 411 sive

80 453 152 514 aqua
167 435 231 494 sive
253 432 328 511 pila,
353 433 492 510 eiusque
516 431 573 492 alio
589 449 700 507 genere
722 440 885 509 temptetur.
917 450 1021 495 carnes
1043 435 1069 493 si

78 519 207 592 edantur,
226 524 327 577 eontra
339 515 433 575 rabidi
450 516 531 575 canis
544 530 659 575 morsus
675 514 807 575 efficacis
822 534 901 591 esse,
917 518 1069 578 etlamuum

78 605 159 661 iocur
173 600 334 659 efficacius.
365 599 459 659 earnis
476 597 524 658 vel
540 615 609 658 osse
623 598 746 659 bominis
761 600 1111 676 quaeiuventricu10105

57 686 196 748 succisae
208 684 388 742 inveniantur
402 681 498 741 sulbtn
511 681 691 759 podragricis
705 682 845 742 auxiliari.
866 683 891 741 si
902 701 1014 760 ungues
1026 685 1069 743 in·

79 769 228 827 veniuntur
241 766 273 825 iu
287 765 342 839 bis,
360 760 482 826 mortem
496 766 615 824 alieuius
631 766 802 843 capientium
819 766 985 842 significari.
1019 784 1069 825 ex·

78 858 223 910 crementa
236 851 301 908 sive
316 867 385 909 ossa
395 848 515 922 reddita,
533 864 596 907 oum
610 850 807 922 interemtum
824 858 925 909 contra
941 850 1070 925 magicas

77 934 193 993 iusidias
214 933 339 1010 pollere.
367 934 462 992 limum
477 930 555 1008 quod
574 934 603 991 in
621 933 763 991 intestinis
785 932 929 991 inventum
949 933 986 991 sit
1006 949 1094 1003 are,

77 1017 181 1077 laetum
202 1016 239 1075 ud
258 1016 452 1090 dysintericos
474 1015 573 1075 valere
593 1023 691 1092 potum
711 1015 878 1093 inlitumque
899 1033 964 1075 cum
984 1015 1069 1093 adipe

47 1116 70 1156 uo
78 1102 211 1161 anserino
227 1109 289 1158 toto
305 1116 431 1177 corpore
449 1098 584 1176 opitulari
603 1098 691 1157 laesis
711 1098 787 1159 malo
809 1099 1035 1174 medicamento,
1052 1116 1069 1158 a

78 1202 148 1244 eane
161 1200 236 1242 uero
252 1184 356 1241 morsis
369 1182 483 1259 adipem
498 1182 605 1241 inlitum
616 1189 647 1241 et
659 1182 766 1242 corium
782 1181 963 1242 substratum.
985 1192 1110 1246 rur-106

77 1266 190 1327 sustuli
208 1267 317 1325 sinistri
332 1266 430 1324 cinere
443 1265 568 1325 decocto
583 1282 645 1325 curu
660 1266 798 1341 sauguine
812 1266 951 1326 mustelae
965 1283 1068 1343 perun·

78 1360 140 1409 ctos
155 1348 289 1408 omnibus
306 1348 374 1408 odio
392 1351 506 1425 venire,
528 1347 602 1407 idem
621 1350 684 1409 lieri
706 1348 792 1409 oculo
814 1349 947 1410 decocto.
979 1366 1068 1427 super

78 1436 170 1493 omnia
184 1442 231 1493 est
247 1432 325 1509 quod
340 1441 496 1491 extremam
511 1431 634 1491 listulam
650 1432 777 1492 intestini
795 1441 894 1493 contra
910 1432 1013 1493 ducum
1030 1448 1068 1492 ac

47 1537 70 1576 rs
79 1517 263 1596 potestatium
279 1516 440 1593 iniquitates
459 1524 671 1575 conmonstraut
686 1524 716 1575 et
731 1515 766 1576 ad
782 1534 935 1575 successus
952 1515 1066 1593 petitio·

41 1600 46 1611 '
76 1620 140 1660 num
155 1600 384 1676 iudiciorumque
398 1616 434 1658 ae
447 1598 536 1658 litium
553 1608 692 1675 eventus,
717 1599 741 1657 si
762 1600 875 1659 omuino
895 1606 1000 1657 tautum
1016 1599 1066 1658 ali·

2 1689 3 1720 i
76 1684 139 1762 quis
157 1700 257 1742 secum
271 1681 393 1756 babeat,
408 1690 437 1741 at
452 1681 580 1741 eiusdem
596 1699 747 1740 cavernam
766 1682 880 1740 sinistro
894 1680 1004 1739 lacerto
1021 1698 1066 1739 re·

2 1775 3 1820 ;
75 1767 202 1844 ligatam,
216 1766 240 1823 si
253 1765 470 1842 quismulierem
481 1765 651 1842 prospiciat,
662 1765 827 1823 amatorium
839 1778 905 1821 esse
916 1771 973 1821 tem
984 1780 1066 1840 prae·

1 1849 4 1904 t
76 1867 145 1907 sens
162 1858 192 1907 nt
205 1848 274 1908 ilico
289 1857 436 1925 sequatur.
460 1847 588 1906 eiusdem
600 1846 659 1905 loci
675 1845 796 1923 pilorum
810 1846 935 1905 cinerem
947 1863 984 1905 eu
1000 1845 1067 1905 oleo

42 1932 187 1991 miulitum
204 1933 272 1991 viris
289 1934 338 2009 qui
351 1932 408 1989 siut
424 1928 584 2007 probrosae
602 1929 742 1989 mollitiae
757 1946 890 2006 severos,
909 1946 967 1989 nou
981 1928 1067 1989 modo

76 2014 201 2095 pudicos
215 2032 311 2075 mores
324 2014 452 2073 induere.

140 2096 224 2175 (28.)
245 2098 388 2157 Proxume
408 2096 559 2157 labulosus
579 2104 626 2157 est
648 2095 813 2155 crocodilus
836 2096 952 2174 iugenio
974 2114 1044 2176 quo·
1057 2106 1106 2162 tol

1 2188 2 2250 t
76 2199 142 2260 que,
162 2181 212 2241 ille
228 2182 274 2241 cui
289 2183 347 2241 vita
364 2182 392 2239 in
406 2198 480 2258 aqua
496 2188 631 2257 terraque
649 2181 814 2240 communis.
849 2180 905 2240 duo
924 2181 997 2240 enim
1013 2199 1066 2257 ge·

77 2282 148 2325 nera
165 2282 276 2323 eorum.
306 2265 383 2324 illius
397 2282 415 2323 e
428 2263 661 2323 dextramaxilla
679 2264 780 2323 dentes
799 2263 945 2340 adalligati
961 2265 1065 2325 dextro

44 2365 69 2404 ss
78 2348 190 2407 lacerto
197 2348 303 2422 coitus,
311 2350 335 2405 si
347 2346 497 2424 credimus,
505 2348 657 2422 stimulant,
670 2349 763 2407 canini
770 2346 872 2407 dentes
881 2347 971 2407 lebris
978 2358 1066 2409 statas

77 2440 177 2491 arcent
189 2440 254 2490 ture
265 2431 420 2509 repleti-
431 2432 579 2489 sunteuim
590 2431 666 2507 cavi,
677 2431 768 2489 -ita
781 2448 818 2489 ue
832 2430 933 2491 diebus
941 2434 1065 2509 quinque

76 2514 113 2572 ab
128 2532 221 2589 aegro
235 2522 369 2572 cernatur
384 2515 432 2593 qui
451 2514 661 2590 adalligaverit.
692 2513 765 2574 idem
783 2512 896 2591 pollere
916 2524 945 2574 et
964 2522 1065 2573 ventre

74 2607 230 2675 exemptos
250 2597 368 2674 lapillos
387 2598 524 2657 adversus
547 2597 669 2657 febrium
685 2596 824 2656 horrores
847 2596 989 2658 venientis
1008 2605 1065 2655 tra·

75 2680 153 2744 dunt.
181 2698 219 2739 ea
241 2682 325 2739 etiam
343 2680 380 2739 de
396 2699 483 2740 causa
498 2680 636 2759 Aegyptii
652 2688 813 2759 perungunt
831 2680 915 2759 adipe
937 2690 1108 2757 aegros108

44 2780 156 2825 menos.
188 2762 265 2823 alter
277 2762 319 2822 illi
339 2764 454 2840 similis,
474 2765 589 2825 multum
608 2765 681 2823 iulra
702 2764 912 2838 magnitudine,
938 2764 967 2821 in
987 2773 1065 2823 terra

75 2854 186 2906 tautum
205 2845 472 2925 odoratissimisque
491 2847 611 2908 lloribus
627 2848 706 2905 vivit.
739 2846 776 2905 ob
800 2847 826 2905 id
849 2847 981 2906 intestina
1004 2847 1065 2905 eius

75 2928 232 3006 diligenter
259 2932 445 3007 exquiruntur
471 2932 594 2991 iucundo
623 2930 723 2989 nidore
751 2930 833 2990 farta.
870 2928 1065 2989 crocodileam

76 3022 199 3089 vocant,
224 3012 374 3072 oculorum
389 3015 464 3073 vitiis
478 3015 656 3075 utilissimam
674 3031 737 3073 cum
759 3013 837 3091 porri
853 3029 923 3071 suco
943 3012 1064 3071 inunctis

75 3104 106 3155 et
119 3104 221 3155 contra
235 3095 422 3157 subfusiones
436 3097 484 3159 vel
499 3097 650 3174 caligines.
680 3096 759 3155 inlita
782 3112 896 3173 quoque
916 3113 954 3155 ex
975 3093 1107 3159 ole0109

45 3179 199 3256 mepprino
223 3178 376 3239 molestias
399 3181 428 3239 in
450 3181 526 3239 faeie
549 3181 713 3240 renascentis
727 3179 817 3254 tollit,
840 3195 878 3236 ex
898 3195 971 3255 aqua
993 3196 1063 3239 vero

75 3261 194 3322 morbos
210 3265 303 3323 omnis
314 3280 434 3341 quornm
447 3271 546 3322 natura
561 3263 652 3340 serpit
665 3264 694 3320 iu
707 3261 792 3337 lacis,
808 3262 985 3339 nitoremque
999 3262 1063 3322 red·

77 3344 126 3403 dit.
156 3345 315 3423 lentigines
331 3346 406 3406 tollit
420 3364 456 3405 ac
471 3362 557 3405 varos
576 3344 761 3421 maculasque
783 3345 889 3420 onmis,
914 3353 943 3403 et
964 3354 1063 3405 contra

78 3429 231 3490 comitialis
246 3430 364 3490 morbos
381 3428 488 3487 bibitur
502 3446 540 3487 ex
555 3435 639 3487 aceto
655 3426 747 3486 mulso
760 3425 833 3485 binis
848 3426 952 3488 obolis.
975 3428 1062 3505 adpo·
