2484 3817
323 208 404 256 111.
420 207 511 255 assu.
528 209 629 255 xxm.
645 206 671 259 o.
687 205 713 259 t.
731 195 885 271 (so-62.)
1065 194 1105 255 23

102 365 241 427 calciatus
259 370 345 439 atque
361 360 448 419 etiam
464 358 540 419 anuli
552 358 858 437 decerpseritduobus
870 360 982 437 digitis,
998 360 1106 437 pollice

104 457 134 511 et
148 454 254 526 quarto
272 446 408 504 sinistrae
425 460 536 519 manus,
552 452 638 521 atque
656 445 696 502 ita
713 443 842 503 lustratis
853 444 912 503 levi
925 452 1003 503 tactu
1014 445 1107 505 oculis

103 536 132 593 in
155 548 189 590 os
213 528 338 589 additum
359 526 561 602 devoraverit,
590 545 627 585 ne
650 526 738 586 deute
752 528 918 603 contingat,
944 527 1109 589 adfirmatur

103 614 211 675 nullam
223 612 372 673 oculorum
383 608 609 669 imbecillitatem
621 628 759 687 passurus
771 610 875 669 eodem
886 628 969 670 auno.
998 611 1086 671 iidem
1098 622 1146 677 111

83 698 194 774 scytini
214 696 314 755 siccati
335 695 455 770 tritique
474 694 568 752 caruis
587 694 788 753 excrescentis
805 692 961 770 cohibent,
980 696 1107 772 gingivis

105 790 137 842 et
159 779 297 839 dentibus
317 777 486 853 medentur,
513 776 561 835 vel
579 778 604 835 si
624 776 751 835 mobiles
774 778 850 853 siut,
880 777 1003 837 decocto
1026 797 1106 839 suco.

105 868 168 942 ipsa
182 860 357 940 corpuscula
372 861 439 919 trita
454 859 600 919 ulceribus
617 877 690 936 quae
708 868 831 937 serpunt
844 868 1052 937 putrescuntve
1067 864 1109 922 in·

105 949 252 1021 linuntur,
278 947 349 1003 item
375 942 524 1003 oculorum
552 942 767 1002 inflammationi
793 945 1054 1020 intestinorumque
1079 954 1110 1005 et

105 1034 169 1092 lere
191 1028 227 1089 ad
250 1029 344 1087 omnia
360 1045 433 1104 quae
452 1028 578 1087 cortices
594 1025 741 1086 malorum.
773 1026 964 1086 adversantur
979 1030 1110 1105 scorpio·

75 1132 96 1173 11
106 1116 200 1173 uibus.

171 1196 251 1273 (60.)
282 1193 349 1253 Nou
364 1202 410 1253 est
426 1195 496 1253 satis
511 1195 607 1252 mirari
624 1210 720 1252 curam
732 1192 967 1271 diligentiamque
980 1195 1091 1272 prisco·
1103 1204 1154 1260 111

103 1300 166 1341 rum
185 1280 234 1357 qui
253 1280 346 1337 omnia
361 1278 480 1335 scrutati
495 1276 565 1335 nihil
576 1278 775 1353 intemptatum
790 1277 979 1355 reliquerunt.
1012 1281 1043 1339 in
1056 1278 1113 1339 boc

104 1368 171 1443 ipso
197 1363 297 1438 cytino
323 1359 436 1419 flosculi
464 1369 547 1437 suut,
577 1368 730 1435 antequam
755 1360 868 1420 scilicet
893 1361 997 1421 malum
1016 1364 1111 1440 ipsum

105 1447 231 1527 prodeat
248 1451 446 1521 erumpentes,
462 1460 535 1521 quos
550 1442 723 1503 balaustium
739 1445 837 1504 vocari
851 1444 983 1504 diximus.
1013 1445 1069 1506 bos
1081 1465 1154 1503 1111

75 1549 97 1589 rs
106 1548 223 1609 quoque
240 1544 314 1604 ergo
327 1529 442 1604 experti
454 1529 594 1587 invenere
607 1528 811 1604 scorpionibus
826 1528 983 1588 adversari.
1006 1531 1113 1588 sistunt

105 1623 177 1693 potu
195 1628 313 1671 menses
327 1611 513 1686 feminarum,
529 1619 629 1669 sanant
642 1610 741 1669 ulcera
758 1612 836 1686 oris,
852 1610 1004 1687 tonsillas,
1020 1629 1112 1687 uvam,

105 1697 258 1773 sanguinis
274 1695 513 1770 exscreationes,
530 1695 642 1753 ventris
658 1701 688 1752 et
703 1692 843 1751 stomachi
860 1692 1023 1752 solutiones
1032 1736 1042 1770 ,
1061 1712 1113 1771 ge·

105 1780 225 1855 uitalia,
258 1777 358 1836 ulcera
381 1794 557 1854 quacumque
580 1779 610 1835 in
632 1784 717 1852 parte
741 1776 891 1833 manantia.
942 1776 1092 1837 siccavere
1104 1791 1155 1842 113

8 1936 10 1945 y
109 1864 213 1938 etiam,
234 1869 266 1919 ut
281 1863 325 1919 sic
339 1877 456 1937 quoque
472 1861 697 1937 experirentur,
715 1860 948 1934 inveneruntque
966 1864 1114 1917 tunsorum

75 1967 101 2007 ro
111 1947 205 2004 [11111
225 1944 419 2019 dysintericos
441 1960 458 2003 a
479 1950 573 2003 morte
594 1942 746 2016 revocari,
771 1939 866 1999 alvom
885 1942 958 2000 sisti.
993 1943 1061 2017 quin
1083 1951 1114 2001 et

113 2027 236 2087 nucleos
256 2028 337 2105 ipsos
359 2027 506 2086 acinorum
529 2026 659 2104 experiri
677 2042 735 2084 non
755 2025 857 2101 piguit.
889 2026 959 2084 tosti
978 2026 1113 2102 tunsique

111 2108 288 2173 stomachum
307 2112 407 2168 iuvant
425 2109 491 2169 cibo
507 2118 555 2169 aut
571 2108 740 2187 potionibus
756 2110 891 2185 inspersi.
922 2107 1059 2168 bibuntur
1075 2128 1115 2168 ex

109 2211 185 2271 aqua
202 2193 322 2253 caelesti
341 2192 375 2251 ad
391 2191 548 2252 sistendum
563 2193 665 2251 alvom.
689 2192 773 2251 radix
784 2192 905 2251 decocta
920 2210 1018 2251 sucum
1033 2193 1115 2252 emit-

109 2280 146 2337 tit
169 2278 217 2354 qui
240 2278 351 2335 taenias
376 2284 460 2334 necat
480 2277 625 2336 victoriati
644 2275 783 2353 pondere.
818 2275 918 2335 eadem
937 2276 1066 2336 discocta
1084 2277 1114 2335 in

78 2378 184 2438 asaqua
199 2378 270 2437 quas
285 2359 391 2434 lycium
406 2368 537 2437 praestat
552 2359 701 2418 utilitates.

174 2444 257 2522 (61.)
281 2442 336 2501 Est
351 2450 380 2501 et
391 2441 528 2502 silvestre
540 2444 673 2521 punicum
685 2460 701 2501 a
713 2441 899 2503 similitudine
907 2442 1090 2519 appellatum.
1105 2450 1157 2505 111

113 2529 176 2587 eius
192 2526 308 2585 radices
325 2524 415 2584 rubro
429 2527 540 2585 cortice
554 2525 652 2585 denari
665 2525 797 2603 pondere
810 2527 923 2585 euvino
936 2533 1025 2601 potae
1039 2540 1114 2583 som·

112 2628 164 2669 nos
177 2610 296 2670 iaciunt.
330 2610 441 2667 semine
461 2617 532 2687 poto
550 2626 623 2687 aqua
639 2627 713 2686 quae
732 2609 855 2667 subierit
871 2616 966 2667 cutem
980 2608 1112 2667 siccatur.

111 2694 177 2753 mali
192 2694 291 2770 punici
307 2693 425 2751 corticis
444 2693 521 2751 fumo
538 2692 647 2751 culices
661 2693 803 2767 fugantur.

78 2804 103 2845 ³0
174 2778 203 2835 7.
245 2774 328 2853 (62.)
355 2773 487 2834 Pirorum
509 2778 632 2835 omnium
646 2774 727 2834 cibus
744 2776 829 2834 etiam
843 2773 1007 2834 valentibus
1024 2782 1156 2834 one-115

111 2878 210 2935 rosus,
230 2859 331 2935 aegris
346 2859 404 2916 viui
417 2876 533 2936 quoque
547 2859 634 2918 modo
646 2865 777 2935 negatur.
800 2859 922 2918 decocta
934 2855 1034 2915 eadem
1042 2856 1115 2914 mire

111 2942 242 3003 salubria
262 2950 294 3001 et
311 2948 410 3018 grata,
427 2943 584 3019 praecipue
603 2938 791 3001 Crustumina.
845 2956 1023 3015 uaecumque
1041 2956 1114 2998 vero

112 3045 176 3087 curu
198 3024 290 3085 melle
312 3024 433 3084 decocta
455 3024 632 3086 stomachum
652 3024 794 3084 adiuvant.
825 2960 898 3082 dunt
913 3021 1115 3101 cataplasmata

11 3180 12 3185 .
113 3130 131 3169 e
151 3111 226 3188 piris
242 3108 280 3167 ad
297 3105 475 3167 discutienda
489 3126 644 3186 corporum
659 3109 745 3182 vitia,
771 3116 801 3167 et
819 3106 942 3166 decocto
961 3122 1062 3165 eorum
1080 3104 1116 3163 ad

81 3192 234 3252 tuduritias
262 3198 386 3251 utuntur.
419 3193 483 3269 ipsa
498 3190 686 3250 adversantur
702 3190 811 3249 boletis
826 3197 912 3263 atque
929 3188 1037 3266 fungis,
1055 3187 1116 3265 pel-

113 3276 233 3353 luntque
245 3272 380 3353 pondere
391 3273 425 3307 ³²*
437 3282 617 3352 repugnante
631 3289 710 3332 suco.
733 3270 831 3331 Pirum
840 3270 976 3332 silvestre
992 3270 1092 3331 tardis·
1107 3277 1159 3332 111

113 3359 187 3418 sime
202 3358 382 3418 maturescit.
411 3356 570 3417 conciditur
583 3371 812 3433 suspensumque
828 3356 953 3416 siccatur
967 3353 1002 3414 ad
1013 3355 1118 3414 sisten-

115 3439 179 3501 dam
198 3441 316 3517 alvom,
339 3439 417 3517 quod
431 3449 460 3501 et
475 3441 625 3500 decoctum
641 3439 703 3497 eius
718 3445 790 3514 potu
807 3446 944 3516 praestat.
976 3437 1118 3496 decocun-
