2484 3817
137 203 181 264 48
500 217 529 264 o.
547 215 643 262 emm
661 214 810 262 succum
897 248 903 268 .

94 390 126 430 ιι,
135 388 169 424 ιιι
181 379 239 430 est
254 371 385 432 hederae
396 382 477 447 quam
492 369 708 448 chrysocarpon
725 367 933 446 appellavimus
950 367 1031 426 bacis
1052 369 1131 426 aurei

137 453 246 513 coloris
276 456 380 531 viginti
401 456 431 512 in
452 453 510 510 riui
531 455 661 512 sextario
682 453 778 527 tritis,
816 453 855 510 ita
877 460 908 510 ut
929 460 1004 510 temr
1036 449 1131 526 cyathi
1151 491 1154 496 -

137 545 293 613 potentur,
311 553 411 614 aquam
427 553 500 613 quae
516 543 610 595 cutem
625 535 750 594 subierit
763 537 845 594 urina
861 534 958 594 educit
976 532 1132 592 Erasistra·

137 627 191 677 tus.
223 621 353 680 eiusdem
378 621 478 679 acinos
497 621 623 696 quinque
647 621 732 678 tritos
748 619 777 677 in
799 635 923 677 rosaceo
945 616 1013 677 oleo
1028 614 1133 676 caleia-

137 709 260 780 ctosquc
273 705 302 762 in
317 705 429 764 cortice
443 702 539 780 punici
554 701 706 761 instillavit
717 701 844 761 dentium
861 701 955 761 dolori
979 719 996 759 a
1019 709 1156 759 contra-t

91 786 180 847 78ria
206 789 275 844 auri.
315 788 388 846 acini
414 787 461 864 qui
482 786 562 844 croci
589 802 686 844 sucum
709 785 817 844 habent
837 785 1015 862 praesumpti
1028 792 1132 860 potua

135 868 253 945 crapula
271 878 350 929 tutos
361 875 532 947 praestant,
548 870 619 926 item
635 870 803 944 sanguinem
816 869 997 927 exscreantis
1011 875 1060 925 aut
1073 874 1132 925 tor-

134 952 258 1011 minibus
286 954 453 1012 laborantis.
495 949 621 1010 hederae
653 953 754 1027 nigrae
782 952 964 1011 candidiores
1001 949 1131 1024 corymbi

134 1037 197 1111 poti
222 1036 332 1095 sterilis
351 1037 436 1094 ctiam
456 1035 535 1092 viros
560 1035 676 1092 iaciunt.
707 1034 834 1092 inlinitur
848 1035 970 1094 decocta
981 1051 1132 1110 quaecum·

134 1135 191 1193 que
216 1121 245 1176 in
261 1121 329 1177 vino
358 1119 481 1176 omnium
494 1117 622 1176 ulcerum
637 1119 756 1194 generi,
779 1119 890 1176 etiamsi
907 1115 1047 1176 cacoethe
1062 1117 1128 1174 sint.
1140 1139 1166 1180 m

89 1207 123 1262 ts
137 1198 254 1260 lacrima
280 1200 407 1260 hederae
435 1199 588 1277 psilotrum
610 1208 674 1275 est,
702 1199 938 1277 phthiriasimque
962 1199 1047 1258 tollit.
1075 1198 1130 1257 ilos

134 1285 338 1360 cuiuscumque
366 1285 485 1360 generis
512 1285 597 1342 trium
614 1283 769 1358 digitorum
782 1291 867 1360 captu
884 1282 1077 1358 dysintericos
1100 1290 1132 1340 et

132 1365 227 1424 alvom
254 1369 339 1424 citam
360 1365 492 1425 emendat
513 1367 543 1424 in
560 1368 629 1424 vino
647 1374 767 1424 austero·
779 1365 824 1424 bis
841 1366 887 1425 die
904 1374 998 1443 potus.
1029 1374 1060 1424 et
1074 1382 1132 1423 am-

132 1447 226 1506 bustis
241 1449 372 1508 inlinitur
388 1447 499 1508 utiliter
510 1467 572 1508 cnm
588 1467 663 1508 cera.
681 1449 832 1524 denigrant
844 1448 978 1527 capillum
989 1447 1128 1523 corymbi.

133 1531 238 1590 radicis
256 1547 342 1590 sucus
360 1533 389 1591 in
405 1540 490 1591 aceto
505 1539 592 1608 potus
608 1539 708 1591 contra
719 1531 873 1608 phalangia
888 1531 1017 1610 prodest.
1043 1531 1127 1590 huius
1140 1552 1166 1592 ss

89 1623 126 1676 80
138 1631 256 1691 quoqne
273 1615 345 1690 ligni
361 1633 433 1673 vaso
448 1614 596 1692 splenicos
610 1615 737 1674 bibentis
756 1618 850 1674 sanari
866 1611 991 1674 invenio.
1022 1622 1053 1674 et
1072 1615 1130 1672 aci·

132 1711 186 1754 nos
215 1705 335 1774 terunt,
358 1715 426 1758 mox
452 1697 623 1768 comburunt
645 1706 676 1757 et
699 1701 738 1756 ita
759 1698 881 1757 inlinunt
903 1697 1032 1757 ambusta
1048 1698 1130 1775 prins

133 1781 252 1856 pertusa
267 1799 340 1858 aqua
361 1781 460 1840 calida.
495 1789 561 1839 sunt
577 1783 625 1858 qui
641 1790 671 1840 et
687 1781 813 1841 incidant
831 1783 891 1841 suci
916 1782 1008 1858 gratia
1031 1797 1130 1857 eoque

131 1871 247 1922 utantur
263 1864 298 1922 ad
320 1865 416 1924 dentis
434 1881 555 1940 erosos,
578 1865 731 1941 imrrgiqne
748 1865 879 1941 tradunt,
896 1865 1044 1942 proxumis
1059 1881 1130 1922 cera

132 1948 248 2004 munitis
272 1963 309 2005 ne
340 1946 497 2006 laedantur.
529 1950 657 2006 cummim
680 1950 766 2007 etiam
788 1950 818 2006 in
844 1947 951 2007 hedera
976 1955 1168 2024 (praeacutae

132 2045 214 2104 quam
232 2045 270 2088 ex
283 2037 368 2089 aceto
383 2029 562 2090 utilissimam
577 2030 711 2090 dentibus
732 2033 908 2108 promittunt.

87 2121 122 2174 81
197 2111 279 2188 (48.)
307 2111 408 2172 Graeci
425 2114 521 2173 vicino
536 2113 680 2172 vocabulo
697 2113 811 2172 cisthon
827 2112 974 2190 appellant
994 2112 1129 2170 fruticem

133 2195 270 2252 maiorem
286 2193 400 2271 thymo,
415 2196 494 2256 iuliis
510 2197 602 2255 ocimi.
633 2195 690 2254 duo
706 2196 768 2254 eius
784 2212 911 2270 genera:
929 2193 983 2253 ilos
999 2195 1128 2254 masculo

132 2293 284 2353 rosaceum,
300 2279 424 2338 ieminae
439 2279 531 2338 albus.
563 2277 647 2336 ambo
664 2285 786 2354 prosunt
799 2277 984 2351 dysintericis
1000 2285 1030 2336 et
1048 2277 1128 2337 solu·

133 2359 260 2418 tionibus
275 2361 386 2422 ventris
403 2363 432 2420 in
448 2363 516 2419 vino
532 2368 650 2419 austero
667 2361 759 2419 ternis
773 2359 872 2436 digitis
896 2359 969 2420 flore
991 2369 1078 2436 capto
1094 2370 1167 2420 etas

122 2443 268 2503 ‘similiter
290 2445 335 2504 bis
358 2445 405 2504 die
422 2452 510 2520 poto,
527 2442 683 2503 ulceribus.
694 2443 845 2502 veteribus
859 2451 890 2500 et
909 2443 1047 2501 ambustis
1062 2461 1128 2502 cum

132 2541 199 2585 cera
210 2536 242 2586 et
256 2545 311 2604 per
328 2546 361 2586 se
379 2527 439 2584 oris
456 2524 610 2584 ulceribus.
642 2525 695 2584 sub
714 2524 758 2583 his
781 2542 911 2585 mamma
930 2526 1058 2583 nascitur
1073 2525 1128 2601 hy-

88 2628 119 2665 m.
137 2625 160 2661 ιι
174 2610 327 2686 pocisthis,
344 2625 427 2686 quam
441 2609 517 2666 inter
532 2607 638 2666 herbas
654 2608 788 2667 dicemus.

88 2699 124 2753 82
193 2692 274 2768 (49.)
305 2689 406 2748 cissos
424 2690 595 2764 erythranos
612 2691 648 2749 ab
665 2690 766 2749 iisdem
782 2689 945 2767 appellatur
955 2690 1055 2750 similis
1073 2691 1127 2752 he-

132 2773 232 2849 derae,
248 2770 455 2834 coxendicibus
471 2772 548 2832 utilis
565 2775 778 2850 evinopotus,
794 2775 862 2832 item
873 2773 987 2849 lumbis,
1000 2781 1079 2834 tanta
1093 2777 1124 2834 vi
1134 2793 1167 2834 ao

132 2859 205 2915 acini
232 2865 262 2914 ut
282 2855 449 2930 sanguinem
470 2859 551 2915 urina
575 2855 715 2916 detrahat.
749 2859 818 2916 item
841 2856 1055 2916 chamaecisson
1073 2874 1126 2934 ap·

132 2938 241 3016 pellant
269 2938 403 2996 hederam
425 2954 482 2997 non
507 2939 689 2999 attollentem
712 2958 745 2998 se
770 2947 888 3000 eterra.
919 2948 949 2999 et
969 2940 1125 3000 baeccon-

132 3031 215 3079 tunsa
229 3023 259 3079 in
272 3023 339 3079 vino
360 3021 501 3081 acetabuli
521 3039 655 3082 mensura
676 3022 745 3081 lieni
768 3023 914 3098 medetur,
934 3023 1004 3083 iulia
1025 3023 1125 3082 ambu-

132 3105 185 3162 stis
199 3121 262 3161 cum
276 3106 407 3182 axungia.
455 3105 541 3164 milax
558 3122 690 3183 quoque,
705 3108 752 3183 qui
763 3102 960 3183 anthophoros
974 3108 1124 3182 cognomi-

132 3195 229 3261 natur,
258 3185 469 3248 similitudinem
493 3187 619 3248 hederae
633 3188 738 3265 habet,
753 3189 934 3249 tennioribus
948 3188 1034 3249 foliis.
1071 3207 1165 3254 coss

132 3285 231 3328 ronam
247 3289 287 3328 ex
303 3289 339 3331 eo
355 3272 457 3331 iactam
472 3273 563 3350 inpari
582 3271 716 3332 foliorum
728 3288 846 3332 numero
861 3274 939 3331 aiunt
951 3273 1053 3348 capitis
1069 3271 1124 3330 do-

89 3361 125 3416 83
135 3351 246 3411 loribus
263 3355 381 3414 mederi.
411 3352 531 3426 Quidam
545 3355 601 3415 dno
617 3373 728 3431 genera
738 3356 847 3415 milacis
862 3357 979 3415 dixere:
998 3354 1123 3413 alterum

132 3435 326 3496 inmortalitati
351 3455 522 3514 proxumum
551 3441 580 3498 in
605 3439 784 3500 convallibus
811 3441 909 3518 opacis
932 3437 1123 3498 scandentem
