2484 3817
313 132 625 218 1111.111’11.1111’111.
643 167 682 218 11.
700 165 743 218 aa.
761 151 911 238 (11-45.)
1045 154 1084 214 95

88 335 153 386 ctos
174 327 340 404 acciperet,
364 324 471 401 digerit
497 341 536 382 ex
559 340 617 382 uno
639 323 807 400 pingitque,
833 321 898 380 dum
916 321 1033 399 coquit,
1055 329 1086 381 et

89 409 207 470 adustae
228 427 281 469 eae
301 416 403 469 vestes
426 407 570 466 firmiores
589 405 689 466 usibus
713 406 782 464 liunt
799 420 882 482 quam
899 405 923 464 si
941 422 999 464 nou
1020 423 1086 478 ure,-

89 501 197 554 rentur.

153 577 199 638 12.
218 575 299 659 (43.)
316 575 361 635 lie
376 576 489 652 pictura
501 575 572 633 satis
585 589 741 650 superque.
771 572 960 632 contexuisse
974 571 1019 630 his
1036 580 1126 635 11151

65 661 231 740 aplasticen
244 660 407 721 conveniat.
432 657 569 717 Eiusdem
584 673 677 734 opere
693 664 790 714 terrae
804 655 915 731 fingere
932 673 971 714 ex
984 655 1086 731 argilla

87 744 287 805 similitudines
305 741 431 803 Butades
454 740 608 817 Sicyonius
630 738 734 816 ligulas
756 739 864 816 primus
895 739 1006 798 invenit
1031 736 1085 798 Co·

86 829 173 889 rintbi
195 828 273 888 liliae
285 844 384 906 opera
407 842 480 903 quae
506 833 590 903 capta
613 841 712 882 amore
735 822 864 898 iuvenis,
886 822 1010 882 abeunte
1032 823 1083 882 illo

86 929 232 991 peregre,
256 911 382 971 umbram
396 928 435 969 ex
449 909 525 968 lacie
540 910 602 969 eius
618 906 654 967 ad
668 906 813 965 lucernam
831 907 860 964 in
876 909 990 983 pariete
1008 905 1085 964 liniis

86 993 451 1072 circumscripsit,·qntbus
466 1001 551 1072 pater
566 993 630 1052 eius
641 992 775 1068 inpressa
790 988 892 1066 argilla
905 998 1003 1068 typum
1015 989 1086 1048 lecit
1180 1061 1183 1068 1

50 1090 117 1140 1111
138 1097 201 1138 cum
219 1079 329 1137 ceteris
350 1077 487 1136 lictilibus
508 1075 668 1136 induratum
685 1074 745 1151 igni
768 1075 940 1151 proposuit,
962 1090 1086 1150 eumque
1146 1073 1148 1076 ’

86 1170 232 1223 servatum
243 1163 272 1219 in
283 1159 469 1239 Nymphaeo,
482 1160 576 1219 donec
588 1157 738 1218 Mummius
748 1154 916 1216 Corinthum
932 1158 1086 1231 everterit,

85 1246 211 1306 tradunt.
244 1244 317 1303 Sunt
332 1247 380 1323 qui
401 1246 431 1303 in
445 1245 530 1303 Samo
552 1245 662 1322 primos
682 1241 805 1301 omnium
823 1240 966 1318 plasticen
987 1243 1128 1302 inve-152

86 1331 165 1389 nisse
183 1327 333 1390 Rhoecum
359 1337 389 1388 et
412 1327 596 1387 Theodorum
617 1327 730 1386 tradant
750 1323 840 1383 multo
864 1333 931 1385 ante
951 1323 1086 1384 Bacchia-

85 1413 135 1472 das
152 1410 293 1483 Corintho
309 1412 428 1490 pulsos,
446 1411 627 1470 Demaratum
641 1427 714 1470 vero
731 1425 769 1468 ex
784 1407 885 1468 eadem
901 1408 973 1469 urbe
989 1408 1087 1486 prolu-

52 1518 75 1558 11
85 1515 166 1574 gum,
182 1497 229 1574 qui
245 1496 274 1554 in
287 1494 402 1555 Etruria
415 1495 599 1573 Tarquinium
610 1511 712 1571 regem
726 1490 824 1572 populi
837 1490 959 1551 Romani
972 1492 1086 1568 genuit,

88 1581 241 1640 comitatos
258 1580 379 1640 lictores
399 1578 534 1655 Euchira,
551 1577 688 1655 Diopum,
703 1574 914 1654 Eugrammum,
931 1575 966 1634 ab
981 1576 1017 1634 iis
1031 1575 1087 1634 lta·
1142 1593 1144 1604 ·

87 1666 145 1724 1111
161 1662 293 1722 traditam
309 1663 461 1741 plasticen.
500 1661 618 1719 butadis
640 1661 787 1720 inventum
809 1667 855 1718 est
876 1659 1020 1719 rubricam
1039 1659 1086 1718 ad·

88 1749 159 1808 dere
180 1753 229 1806 aut
251 1764 291 1804 ex
306 1745 394 1804 rubra
408 1753 489 1804 creta
511 1744 643 1820 lingere,
659 1745 824 1822 primusque
843 1760 985 1822 personas
1002 1752 1086 1820 tegu-

84 1833 173 1891 larum
189 1831 329 1889 extremis
341 1827 508 1887 imbricibus
519 1828 658 1906 inposuit,
672 1844 745 1906 quae
760 1830 838 1888 inter
850 1829 930 1887 initia
945 1836 1085 1906 prostypa

48 1915 219 1986 sevocavit,
243 1920 346 1990 postea
367 1910 444 1971 idem
465 1920 568 1989 ectypa
587 1912 665 1970 lecit.
700 1911 766 1972 hinc
781 1921 812 1972 et
831 1912 947 1989 fastigia
964 1911 1086 1989 templo·

84 2015 145 2057 rum
161 2004 235 2055 orta.
261 2002 384 2073 propter
399 1995 474 2055 hunc
489 1995 602 2075 plastae
617 1995 767 2074 appellati.
974 2049 976 2056 .

146 2081 229 2159 (44.)
248 2078 378 2138 1111111111
394 2087 489 2139 autem
506 2081 660 2157 imaginem
676 2096 771 2158 gypso
793 2099 810 2140 e
830 2080 906 2140 lacie
927 2081 991 2158 ipsa
1005 2081 1063 2158 pri·
1075 2089 1126 2143 153

82 2185 145 2224 mus
166 2164 288 2223 omnium
312 2164 460 2240 expressit
476 2181 601 2242 ceraque
623 2165 652 2234 in
667 2181 729 2223 earn
748 2165 867 2224 formam
882 2166 967 2242 gypsi
991 2165 1085 2224 inlusa

85 2248 240 2310 emendare
260 2247 383 2306 instituit
403 2245 580 2323 lysistratus
601 2246 772 2324 Sicyonius,
796 2248 887 2308 irater
908 2247 1027 2326 Lysippi
1048 2248 1084 2306 de

47 2352 73 2392 us
85 2349 143 2412 quo
155 2332 285 2391 diximus.
301 2330 348 2391 hic
361 2337 391 2390 et
403 2330 605 2392 similitudines
616 2331 743 2392 reddere
756 2333 891 2410 instituit,
906 2340 972 2391 aute
986 2349 1051 2391 eum
1061 2352 1090 2386 11,
1104 2348 1124 2382 n

87 2433 171 2495 quam
187 2415 393 2493 pulcherrimas
408 2415 508 2475 iacere
522 2415 685 2475 studebant.
720 2415 796 2476 idem
812 2417 894 2477 etde
911 2417 1002 2493 signis
1023 2415 1084 2476 elli-

84 2501 150 2576 gies
174 2501 338 2576 exprimere
365 2500 489 2575 invenit,
518 2497 668 2577 crevitque
688 2517 737 2576 res
763 2502 792 2559 in
818 2508 931 2565 tantum,
953 2507 984 2558 ut
1007 2499 1083 2558 nulla

86 2585 168 2660 signa
184 2590 333 2642 statuaeve
345 2584 408 2643 sine
424 2582 527 2661 argilla
538 2583 650 2644 flerent.
684 2600 740 2662 quo
756 2585 876 2663 adparet
892 2583 1083 2661 antiquiorem

86 2666 158 2725 hauc
173 2666 265 2725 fuisse
282 2667 431 2726 scientiam
448 2685 530 2744 quam
543 2666 680 2726 lundendi
696 2671 783 2728 aeris.

50 2769 77 2810 11
146 2750 226 2830 (45.)
243 2747 361 2809 -Plastae
374 2749 559 2811 laudatissimi
571 2751 655 2810 luere
662 2749 849 2830 Damophilus
862 2756 891 2809 et
903 2748 1063 2828 Gorgasus,
1077 2762 1126 2816 154

86 2833 171 2893 iidem
188 2836 337 2912 pictores,
357 2832 541 2909 1110111111
562 2836 665 2896 aedem
681 2833 791 2895 Romae
808 2832 843 2894 ad
859 2833 966 2892 circum
985 2852 1082 2894 maxu-

66 2935 159 2978 mum
175 2926 299 2993 utroque
319 2933 430 2992 genere
446 2921 517 2977 artis
535 2936 606 2993 suae
627 2918 814 2978 excoluerant
828 2917 963 2976 versibus
981 2920 1082 2978 inscri-

87 3003 144 3080 ptis
163 2997 275 3062 Graece
298 2999 402 3078 quibus
426 3001 624 3077 significarent
639 3001 674 3061 ab
693 3002 793 3062 dextra
805 3019 902 3080 opera
919 2999 1080 3079 Damophili

86 3104 172 3163 esse,
193 3085 235 3144 ab
246 3084 328 3143 laeva
346 3080 478 3160 Gorgasi.
511 3094 576 3145 ante
598 3085 671 3144 hanc
691 3084 792 3145 aedem
808 3081 1081 3146 Tuscanica'omnia

50 3168 249 3230 1111111111
269 3167 362 3228 luisse
378 3174 480 3226 auctor
501 3177 548 3228 est
564 3168 677 3244 Varro,
699 3177 730 3228 et
747 3187 785 3229 ex
800 3168 870 3244 hac,
892 3187 954 3228 cum
978 3169 1081 3232 relice-

87 3261 185 3329 retur,
210 3259 322 3312 crustas
342 3251 483 3329 parietum
505 3255 619 3313 excisas
640 3252 745 3312 tabuiis
769 3254 934 3329 marginatis
955 3253 1080 3318 inclusas

87 3355 167 3414 esse,
180 3339 249 3396 item
261 3337 343 3412 signa
354 3353 392 3394 ex
404 3335 529 3415 fastigiis
541 3335 683 3414 dispersa.
705 3338 775 3397 lecit
790 3345 820 3397 et
832 3333 1059 3397 Chalcosthenes
1072 3350 1121 3403 155
1166 3334 1168 3339 ’

86 3421 174 3482 cruda
196 3437 286 3501 opera
308 3417 446 3497 Athenis,
465 3421 513 3499 qui
533 3420 614 3480 locus
637 3421 672 3481 ab
694 3422 807 3482 cilicina
829 3421 891 3482 eius
913 3419 1079 3483 Ceramicos
