2484 3817
165 207 186 268 4
519 216 549 265 o.
565 204 662 263 nunu
678 216 828 264 sacnnnr

165 371 384 435 exscreantibus
405 378 435 429 et
455 370 641 430 mulierumsa
655 378 799 447 conceptu
814 370 974 431 defectioni
989 370 1071 430 diluti
1085 380 1151 450 potu

163 463 294 537 prosunt.
326 462 432 514 cortex
453 455 552 513 vitium
574 460 603 511 et
623 452 695 524 lolia
716 453 795 513 arida
817 453 968 513 volnerum
991 456 1151 531 sanguinem

163 542 269 599 sistunt
300 538 451 617 ipsumque
478 536 581 597 volnus
611 534 820 612 conglutinant.
861 537 930 595 vitis
954 536 1037 596 albae
1057 538 1150 595 viridis

163 630 265 681 tunsae
280 636 350 681 suco
368 620 554 699 impetigines
570 618 717 678 tolluntur.
744 620 816 678 cinis
828 628 1037 680 sarmentorum
1046 620 1152 677 vitium-

163 723 219 783 que
245 712 276 764 et
297 706 483 764 vinaceorum
504 700 714 777 condylomatis
736 710 766 760 et
784 701 863 761 sedis
879 703 957 761 vitiis
972 702 1103 761 medetur
1116 721 1172 761 exa

162 796 266 864 aceto,
281 789 351 848 item
365 787 468 846 luxatis
487 793 517 843 et
532 784 669 843 ambustis
687 792 718 843 et
734 784 819 844 lienis
837 786 940 844 tumori
955 802 1018 844 curu
1034 802 1152 844 rosaceo

163 878 193 931 et
215 879 280 932 ruta
304 879 335 931 et
355 878 447 929 aceto.
473 869 551 925 item
570 868 630 943 igni
651 885 735 927 sacro
756 886 795 926 ex
815 869 883 926 vino
906 870 978 927 citra
999 867 1094 926 oleum
1108 869 1152 927 ad-

133 956 314 1034 espergitur
329 960 359 1012 et
373 951 547 1027 intertrigini
556 992 566 1027 ,
583 958 613 1009 et
627 949 704 1028 pilos
720 950 851 1010 absumit.
877 950 944 1009 dant
961 959 991 1010 et
1004 951 1153 1010 bibendum

98 1040 102 1049 '
162 1040 292 1098 cinerem
316 1040 525 1095 sarmentorum
550 1032 585 1091 ad
607 1033 693 1092 lienis
714 1033 841 1092 remedia
856 1041 941 1093 aceto
959 1051 1153 1111 consparsum,

86 1126 89 1131 '
162 1124 203 1181 ita
220 1128 251 1179 ut
268 1119 327 1178 bini
341 1115 436 1191 cyathi
454 1116 484 1173 in
499 1115 597 1193 tepida
612 1132 684 1193 aqua
699 1115 834 1175 bibantur
845 1124 933 1194 utque
946 1118 994 1193 qui
1007 1116 1114 1175 biberit
1124 1119 1188 1191 inno

162 1204 269 1263 lieneru
285 1202 387 1259 iaceat.
416 1198 574 1257 claviculae
592 1200 675 1276 ipsae
691 1198 794 1275 quibus
815 1207 920 1276 repunt
931 1202 1006 1258 vites
1020 1200 1106 1259 tritae
1117 1218 1154 1258 ex

132 1298 234 1363 (taqua
255 1290 342 1363 potae
363 1282 468 1341 sistunt
485 1283 674 1341 vomitionum
694 1282 939 1341 consuetudinem.
971 1284 1044 1341 cinis
1057 1284 1155 1341 vitium

162 1386 225 1428 cum
242 1365 365 1441 axungia
381 1372 485 1423 vetere
502 1372 602 1423 contra
619 1373 747 1423 tumores
764 1365 897 1442 prolicit,
913 1365 1023 1424 listulas
1040 1374 1155 1442 purgat,

160 1467 230 1509 mox
245 1458 275 1508 et
294 1456 446 1526 persanat,
462 1464 616 1507 nervorum
633 1447 752 1506 dolores
763 1449 876 1524 frigore
890 1456 973 1507 omos
984 1450 1154 1507 contractio-

161 1548 290 1611 nesque‚
306 1538 460 1590 contunsas
475 1548 548 1590 vero
564 1531 655 1608 partis
670 1547 735 1589 cum
745 1530 831 1607 oleo,
849 1532 943 1589 carnis
956 1532 1155 1590 excrescentis
1164 1546 1190 1585 15

160 1616 191 1675 in
212 1614 327 1675 ossibus
350 1631 413 1673 cum
430 1622 514 1674 aceto
532 1621 562 1673 et
579 1615 675 1689 uitro,
697 1616 882 1691 scorpionum
895 1622 928 1673 et
943 1631 1043 1673 canum
1056 1614 1155 1691 plagas

162 1715 225 1758 cum
241 1696 318 1769 oleo.
349 1699 467 1757 corticis
483 1715 538 1776 per
552 1716 585 1756 se
602 1698 675 1757 cinis
691 1698 849 1757 combustis
866 1697 944 1775 pilos
961 1697 1063 1756 reddit.

133 1792 150 1848 7
220 1781 280 1859 (4.)
296 1780 481 1859 Omphacium
498 1798 553 1859 qua
564 1782 649 1840 lieret
661 1782 774 1841 ratione
788 1782 953 1859 incipientis
965 1798 1038 1839 urae
1052 1780 1156 1858 puber·
1232 1853 1233 1866 χ

119 1866 154 1945 {35
171 1873 231 1923 tate
259 1866 290 1923 iu
319 1872 529 1941 unguentorum
551 1864 617 1924 loco
642 1864 797 1924 docuimus.
835 1882 911 1925 nunc
932 1865 967 1924 ad
989 1863 1157 1923 medicinam
1232 1871 1233 1878 ’

162 1948 198 2007 de
215 1963 252 2007 eo
268 1948 444 2025 pertinentia
459 1946 656 2007 indicabimus.
691 1947 778 2008 Sanat
793 1966 829 2008 ea
845 1966 919 2026 quae
939 1950 969 2006 iu
983 1964 1084 2007 amore
1099 1949 1194 2005 sintno

160 2029 276 2105 ulcera,
302 2037 333 2107 ut
355 2032 434 2105 oris,
451 2029 646 2105 tonsillarum,
661 2032 836 2107 genitalium.
870 2031 1018 2092 oculorum
1033 2029 1156 2089 claritati

160 2114 321 2193 plurumum
347 2111 478 2187 conlert,
510 2112 665 2172 scabritiae
685 2132 823 2190 genarum
843 2114 1047 2188 ulceribusque
1071 2130 1158 2189 angu-

161 2196 271 2271 lorum,
287 2193 450 2270 nubeculis,
465 2193 612 2254 ulceribus
628 2212 805 2273 quacumque
819 2197 849 2253 iu
865 2201 948 2272 parte
964 2196 1158 2271 manantibus,

161 2278 343 2338 cicatricibus
364 2276 513 2353 marcidis,
541 2278 658 2337 ossibus
681 2277 833 2355 purulente
856 2277 978 2336 limosis.
1009 2279 1159 2355 mitigatur

160 2361 346 2421 vehementia
367 2361 429 2418 eius
451 2359 539 2420 melle
564 2370 612 2419 aut
631 2377 727 2439 passo.
764 2359 887 2438 prodest
908 2368 938 2419 et
958 2359 1158 2438 dysintericis,
1170 2386 1198 2424 25

162 2446 331 2521 sanguinem
346 2444 581 2517 exscreautibus,
599 2444 719 2519 anginis.

132 2541 150 2595 8
219 2528 280 2605 (5.)
296 2522 598 2604 Omphaciocohaeret
610 2524 753 2584 oenanthe
766 2541 847 2601 quam
859 2528 935 2585 vites
950 2526 1103 2586 silvestres
1113 2528 1162 2587 le-

118 2612 155 2688 }3,
170 2618 251 2685 runt,
272 2610 347 2669 dicta
365 2609 450 2668 nobis
464 2610 493 2667 in
511 2610 648 2685 unguenti
667 2609 788 2667 ratione.
810 2607 1002 2667 laudatissima
1014 2611 1043 2667 in
1060 2608 1160 2687 Syria,

161 2710 291 2753 maxume
318 2691 588 2774 ciroaIAntiochiae
614 2699 646 2751 et
667 2689 828 2751 laodiceae
851 2694 956 2751 montis
979 2701 1009 2752 et
1030 2710 1070 2753 ex
1091 2694 1162 2754 alba

161 2778 230 2836 vite.
246 2776 418 2852 relrigerat,
433 2775 602 2851 adstringit,
617 2774 785 2835 volneribus
799 2777 989 2854 inspergitur,
1005 2778 1159 2837 stomacho
1172 2799 1202 2840 ao

161 2859 301 2936 inlinitur,
317 2858 395 2917 utilis
411 2860 525 2933 urinae,
541 2860 691 2935 iocineris,
708 2862 811 2937 capitis
826 2859 988 2938 doloribus,
1002 2861 1162 2938 dysinteri-

162 2944 215 3018 cis,
233 2942 382 3018 coeliacis,
397 2940 563 3017 cholericis,
580 2950 681 3002 contra
696 2943 810 3003 fastidia
824 2943 914 3004 obolo
931 2962 969 3004 ex
979 2953 1063 3005 aceto
1075 2953 1160 3023 pota.

161 3027 252 3087 siccat
267 3026 407 3085 manantis
424 3026 525 3101 capitis
542 3027 722 3103 eruptiones,
738 3027 937 3088 efficacissima
952 3029 987 3088 ad
996 3030 1066 3086 vitia
1080 3045 1162 3105 quae

161 3108 261 3167 sintin
276 3109 377 3168 umidis
390 3108 510 3167 -ideo
523 3116 554 3167 et
567 3111 626 3167 oris
639 3110 784 3169 ulceribus
794 3119 875 3170 -et
888 3111 1023 3171 verendis
1035 3128 1069 3169 ac
1081 3111 1161 3169 sede

131 3201 223 3255 bourn
230 3191 318 3251 melle
332 3199 362 3252 et
374 3206 470 3251 croco.
489 3190 584 3251 alvom
592 3194 680 3269 sistit,
691 3210 828 3269 genarum
843 3194 1007 3253 scabritiem
1018 3193 1161 3253 emendat
1172 3214 1203 3254 aa

161 3271 367 3353 oculorumque
383 3276 612 3352 lacrimationes,
629 3294 668 3334 ex
679 3278 748 3335 vino
762 3276 901 3335 stomachi
919 3276 1162 3347 dissolutionem,

160 3374 199 3416 err
216 3372 292 3434 aqua
315 3358 419 3437 frigida
434 3367 504 3437 pota
521 3360 668 3437 sanguinis
684 3360 916 3418 exscreationes(
945 3360 1016 3417 cinis
1033 3360 1099 3417 eius
1120 3360 1163 3418 ad

160 3439 281 3516 collyria
296 3448 325 3501 et
341 3442 376 3503 ad
392 3443 490 3505 ulcera
507 3440 655 3522 purganda
667 3452 697 3502 et
711 3442 885 3521 paronychia
896 3450 926 3502 et
936 3444 1070 3519 pterygia
1084 3458 1164 3519 pro-
