2484 3817
313 213 393 262 nnn.
408 214 499 264 ausu.
516 216 639 265 xxvm.
656 214 740 267 Η.
759 204 802 281 (a.
815 207 858 282 6.)
1018 208 1074 269 161

87 366 230 447 princeps
240 366 365 427 civitatis
376 384 435 427 non
451 368 563 449 pridem
576 368 605 429 in
620 378 698 429 metu
712 370 898 449 lippitudinis,
911 372 1076 451 priusquam

86 452 154 528 ipse
173 466 237 509 mm
256 453 417 511 nominaret
437 452 548 513 aliusve
569 454 596 512 ei
616 454 816 531 praediceret,
846 454 954 515 duabus
974 455 1077 517 litteris

87 534 209 595 Graecis
224 534 292 593 ΡΑ
303 535 429 594 chartam
439 536 606 614 inscriptam
616 536 842 613 circumligatam
853 538 910 599 lino
923 539 1076 599 subnecte·

85 616 137 677 bat
151 617 239 692 eollo,
258 617 406 677 Mucianus
420 626 466 677 ter
482 619 584 678 consul
601 617 704 679 eadent
718 618 921 681 observatione
932 624 1077 681 viventem

64 716 215 761 smuscam
227 701 257 758 in
268 700 388 759 linteolo
399 700 478 777 albo,
494 700 540 761 bis
550 701 685 762 remediis
700 720 802 763 carere
816 705 897 782 ipsos
908 704 1076 782 lippitudine

86 783 298 864 praedicantes.
330 782 460 845 Carmina
476 783 589 863 quidem
601 793 715 844 exstam
729 794 828 846 contra
844 786 997 863 maslines
1009 804 1077 846 eon·

85 876 189 945 traque
207 863 371 925 morborum
385 884 495 943 genera
510 875 668 944 contraque
684 868 821 946 ambusta,
837 869 976 947 quaedam
993 870 1078 931 etiam

86 959 220 1028 experta,
236 948 290 1007 sed
307 949 455 1027 prodendo
471 949 566 1010 obstat
582 952 685 1026 ingens
699 952 873 1013 verecundia
889 954 1005 1013 intanta
1019 952 1077 1013 ani·

85 1048 197 1092 morum
211 1033 361 1092 varietate.
391 1043 569 1112 quapropter
586 1032 623 1093 de
641 1034 676 1093 iis
698 1044 729 1094 ut
746 1036 848 1113 cuique
867 1035 976 1097 libitum
991 1037 1078 1097 luerit

54 1133 105 1179 roo
128 1118 232 1175 inetur.

106 1134 126 1196 p
146 1198 177 1260 3.
199 1200 263 1277 (6.)
282 1196 432 1258 llominum
450 1199 644 1259 monstrilieas
661 1208 776 1260 naturas
803 1210 832 1260 et
854 1202 1002 1262 veneticos
1024 1201 1071 1262 ad·
1084 1214 1120 1267 50

84 1291 206 1363 spectus
224 1281 345 1341 diximus
359 1282 388 1341 iu
404 1284 544 1359 portentis
558 1284 684 1359 gentium
701 1292 731 1343 et
744 1283 846 1344 multas
861 1285 1020 1345 animalium
1032 1305 1079 1347 nst
1088 1312 1118 1349 a·

84 1365 293 1445 proprietates,
310 1382 383 1442 quae
397 1367 491 1444 repeti
506 1383 715 1444 supervacuum
736 1376 789 1426 est.
820 1368 1003 1443 Quorundam
1019 1369 1070 1428 ho-

83 1453 189 1509 minnm
203 1457 265 1508 tota
281 1465 405 1526 corpora
421 1458 550 1526 prosunt,
569 1458 597 1509 ut
611 1468 650 1509 ex
663 1450 708 1510 his
722 1449 835 1511 familiis
851 1470 924 1529 quae
940 1460 1004 1512 sunt
1018 1461 1076 1511 ter·

53 1559 76 1599 η
85 1533 144 1593 rori
158 1530 343 1610 serpentibus
359 1540 437 1591 tactu
457 1532 525 1611 ipso
540 1533 637 1593 levant
650 1550 809 1610 percussos
828 1545 946 1594 suctuve
963 1552 979 1593 e
995 1536 1076 1594 tunsi·
1137 1557 1140 1565 ⁴

85 1616 139 1692 do,
154 1632 275 1694 quornm
291 1632 308 1675 e
327 1632 437 1691 genere
459 1622 525 1676 sunt
538 1616 629 1690 Psylli
651 1613 795 1693 blarsique
816 1625 846 1675 et
865 1618 913 1693 qui
929 1616 1076 1693 Ophioge-

83 1718 139 1759 nes
153 1706 296 1759 vocantnr
313 1698 446 1758 ininsula
460 1699 554 1775 Paro,
575 1716 614 1757 ex
634 1715 689 1773 qua
704 1698 811 1757 iamllia
827 1697 940 1772 legatus
954 1698 1076 1775 Evagon

83 1784 200 1841 nomine
222 1781 423 1841 aconsulibus
442 1782 552 1841 Romae
572 1782 602 1839 in
622 1779 728 1839 dolium
751 1782 927 1857 serpentium
948 1782 1076 1840 coiectas

87 1866 277 1941 experimenti
293 1882 379 1924 causa
394 1861 691 1923 circummulcentibus
701 1861 806 1939 linguis
817 1863 982 1923 miraculum
994 1880 1076 1941 prae·

50 1948 162 2010 uobnit.
190 1950 298 2022 signnm
314 1948 376 2007 eius
391 1947 516 2006 familiae
532 1956 591 2022 est,
610 1946 640 2005 'si
659 1944 744 2005 modo
759 1944 851 2005 adbuc
865 1946 962 2023 durat,
977 1947 1073 2005 vernis
1084 1957 1117 2011 31

89 2029 266 2107 temporibus
287 2030 386 2090 odoris
403 2032 492 2089 virus.
521 2038 607 2108 atque
623 2046 722 2089 eorum
744 2028 832 2088 sudor
847 2046 962 2107 quoque
978 2030 1074 2089 metle-

87 2113 189 2190 batur,
209 2130 266 2172 uon
280 2114 366 2173 modo
384 2114 486 2173 saliva.
516 2130 580 2173 nam
599 2114 628 2171 in
651 2112 744 2173 insula
760 2110 819 2172 Nili
835 2112 952 2187 Tentyri
972 2123 1075 2189 gentes

86 2204 167 2256 tanto
183 2204 248 2255 sunt
263 2197 418 2256 crocodilis
438 2198 543 2256 terrori
553 2204 584 2256 ut
594 2214 698 2257 vocem
711 2212 826 2275 quoque
842 2211 940 2255 eornm
954 2196 1074 2273 lugiunt.

87 2278 196 2341 florum
225 2281 347 2339 omnium
372 2298 511 2357 generum
538 2280 567 2339 in
593 2298 645 2339 sua
671 2281 858 2358 repugnantia
887 2281 1075 2339 interventum

56 2378 208 2443 anuoque
226 2361 335 2422 mederi
351 2372 474 2438 constat,
489 2364 572 2423 sicuti
587 2363 738 2439 adgravari
757 2361 878 2421 volnera
891 2363 1005 2421 introitu
1021 2379 1070 2421 eo-

88 2466 149 2508 rum
160 2448 208 2525 qui
218 2462 349 2524 nmquam
359 2445 464 2506 inerint
475 2448 647 2524 serpentium
660 2448 776 2506 canisve
788 2444 871 2505 dente
883 2445 964 2505 laesi.
983 2444 1071 2503 litlem
1083 2452 1117 2506 32

88 2531 260 2608 gallinarum
275 2527 432 2605 incubitns,
455 2545 594 2607 pecorum
614 2528 691 2588 letus
710 2528 812 2588 abortu
831 2528 938 2587 vitiant.
968 2534 1074 2585 tautum

88 2623 220 2673 remanet
238 2616 317 2673 virus
341 2628 380 2672 ex
402 2621 525 2690 accepto
547 2613 637 2671 semel
657 2611 732 2672 malo
755 2619 786 2670 ut
801 2612 924 2670 venetici
942 2610 1009 2668 liant
1025 2625 1074 2666 ve·

87 2713 163 2758 uena
181 2699 272 2775 passi.
300 2696 429 2756 remedio
450 2705 496 2755 est
510 2692 587 2754 ablui
608 2696 688 2773 prins
708 2710 806 2755 manus
827 2711 925 2753 eorum
945 2706 1076 2769 aquaque

57 2780 140 2846 nilla
159 2796 214 2838 eos
234 2779 339 2857 quibus
360 2779 503 2839 medearis
521 2779 661 2857 inspergi.
690 2796 788 2837 rursus
809 2795 826 2837 a
849 2776 1004 2853 scorpione
1023 2773 1073 2831 ali·

88 2863 205 2941 quando
219 2864 353 2941 percussi
368 2879 517 2939 numquam
536 2870 639 2940 postea
655 2878 671 2919 a
686 2860 882 2934 crabronibus,
900 2857 998 2935 vespis
1014 2858 1074 2933 api·

88 2946 181 3006 bnsve
199 2946 348 3006 feriuntur.
380 2945 472 3005 llinus
486 2946 605 3004 miretur
617 2942 674 3002 lroc
687 2944 735 3021 qui
749 2945 822 3004 sciat
835 2948 944 3000 vestem
958 2956 974 2999 a
987 2939 1071 2997 tineis
1082 2946 1116 3001 33

88 3046 147 3089 non
162 3028 263 3105 attingi
281 3045 356 3105 qaae
376 3028 463 3088 luerit
480 3029 509 3086 in
529 3028 649 3097 iuuere,
673 3029 818 3105 serpentis
839 3040 926 3098 aegre
947 3029 1073 3100 practer·

90 3128 175 3190 quam
190 3112 276 3171 laeva
290 3128 372 3170 manu
393 3110 515 3170 extrahi.
542 3112 572 3170 4.
596 3108 807 3185 elythagorae
821 3105 942 3164 inventis
957 3120 1013 3163 uon
1031 3112 1073 3163 te-

56 3212 173 3257 samere
194 3194 300 3255 lallere
318 3194 534 3270 inpositivorum
551 3192 693 3251 nominum
713 3192 839 3269 inparem
862 3186 1003 3247 vocalium
1024 3204 1072 3246 nu·

89 3294 198 3338 merum
214 3277 385 3338 clauditates
404 3276 520 3336 oculive
536 3272 687 3333 orbitatem
701 3290 735 3333 ac
753 3272 851 3333 similis
867 3287 950 3329 casus
965 3270 1073 3329 dextris

90 3360 247 3439 adsignare
260 3359 400 3439 partibus,
414 3375 513 3436 parem
528 3355 630 3417 laevis.
655 3356 750 3415 ierunt
765 3353 890 3415 dilbcilis
905 3361 1002 3431 partus
1016 3361 1072 3410 sta·

91 3447 141 3505 tim
155 3445 248 3519 solvi,
275 3460 338 3503 cum
355 3443 420 3519 quis
438 3450 544 3501 tectum
565 3438 594 3499 iu
612 3454 670 3517 quo
697 3438 734 3497 sit
752 3436 870 3515 gravida
888 3434 1073 3495 transmiserit

140 3546 209 3589 num.
225 3548 289 3587 nnn.
305 3547 372 3588 aisn.
387 3530 436 3584 IV.
872 3519 907 3579 11
