2484 3817
256 132 337 180 nnn.
353 130 443 181 nisu.
461 132 602 181 xxxun.
623 120 911 200 16-18.(1⁷-so.)
1039 121 1080 185 63

81 290 205 349 mixtura
216 286 287 347 utile
303 294 361 366 est,
377 304 474 365 neque
486 294 639 364 argeutum
653 305 693 347 ex
706 304 744 348 eo
756 286 931 366 plumbatur,
946 290 1081 367 quoniam

81 373 162 452 prius
192 370 329 447 liquescit
354 380 515 448 argeutum.
553 369 798 450 confirmarique,
826 372 852 430 si
875 373 967 432 miuus
988 373 1057 435 albo
1073 381 1125 440 162

81 456 157 533 nigri
170 473 253 533 quam
268 457 339 515 satis
356 457 572 535 sitmisceatur‚
588 454 672 513 erodi
688 455 725 514 ab
741 473 778 515 eo
794 463 954 531 argentum.
985 458 1082 518 album

81 541 246 637 incoquitur
261 540 359 599 aereis
379 538 519 617 operibus
538 536 696 597 Galliarum
712 540 832 598 invento
848 540 890 599 ita
911 542 1009 601 utrix
1024 542 1082 602 dis·

59 625 162 685 scerni
177 624 273 701 possit
288 624 323 683 ab
337 630 472 700 argento,
485 639 578 699 eaque
593 621 742 681 incoctilia
752 621 908 700 appellant.
931 622 1037 685 deinde
1051 636 1083 686 et

81 715 234 784 argenium
254 709 415 785 incoquere
431 706 516 766 simili
533 702 620 765 modo
643 722 774 783 coepero
794 724 934 784 equorum
949 726 1082 769 munnae
1201 767 1207 780 ,

82 792 259 851 ornamentis
280 794 532 867 iumentorumque
556 805 590 848 ac
610 789 749 865 iugorum
768 789 870 850 Alesia
888 791 1013 869 oppido,
1036 811 1084 852 re

80 875 160 953 liqua
178 874 273 952 gloria
288 874 449 951 Biturigum
469 874 532 932 fuit.
569 889 700 950 coepere
712 872 818 933 deinde
834 881 864 934 et
884 874 992 935 esseda
1011 894 1062 935 sua
1075 887 1126 941 163

82 959 260 1035 colisataque
276 975 310 1018 ac
324 959 452 1036 petorita
469 972 613 1017 exornare
630 956 714 1016 simili
728 956 826 1034 medo,
841 975 917 1035 quae
931 959 987 1018 iam
1000 955 1083 1019 luxu·

46 1044 124 1109 neria
139 1042 175 1102 ad
192 1059 280 1101 aurea
301 1059 419 1121 quoque
435 1058 493 1100 uon
514 1040 601 1101 modo
620 1049 762 1116 argentea
779 1042 914 1102 staticula
933 1045 1082 1120 pervenit,

81 1143 215 1204 quaeque
240 1126 270 1185 in
291 1125 408 1203 scyphis
430 1124 510 1185 cerni
534 1123 689 1201 prodigum
703 1133 783 1200 erat,
805 1125 879 1185 baec
893 1128 923 1185 in
940 1126 1082 1187 vehiculis

81 1210 167 1269 atteri
188 1208 281 1269 cultus
300 1218 429 1269 vocatur.
467 1206 578 1268 Plumbi
599 1208 657 1267 albi
682 1210 914 1286 experimentum
934 1211 964 1269 in
984 1209 1083 1271 charta
1186 1263 1191 1284 .·

83 1300 147 1369 est,
176 1299 207 1351 ut
228 1292 414 1371 liquefactum
432 1287 570 1370 'pondere
593 1291 727 1351 videatur
748 1309 807 1352 non
832 1292 932 1353 calore
954 1296 1079 1372 rupisse.

82 1377 162 1437 ludia
178 1394 274 1454 neque
288 1395 339 1437 aes
352 1394 448 1455 neque
464 1375 610 1454 plumbum
621 1374 711 1435 babet
724 1378 906 1454 gemmisque
922 1396 956 1438 ac
972 1396 1083 1455 marga-

47 1488 72 1528 1⁵
81 1462 147 1521 ritis
161 1462 222 1520 suis
238 1460 311 1522 haec
322 1467 478 1541 permutat

145 1546 227 1623 (49.)
248 1544 342 1621 Nigro
366 1543 484 1622 plumbo
508 1542 544 1603 ad
559 1542 672 1601 listulas
692 1541 860 1624 lamnasque
874 1544 997 1621 utimur,
1019 1544 1059 1604 la·
1074 1556 1126 1611 164

80 1629 263 1690 boriosius'
256 1647 284 1688 ιιι
308 1628 446 1705 Hispania
470 1634 555 1686 eruto
582 1633 720 1703 totasque
744 1642 800 1701 per
821 1622 948 1704 Gallias,
979 1628 1083 1688 sedin

80 1714 228 1775 Britannia
243 1729 352 1771 summo
366 1720 464 1769 terrae
476 1710 558 1769 corio
571 1708 646 1794 adeo
658 1708 741 1785 large
756 1717 788 1768 ut
804 1708 854 1769 lex
867 1710 944 1771 ultro
960 1710 1082 1790 dicatur,

82 1817 120 1857 ne
135 1795 201 1874 plus
217 1803 301 1855 certo
315 1792 403 1853 modo
419 1792 478 1851 liat
511 1788 587 1869 nigri
606 1792 767 1874 generibus
784 1792 858 1854 haec
869 1804 935 1854 sunt
951 1798 1081 1855 nomina:

47 1880 270 1954 seleucianum,
299 1876 510 1955 Caprariense‚
531 1875 740 1952 Oleastrense,
763 1895 819 1937 neo
839 1878 1003 1939 differentia
1025 1878 1083 1938 ulla

84 1964 180 2023 scoria
194 1962 281 2021 modo
297 1969 418 2022 excocta
433 1959 601 2035 diligenter.
631 1962 734 2020 mirum
753 1962 783 2020 in
803 1961 848 2021 bis
864 1962 936 2022 solis
957 1962 1082 2023 metallis

85 2046 162 2125 quod
190 2044 331 2107 derelicta
357 2043 482 2105 fertilius
509 2046 705 2105 revivescunt.
737 2044 794 2105 boc
818 2047 935 2107 videtur
958 2049 1057 2108 facere
1074 2058 1126 2113 166

83 2131 188 2193 laxatis
207 2130 390 2207 spiramentis
406 2128 441 2190 ad
462 2129 628 2188 satietatem
647 2130 759 2190 inlusus
775 2148 828 2190 aer
842 2149 936 2209 aeque
958 2141 990 2191 ut
1002 2132 1083 2192 lemi-

46 2282 51 2295 ,
82 2234 134 2278 nas
146 2212 282 2293 quasdam
294 2213 482 2285 fecundiores
493 2214 593 2272 iacere
609 2213 740 2274 abortus.
763 2232 857 2292 nuper
871 2216 901 2275 id
911 2224 1084 2295 conpertum
1103 2252 1106 2257 -

47 2306 113 2364 asin
135 2298 254 2359 Raetica
276 2297 450 2359 samariensi
475 2295 610 2373 metallo,
634 2297 712 2375 quod
736 2298 827 2359 locari
851 2300 969 2359 solitum
996 2299 1084 2368 Χόὂ

83 2386 201 2459 annuis,
224 2390 377 2460 postquam
400 2380 598 2441 oblitteratum
614 2390 694 2458 erat,
709 2380 738 2441 X
751 2393 811 2446 Ἦ
827 2384 951 2444 locatum
967 2394 1021 2444 est.
1046 2388 1084 2445 si·

83 2468 143 2529 mili
166 2465 253 2525 modo
279 2466 473 2526 Antonianum
500 2465 530 2523 in
553 2464 655 2525 eadem
676 2468 828 2543 provincia
848 2471 910 2546 pari
935 2468 1083 2531 locatione

84 2551 223 2631 pervenit
237 2550 272 2609 ad
283 2548 450 2609 HS.—
356 2565 448 2618 cccc
464 2548 626 2626 vectigalis.
655 2552 760 2611 mirum
779 2561 809 2611 et
828 2551 923 2612 addita
937 2570 1011 2631 aqua
1026 2570 1084 2613 nou

85 2636 254 2713 liquescere
269 2650 339 2693 vasa
355 2652 372 2693 e
387 2633 546 2727 plumbo,
542 2632 662 2710 eadem,
677 2636 706 2693 si
722 2636 750 2695 in
767 2654 840 2713 aqua
858 2634 977 2696 addatur
990 2635 1085 2695 calcu·
1154 2683 1156 2690 .

51 2739 76 2779 ao
86 2720 132 2779 lus
150 2715 200 2776 vel
216 2733 322 2776 aereus
338 2716 498 2794 quadrans,
512 2708 625 2795 peruri.
680 2766 685 2771 ,

165 2801 212 2863 18.
229 2800 311 2878 (50)
331 2800 364 2859 ln
388 2800 529 2861 medicina
550 2818 605 2879 per
626 2819 660 2860 se
682 2801 790 2880 plumbi
814 2819 883 2861 usus
903 2802 1056 2865 cicatrices
1076 2814 1128 2871 166

87 2886 249 2964 reprimere
270 2883 489 2962 adalligatisque
514 2884 676 2945 lumborum
703 2893 733 2946 et
753 2887 864 2946 renium
885 2888 959 2964 parti
982 2888 1084 2949 lamnis

87 2969 239 3047 frigidiore
256 2975 356 3028 natura
372 2967 505 3029 inhibere
518 2968 643 3046 impetus
656 2970 786 3046 veneris,
804 2970 925 3047 visaque
939 2970 969 3030 in
985 2974 1084 3049 quiete

90 3055 210 3113 veneria
235 3059 342 3131 sponte
369 3059 487 3111 naturae
513 3054 694 3130 erumpentia
716 3070 808 3130 usque
831 3053 861 3111 in
880 3072 975 3130 genus
989 3056 1083 3118 morbi

57 3137 135 3203 sabis
156 3137 257 3197 lamnis
278 3134 385 3195 Calvos
417 3144 517 3195 orator
546 3135 716 3195 cohibuisse
746 3155 780 3197 se
807 3136 929 3197 traditur
954 3140 1084 3216 virisque

92 3223 224 3298 corporis
240 3219 400 3281 studiorum
413 3218 507 3279 labori
520 3219 693 3279 custodisse.
717 3218 810 3298 Nero,
825 3224 957 3298 quoniam
970 3224 1011 3282 lta
1024 3223 1084 3301 pla·

93 3306 151 3364 cuit
166 3304 225 3382 dis,
242 3306 396 3383 princeps,
411 3304 502 3363 lamna
516 3304 631 3381 pectori
645 3304 772 3381 inposita
788 3306 840 3365 sub
856 3321 892 3364 ea
906 3308 1018 3367 cantica
1034 3326 1085 3367 ex-

93 3387 217 3449 clamans
233 3388 345 3449 alendis
359 3388 482 3449 vocibus
504 3388 716 3448 demonstravit
731 3391 883 3449 rationem.
916 3386 1058 3469 (loquitur
1077 3401 1127 3458 167
