2484 3817
295 152 379 219 'unm
394 170 487 218 11111.
501 170 627 219 xxxm.
646 169 690 221 lo.
706 170 751 222 11.
767 156 918 240 (at—52.)
1066 158 1107 221 29

114 325 264 387 Numantia
284 324 398 403 quidem
413 322 509 384 deleta
530 322 607 383 idern
623 323 776 384 Africanus
797 326 827 384 in
849 325 992 404 triumpho
1012 324 1109 383 militi-

115 410 170 470 bus
187 402 274 469 Xvu
289 408 378 469 dedit.
411 425 429 466 o
446 409 527 467 viros
543 406 595 465 illo
614 409 792 484 imperatore
809 408 913 484 dignos
930 408 1034 485 quibus
1052 407 1109 467 boc
1192 439 1195 448 ,

116 494 186 553 satis
209 492 276 552 fuit!
307 493 398 551 frater
422 491 484 551 eius
506 488 717 566 Allobrogicus
739 494 848 569 primus
870 493 993 550 omniurn
1011 490 1108 569 pondo

115 576 194 635 mille
208 575 324 652 babuit,
339 584 368 634 at
384 574 494 633 Drusus
512 572 609 632 Livius
623 574 653 632 in
674 573 819 633 tribunatu
838 574 937 652 plebei
953 573 990 634 X.
1024 583 1151 636 1111111

94 668 238 738 apropter
259 661 384 736 quinque
405 656 503 735 pondo
524 664 652 715 notatum
679 674 696 715 a
716 657 888 716 censoribus
910 658 1110 735 triumphalem

117 761 215 803 senem
234 742 396 801 fabulosum
411 743 466 800 iam
484 739 612 815 videtur,
629 740 699 798 item
715 738 821 821 Catum
832 740 965 816 Aelium,
987 758 1050 799 curn
1064 741 1106 800 le·

116 828 175 903 gati
201 824 374 885 Aetolorum
393 826 422 883 in
446 822 596 883 consulatu
618 823 806 899 prandentem
826 825 855 883 in
878 823 1012 883 fictilibus
1035 823 1108 883 adis·

117 919 197 985 sent,
219 912 306 968 missa
320 908 355 967 ab
377 909 413 967 iis
431 924 498 965 vasa
518 916 657 982 argentea
669 923 728 965 non
741 908 909 985 accepisse,
924 926 1020 985 neque
1034 906 1111 965 aliud

117 992 253 1052 babuisse
268 992 380 1067 argenti
405 988 439 1048 ad
455 1006 617 1066 supremum
639 991 716 1048 vitae
732 989 807 1049 diern
827 1008 909 1068 quam
930 990 987 1049 duo
1006 990 1110 1068 pocula

83 1095 108 1135 ro
117 1094 191 1153 quae
215 1072 246 1133 L.
270 1072 374 1133 Paulus
399 1091 484 1133 socer
507 1075 533 1131 ei
557 1073 594 1131 ob
617 1074 752 1132 virtutem
772 1073 888 1133 devicto
903 1073 1015 1134 Perseo
1037 1092 1110 1150 rege

117 1158 293 1217 donavisset.
317 1159 475 1217 invenimus
487 1155 601 1232 legatos
615 1153 890 1233 Carthaginiensium
903 1157 1013 1217 dixisse
1026 1157 1088 1216 nul·
1104 1167 1163 1222 143.

117 1241 163 1299 los
185 1240 328 1299 bominum
353 1243 430 1299 inter
455 1258 524 1298 sese
545 1239 699 1316 benignius
719 1242 821 1301 vivere
848 1258 930 1317 quam
953 1240 1108 1301 Romanos.

119 1323 222 1383 codem
238 1326 314 1383 enirn
329 1332 452 1399 argento
469 1323 543 1400 apud
562 1325 653 1382 omnis
670 1326 846 1401 cenitavisse
861 1326 955 1401 ipsos.
982 1332 1022 1401 at,
1038 1323 1110 1383 ller-

117 1407 210 1483 cules,
226 1406 394 1485 Pompeium
404 1405 551 1465 Paulinum
563 1406 747 1466 Arelatensis
764 1410 868 1483 equitis
884 1406 1005 1467 Romani
1023 1407 1111 1467 lilium

82 1511 107 1552 11
118 1500 295 1570 paternaque
312 1499 401 1568 gente
417 1489 548 1568 pellitum
567 1492 623 1556 ᾖ
643 1490 740 1567 pondo
755 1492 869 1565 argenti
884 1489 1021 1551 babuisse
1036 1492 1111 1569 apud

118 1576 277 1635 exercitum
300 1575 492 1634 ferocissimis
515 1573 652 1649 gentibus
667 1574 831 1649 oppositum
847 1573 960 1632 scimus.
1006 1576 1153 1654 (51.)144

117 1658 211 1718 lectos
233 1675 305 1717 vero
332 1660 387 1716 iarn
414 1656 525 1733 pridem
549 1655 700 1713 mulierum
730 1662 809 1714 totos
836 1658 944 1734 operiri
976 1668 1110 1735 argento,
1196 1680 1204 1691 ’

118 1741 256 1818 quaedam
272 1749 301 1799 et
322 1738 462 1813 triclinia,
485 1736 587 1812 quibus
604 1746 755 1812 argentum
769 1738 914 1799 addidisse
930 1741 1037 1817 primus
1055 1750 1110 1800 tra·

119 1824 195 1882 ditur
211 1821 353 1882 Carvilius
368 1819 464 1878 Pollio
486 1837 577 1896 eques
593 1818 754 1898 Romanus,
776 1840 835 1881 non
857 1830 888 1881 ut
914 1825 1044 1902 operiret
1063 1834 1111 1885 aut

83 1927 109 1965 eo
119 1905 237 1964 Deliaca
253 1906 352 1981 specie
367 1903 489 1979 faceret,
506 1902 558 1961 sed
569 1902 720 1963 Punicana.
745 1905 845 1965 eadem
862 1914 892 1966 et
906 1924 1012 1967 aureos
1029 1908 1125 1986 iecit,

120 2006 174 2046 nec
199 1985 288 2045 multo
313 1995 381 2064 post
401 1988 531 2062 argentei
548 1983 691 2047 Deliacos
704 1989 803 2048 imitati
822 1998 898 2050 sunt.
930 2008 1002 2069 quae
1018 1995 1111 2051 omnia

121 2071 248 2151 expiavit
263 2070 370 2130 bellurn
385 2069 470 2129 civile
487 2068 640 2130 Sullanum.

181 2153 262 2233 (52.)
281 2152 370 2213 Paulo
386 2154 460 2212 enim
475 2160 540 2212 ante
554 2153 627 2213 baec
636 2154 730 2214 iactae
742 2164 807 2215 sunt
818 2156 916 2217 lances
929 2177 946 2217 e
959 2161 1089 2219 centenis
1103 2171 1152 2225 145

120 2238 204 2299 libris
230 2239 359 2315 argenti,
389 2254 459 2313 quas
483 2244 550 2295 tunc
569 2255 659 2314 super
681 2236 725 2296 CL
747 2257 867 2299 numero
886 2241 978 2301 fuisse
999 2241 1109 2303 Rornae

84 2338 110 2379 11
121 2330 234 2383 constat
248 2320 412 2399 multosque
429 2320 466 2379 ob
482 2337 532 2378 eas
548 2322 730 2399 proscriptos
754 2321 823 2381 dolo
838 2327 1107 2403 concupiscentium.

120 2405 302 2467 Erubescaut
319 2403 436 2464 annales
459 2405 506 2480 qui
529 2403 638 2462 bellurn
658 2405 745 2464 civile
765 2405 835 2466 illud
850 2408 955 2467 talibus
973 2411 1050 2469 vitiis
1069 2412 1110 2469 in-

120 2496 270 2566 putavere.
298 2496 398 2547 nostra
412 2495 491 2546 aetas
506 2488 612 2545 fortior
627 2487 690 2546 init.
713 2486 812 2549 Claudi
828 2493 989 2569 principatu
1004 2511 1109 2553 servos

122 2573 185 2630 cius
199 2568 376 2630 Drusilianus
392 2572 508 2630 nominc
522 2569 689 2648 Rotundus,
705 2573 888 2649 dispensator
902 2574 1055 2653 llispaniae
1071 2580 1110 2637 ci·

122 2653 252 2727 terioris,
269 2654 483 2730 quingenariam
496 2653 605 2713 lancem
620 2654 719 2714 babuit
736 2658 781 2715 cui
796 2656 978 2718 fabricandae
994 2660 1108 2720 cilicina

88 2737 203 2814 aoprins
221 2735 408 2794 exaedificata
422 2736 516 2795 fuerat
531 2745 561 2796 et
576 2739 697 2797 comites
713 2740 775 2799 eius
794 2748 860 2799 octo
876 2738 1107 2821 anconitanas,

123 2834 231 2897 quaeso
249 2826 379 2894 utquam
393 2818 473 2877 multi
490 2837 540 2879 eas
559 2822 694 2879 conservi
712 2823 775 2881 eius
798 2823 956 2901 inferrent,
977 2836 1025 2885 aut
1047 2830 1108 2905 qui·

123 2904 176 2962 bus
199 2896 387 2961 cenantibus?
421 2898 573 2961 Cornelius
594 2902 695 2980 Nepos
720 2906 806 2965 tradit
835 2915 901 2966 anta
922 2907 1021 2968 Sullae
1047 2913 1088 2970 vi·
1101 2922 1150 2976 146

123 2986 241 3045 ctoriam
258 2984 314 3043 duo
330 2991 436 3042 tantum
455 2985 576 3044 triclinia
590 2984 700 3046 Romae
715 2989 807 3047 luisse
826 2999 981 3068 argentea,
996 2996 1109 3071 reposi-

126 3069 210 3127 toriis
228 3075 378 3143 argentum
394 3065 458 3125 addi
474 3086 530 3125 sua
544 3072 683 3129 memoria
704 3079 856 3148 coeptum,
876 3073 1044 3135 Fenestella
1059 3079 1108 3153 qui

89 3150 198 3215 aaobiit
212 3152 369 3224 novissimo
384 3148 482 3209 Tiberi
501 3146 636 3212 Caesaris
659 3153 818 3232 principatu
839 3157 880 3214 ait
901 3164 931 3217 et
946 3160 1109 3221 testudinea

126 3241 183 3292 tum
202 3236 233 3301 in
255 3250 335 3293 usum
356 3235 490 3307 vonisse,
512 3242 579 3293 ante
601 3254 635 3295 se
658 3244 752 3295 autem
769 3238 854 3316 paulo
870 3239 967 3317 lignea
986 3244 1107 3304 rotunda

126 3317 217 3379 solida
239 3315 402 3377 necmulto
423 3317 530 3375 maiora
552 3335 634 3394 quarn
658 3336 771 3379 mensas
797 3324 906 3400 fnisse,
936 3342 968 3384 se
994 3326 1108 3404 quidem

126 3417 218 3479 puero
242 3398 377 3479 quadrata
399 3408 429 3461 et
450 3408 588 3478 conpacta
610 3408 658 3462 aut
671 3419 756 3463 acere
775 3416 876 3484 operta
890 3416 938 3468 aut
952 3410 1026 3470 citro
1040 3428 1108 3472 coc-
