2484 3817
178 172 237 233 166
520 182 660 231 crurum
676 180 825 229 succursu

174 339 312 398 linearum
333 336 547 415 vaporationem
568 344 598 395 et
616 344 720 414 postea
738 333 860 411 frigida,
882 330 1097 393 saluberrimum
1118 334 1158 393 in-

174 420 339 497 tellegitur,
360 422 429 479 item
444 435 631 496 praesumere
645 428 675 478 et
689 419 762 478 cibis
779 426 808 478 et
828 418 1011 494 interponere
1027 415 1160 493 frigidam

175 503 362 581 eiusdemque
378 511 449 581 potu
463 518 581 561 somnos
596 502 770 561 antecedere
785 509 829 577 et,
851 501 875 559 si
890 499 994 574 libeat,
1011 501 1159 559 interrum-

176 604 258 664 pere.
295 586 448 646 notandum
471 586 578 645 nullum
601 584 703 645 animal
729 582 804 643 aliud
830 581 939 644 calidos
966 591 1050 661 potus
1077 582 1159 660 sequi

136 670 305 752 cuijdeoque
323 686 380 727 non
400 687 468 729 essa
488 667 634 727 naturalis.
663 676 823 726 mercante
839 682 954 725 somnos
970 665 1088 725 coluere
1108 682 1183 729 orac

67 775 71 781 ·
176 754 297 831 propter
313 751 432 827 halitus,
446 751 550 828 frigida
566 751 708 809 matutinis
723 750 813 828 inpari
829 765 946 809 numero
962 748 999 809 ad
1015 747 1161 809 cavendos

175 837 300 895 dentium
313 834 442 909 dolores,
454 836 522 893 item
535 850 624 912 posca
639 833 741 893 oculos
753 842 852 892 contra
867 831 1062 910 lippitudines,
1080 841 1160 893 certa

175 921 467 996 experimenta‘sunt,
488 918 518 975 5.
532 918 606 977 sicut
623 918 709 976 totius
725 917 856 995 corporis
871 914 1055 974 valitudinem
1068 915 1160 974 iuvari

175 1003 314 1061 varietate
335 1002 427 1059 vietus
454 998 646 1058 inobservata.
679 998 872 1077 Hippocrates
893 996 976 1057 tradit
998 1014 1055 1057 non
1075 1014 1158 1076 prau-

175 1084 299 1144 dentium
314 1098 472 1141 senescere
486 1082 611 1141 celerius
626 1092 703 1143 exta.
731 1100 830 1142 verum
844 1081 873 1142 id
893 1080 1028 1141 remediis
1044 1081 1160 1157 cecinit,
1172 1099 1197 1141 m

176 1184 234 1226 non
248 1166 359 1244 epulis,
377 1167 485 1243 quippo
500 1164 588 1225 multo
604 1165 752 1225 utilissima
766 1174 810 1225 est
830 1164 1016 1241 temperantia
1035 1165 1063 1223 in
1077 1164 1160 1225 cibis.

174 1250 206 1310 t.
221 1248 357 1308 Lucullus
370 1248 445 1308 hanc
461 1248 497 1308 de
513 1266 546 1307 se
561 1249 772 1326 praefecturam
787 1264 874 1307 servo
890 1247 1026 1322 dederat,
1049 1248 1159 1306 ultimo·

172 1350 234 1409 ,que
249 1329 357 1407 probro
372 1348 471 1391 manus
485 1332 514 1391 io
536 1330 607 1391 cibis
623 1330 783 1409 triumphali
797 1332 860 1391 seni
878 1330 1056 1391 deiciebatur
1069 1330 1117 1389 vel
1132 1331 1161 1389 iu

177 1414 320 1492 Capitolio
342 1414 484 1492 epulanti,
511 1414 644 1494 pudenda
668 1432 701 1474 re
724 1430 810 1474 seruo
841 1430 892 1473 suo
915 1413 1028 1475 lucilius
1056 1430 1161 1491 parere

177 1514 261 1575 quam
279 1496 342 1555 sibi.
1171 1518 1196 1558 rs

135 1592 166 1646 57
231 1581 259 1643 6.
283 1579 366 1659 (15.)
386 1580 685 1659 Sternumentapinua
701 1580 886 1657 gravedinem
899 1580 1065 1657 emendant,
1091 1589 1120 1639 et
1134 1580 1160 1641 si

176 1666 240 1742 quis
254 1664 347 1726 mulae
363 1682 464 1738 nares,
479 1672 509 1723 ut
523 1663 651 1741 tradunt,
666 1664 768 1723 osculo
784 1665 917 1741 attingat,
939 1672 1161 1725 sternutamenta

175 1757 205 1807 et
230 1748 393 1824 singultum.
427 1749 463 1808 ad
487 1746 544 1807 hoc
565 1748 659 1807 Varro
680 1747 780 1807 suadet
802 1747 924 1825 palmam
946 1746 1054 1807 alterna
1077 1763 1161 1806 manu

177 1831 326 1909 scalpere,
347 1831 479 1909 plerique
494 1830 607 1891 anulum
623 1848 640 1890 e
656 1832 769 1891 sinistra
784 1832 811 1889 in
829 1829 1024 1906 longissimum
1040 1829 1160 1901 dextrae

177 1913 294 1989 digitum
316 1914 489 1989 transferre,
519 1916 547 1972 in
577 1932 679 1991 aquam
705 1915 864 1974 ferventem
890 1931 987 1975 manus
1015 1929 1195 1989 mergerem

178 1995 394 2073 Theophrastus
410 2014 497 2055 senes
513 1995 686 2057 laboriosius
702 2006 850 2056 sternuere
864 1996 942 2056 dicit.

135 2090 169 2143 58
233 2078 315 2156 (16.)
339 2081 482 2139 Venerem
497 2080 827 2139 damnavitllemocrltus
839 2089 868 2139 ut
880 2082 908 2138 in
922 2098 976 2159 qua
986 2078 1072 2138 homo
1087 2078 1160 2138 alius

177 2161 307 2221 exsiliret
323 2180 361 2221 ex
380 2160 502 2237 homine,
520 2172 559 2236 et,
575 2162 727 2239 llercules,
740 2164 841 2223 raritas
856 2164 918 2241 eius
933 2162 1037 2222 utilior.
1068 2162 1159 2222 athle-

175 2253 224 2303 tae
239 2252 335 2304 tamen
350 2253 500 2321 torpentes
513 2246 696 2304 restituuntur
708 2262 823 2323 venere,
838 2264 896 2307 vox
914 2254 1081 2321 revocatur,
1095 2263 1161 2305 cum

178 2327 328 2387 eoandida
343 2327 468 2387 declinat
487 2329 516 2387 in
532 2327 651 2387 luscam.
684 2328 813 2389 medetur
836 2338 865 2389 et
878 2330 1035 2389 lumborum
1051 2328 1158 2405 dolori,
1169 2352 1195 2392 ac

178 2410 327 2471 oculorum
339 2410 524 2486 hebetationi,
539 2420 633 2471 mente
651 2414 745 2489 captis
759 2430 795 2473 ac
809 2412 1032 2474 melancholicis.

136 2505 169 2558 59
233 2493 316 2571 (17.)
336 2493 478 2553 Adsidere
492 2495 636 2571 gravidis,
656 2495 703 2555 uel
725 2512 788 2555 cum
800 2497 927 2557 remedia
941 2495 1025 2555 alicui
1043 2494 1162 2555 adbibe-

177 2587 268 2649 antur,
286 2576 382 2652 digitis
399 2577 561 2654 pectinatim
575 2579 649 2638 inter
664 2597 697 2637 se
712 2578 836 2656 inplexis
854 2579 1019 2638 veneficium
1035 2586 1095 2653 est,
1119 2578 1161 2639 id·

70 2671 73 2675 ·
178 2678 234 2740 que
254 2669 420 2737 conpertum
443 2661 555 2720 tradunt
573 2660 713 2720 Alcmena
726 2661 879 2723 Herculem
895 2664 1033 2739 pariente.
1065 2662 1162 2741 peius,

178 2745 202 2802 si
219 2744 297 2803 eirca
312 2760 394 2801 unum
410 2743 531 2803 ambove
554 2762 664 2821 genua,
684 2746 752 2805 item
773 2746 899 2824 poplites
921 2745 1019 2805 alteris
1037 2745 1161 2821 genibus
1172 2767 1198 2809 aa

178 2827 286 2903 inponi.
316 2824 469 2885 ideohaee
483 2828 511 2885 in
528 2829 658 2889 consiliis
672 2828 772 2887 ducum
788 2830 1009 2907 potestatiumve
1032 2830 1094 2887 lieri
1110 2846 1162 2889 ve-

178 2918 261 2969 tuere
275 2910 398 2968 maiores
412 2909 491 2968 uelut
508 2927 620 2970 omnem
636 2920 730 2971 actum
745 2912 935 2990 inpedientia,
951 2920 1072 2971 uetuere
1087 2928 1163 2971 vero

136 3001 210 3054 ditet
224 2992 315 3051 sacris
331 2995 443 3053 votisve
458 2994 540 3052 simili
557 2995 643 3054 modo
661 2996 823 3069 interesse,
835 2996 929 3073 cupita
944 3003 1039 3055 autem
1053 2994 1164 3072 aperiri

178 3075 319 3151 adspectu
332 3076 544 3151 magistratuum
558 3094 614 3136 nou
629 3078 822 3138 venerationis
838 3095 925 3138 cansa
942 3079 1071 3155 iussere,
1096 3077 1163 3149 sed,

178 3166 209 3215 ut
224 3158 316 3216 Varro
331 3167 500 3233 auctorest,
516 3160 694 3236 ualitudinis,
717 3161 848 3239 quoniam
865 3162 989 3221 lirmiora
1006 3168 1162 3221 connsuetu-
1173 3178 1199 3219 aa

178 3239 244 3299 dine
260 3259 294 3303 ea
305 3243 417 3301 tierent.
454 3241 523 3302 Gom
536 3244 603 3321 quid
615 3244 701 3303 oculo
716 3244 862 3318 inciderit,
885 3245 1003 3305 alterum
1019 3245 1164 3321 conprimi

179 3323 317 3400 prodest,
339 3342 402 3385 curn
426 3343 498 3403 aqua
514 3327 633 3387 dextrae
647 3327 808 3401 auriculae,
834 3327 949 3388 sinistro
965 3328 1041 3405 pede
1063 3325 1165 3387 exsul-

178 3408 231 3468 tari
252 3410 347 3486 cupite
364 3410 392 3468 iu
412 3409 541 3469 dextrum
562 3426 688 3481 umerum
707 3410 838 3489 deuexa,
862 3412 987 3471 inuicem
1011 3411 1166 3473 ediversa
