2484 3817
305 146 385 194 usn.
402 132 912 212 msn.=xxxv.1o-17.(5u-5t.)
996 97 1004 112 .
1039 135 1097 198 103

99 304 217 380 guinem
227 301 448 379 exspuentibus,
461 299 685 378 emplastrisque
695 316 769 378 quae
785 299 911 359 siccandi
929 318 1014 361 causa
1029 319 1099 362 eon-

8 369 16 429 l
101 394 255 465 ponuntur,
271 385 419 446 oculorum
437 401 554 462 quoque
568 379 784 444 medicamentis
799 381 965 444 miscentur.

8 475 15 511 t
158 467 238 551 (54.)
250 467 366 530 Eretria
377 467 498 528 totidem
512 466 692 527 differentias
705 467 804 543 habet,
821 484 943 545 namque
955 478 1002 528 est
1013 469 1079 530 alba
1090 481 1141 537 192

102 563 131 614 55
145 555 272 631 cinerea,
289 571 362 631 quae
378 551 543 630 praefertur
558 553 588 610 in
602 550 752 611 medicina.
778 550 920 628 probatur
932 552 1053 613 mollitia
1068 563 1099 639 55

78 636 195 716 equod,
215 639 240 696 si
258 656 328 697 aere
350 635 540 716 perducatur,
557 633 710 694 violacium
725 633 821 694 reddit
835 633 975 695 colorem.
1006 639 1099 697 viset

9 732 13 767 t
99 722 174 781 ratio
191 723 255 780 eius
269 723 299 780 in
313 719 455 780 medendo
471 719 547 779 dicta
563 727 610 778 est
622 719 701 777 inter
713 720 869 795 pigmenta.
1108 740 1132 774 55

9 814 13 828 ·
157 802 237 884 (55.)
254 803 378 864 Lavatur
399 804 491 863 omnis
506 811 586 862 terra
602 837 637 846 -
659 803 688 860 in
702 800 759 860 hoc
777 803 853 862 euim
866 801 933 861 loeo
950 802 1076 862 dicemus
1090 814 1142 868 193

98 924 142 935 -
156 889 273 967 perlusa
295 906 368 967 aqua
385 889 550 963 siccataque
565 885 695 961 solibus,
716 887 821 945 itermu
838 903 877 945 ex
893 903 967 964 aqua
983 888 1050 945 trita
1066 905 1100 946 ac

9 988 10 1007 ³
99 973 247 1050 reposita,
265 971 359 1032 donec
373 971 505 1032 considat
519 978 550 1029 et
564 970 660 1047 digeri
677 971 774 1048 possit
788 971 818 1028 in
833 970 978 1048 pastillos.
1000 971 1100 1048 coqui-

9 1088 10 1095 .
66 1072 91 1111 m
101 1065 146 1115 tur
160 1058 189 1114 in
205 1054 343 1114 calicibus
359 1055 465 1115 crebro
481 1057 640 1114 concussis.

163 1138 246 1218 (56.)
261 1137 316 1196 Est
334 1141 364 1197 in
378 1138 613 1198 medicaminibus
630 1145 660 1196 et
677 1134 748 1196 (lhia
766 1144 847 1196 terra
861 1136 1027 1215 candicans,
1042 1139 1084 1196 el·
1091 1148 1142 1202 194

9 1270 10 1273 .
100 1223 194 1282 lectus
210 1221 340 1281 eiusdem
355 1223 403 1301 qui
412 1221 533 1281 Samiae.
556 1240 626 1280 usus
638 1220 673 1280 ad
687 1219 839 1281 mulierum
848 1237 979 1280 maxume
993 1228 1099 1298 cutem,
1136 1237 1140 1253 t

8 1322 11 1359 ι
100 1305 177 1365 idem
197 1313 227 1365 et
242 1304 415 1365 Selinusiae.
448 1305 534 1364 lactei
555 1304 666 1365 eoloris
681 1312 727 1364 est
742 1304 816 1364 haec
833 1312 863 1364 et
877 1321 951 1382 aqua
968 1303 1036 1364 dilui
1052 1305 1100 1364 55·

9 1406 11 1439 ³
99 1388 232 1465 lerrima,
257 1388 358 1449 cadem
379 1389 455 1448 lacte
476 1388 567 1449 diluta
584 1389 776 1448 tectoriorum
796 1388 905 1447 albaria
921 1389 1099 1466 interpolan-

9 1494 10 1521 2
65 1480 156 1533 ratur.
200 1471 324 1550 Pnigitis
345 1472 480 1533 Eretriae
503 1471 647 1532 simillima
670 1479 732 1546 est,
758 1469 962 1546 grandioribus
992 1480 1100 1531 tantum

98 1556 213 1633 glaebis
229 1557 452 1635 glutinosaque,
471 1556 594 1616 effectus
610 1557 673 1614 eius
689 1553 765 1613 idem
781 1555 828 1630 qui
845 1551 1001 1632 Cimoliae,
1022 1556 1099 1614 inhr-

98 1643 297 1700 miortantum.
320 1638 454 1696 bitumini
465 1638 607 1718 simillima
625 1647 672 1697 est
688 1637 841 1716 ampelitis.
868 1640 1099 1716 experimentum

100 1727 180 1803 eius,
201 1725 332 1784 sicerae
352 1722 581 1800 modoaccepto
603 1720 672 1780 oleo
693 1721 838 1799 liquescat
859 1729 890 1781 55
907 1723 931 1780 si
952 1725 1098 1799 nigricans

100 1807 183 1867 colos
204 1814 318 1867 maneat
337 1812 442 1865 tostae.
471 1823 541 1864 usus
561 1803 597 1864 ad
611 1804 797 1865 molliendum
819 1805 1098 1884 discutiendumque,

65 1907 91 1947 20
104 1891 134 1940 ct
148 1883 183 1940 ad
198 1884 271 1942 haec
281 1886 497 1949 medicamentis
513 1890 640 1968 additur,
659 1891 815 1969 praecipue
833 1892 863 1948 in
881 1885 1095 1969 calliblepharis

9 1990 18 2015 r
104 1973 134 2024 ct
151 1966 311 2034 inficiendis
329 1972 449 2047 capillis.
713 1971 715 1974 ’
1016 1985 1018 2000 “

165 2054 212 2113 17.
231 2052 313 2132 (57.)
330 2051 436 2114 Cretae
450 2053 533 2131 plura
550 2073 670 2131 genera.
700 2073 737 2114 ex
759 2055 795 2113 iis
813 2052 952 2116 Cimoliae
969 2055 1025 2115 duo
1043 2056 1078 2117 ad
1090 2071 1139 2122 195

100 2137 230 2197 medicos
245 2139 438 2216 pertinentia,
457 2137 606 2197 candidum
626 2147 657 2197 et
677 2138 712 2197 ad
732 2141 931 2217 purpurissum
945 2140 1096 2199 inclinans.

99 2223 144 2280 vis
168 2223 285 2299 utrique
311 2221 347 2281 ad
371 2222 568 2282 discutiendos
596 2230 743 2297 tumores,
775 2223 917 2282 sistendas
944 2223 1097 2284 fluctiones

65 2313 184 2365 anaceto
202 2305 374 2385 adsumpto.
399 2323 491 2384 panos
510 2322 628 2384 quoque
645 2313 675 2365 55
689 2306 836 2385 parotidas
854 2307 973 2367 cohibet
996 2315 1026 2367 et
1046 2308 1098 2368 lie-

100 2407 165 2447 nem
180 2388 261 2448 inlita
271 2390 465 2468 pusulasque,
481 2391 506 2449 si
522 2406 595 2449 uero
608 2388 805 2466 aphronitrum
820 2399 851 2450 et
865 2409 983 2468 cyprum
994 2391 1097 2451 adicia-

101 2479 147 2528 tur
159 2479 189 2529 et
200 2480 328 2550 acetum,
339 2475 444 2554 pedum
459 2481 603 2550 tumores,
619 2475 660 2532 ita
671 2482 703 2532 ut
717 2475 746 2532 iu
761 2474 825 2534 sole
838 2477 949 2534 curatio
964 2474 1037 2534 haec
1048 2476 1098 2535 liat

101 2561 132 2613 et
142 2562 211 2632 post
221 2574 276 2614 sex
289 2556 375 2619 horas
388 2576 461 2636 aqua
475 2556 551 2617 salsa
562 2557 703 2616 abluatur.
724 2558 841 2616 testium
852 2557 1013 2622 tumoribus
1027 2575 1075 2634 55-
1089 2569 1139 2623 196

101 2654 155 2715 pro
172 2646 201 2695 55
211 2656 280 2698 cera
291 2641 331 2700 ita
343 2641 436 2701 addita
448 2640 580 2719 prodest.
605 2636 644 2699 ‘et
658 2640 851 2718 refrigerandi
863 2657 979 2718 quoque
994 2649 1096 2701 natura

65 2739 91 2780 uo
101 2728 201 2780 cretae
214 2731 271 2798 est,
287 2723 468 2802 sudoresque
483 2723 643 2783 inmodicos
658 2725 735 2782 sistit
745 2723 837 2799 inlita,
853 2731 940 2800 atque
952 2726 993 2782 ita
1007 2742 1097 2804 papu-

98 2790 143 2863 las
159 2804 278 2864 cohibet
299 2825 337 2866 ex
352 2810 419 2867 vino
437 2808 587 2885 adsumpta
602 2810 633 2866 in
651 2807 782 2867 balineis.
816 2805 946 2866 laudatur
964 2819 1095 2868 maxume

101 2886 277 2948 Thessalica.
296 2893 423 2950 nascitur
435 2899 466 2950 et
481 2893 510 2950 in
527 2889 613 2967 Lycia
631 2892 709 2952 circa
717 2890 874 2949 Bubonem.
905 2889 959 2949 Est
974 2900 1005 2950 et
1022 2891 1095 2951 alirrs

102 2968 243 3033 Cimoliae
257 2991 326 3032 usus
351 2975 381 3032 in
398 2975 538 3034 vestibus.
573 2991 638 3033 nam
653 2973 742 3034 Sarda
762 2991 836 3050 quae
850 2973 980 3034 adfertur
995 2993 1012 3034 e
1030 2975 1096 3036 Sar·

102 3053 177 3115 dinia
198 3055 324 3115 candidis
341 3064 454 3116 tantum
474 3057 647 3134 adsumitur,
668 3056 776 3116 inutilis
793 3057 1039 3135 versicoloribus,
1065 3067 1096 3118 et
1157 3081 1161 3087 ·
1209 3106 1218 3131 ,

66 3150 92 3190 ³⁵
105 3146 150 3198 est
166 3139 306 3200 vilissima
321 3142 445 3200 omnium
460 3138 599 3201 Cimoliae
611 3158 767 3218 generum,
784 3143 945 3218 pretiosior
961 3140 1096 3201 Umbrica
1142 3155 1149 3168 “

102 3230 133 3280 55
148 3241 231 3300 quam
248 3233 353 3284 vocant
369 3242 476 3285 saxum.
506 3227 671 3302 proprietas
686 3225 748 3283 saxi
763 3223 840 3302 quod
857 3227 963 3285 crescit
978 3227 1008 3284 in
1022 3243 1078 3285 ma·
1086 3235 1136 3290 197

103 3306 245 3384 carendo,
265 3317 352 3386 atque
367 3308 498 3387 pondere
512 3310 631 3386 emitur,
648 3308 697 3368 illa
711 3324 853 3368 mensura.
884 3308 1018 3368 Umbrica
1034 3327 1093 3368 non

102 3391 157 3451 nisi
173 3389 317 3469 poliendis
332 3393 464 3455 restibus
485 3391 651 3466 adsumitur.
683 3410 778 3470 neque
801 3394 875 3453 euim
890 3392 1005 3471 pigebit
1021 3391 1093 3452 hanc
