2484 3817
145 174 216 237 226.
458 182 489 231 0.
512 181 610 231 Pmut
632 177 780 227 sucum

145 343 309 405 reluucmn
323 340 404 399 itaut
419 336 457 396 sit
470 335 555 397 tertia
568 350 638 412 pars
652 335 748 411 portio
764 333 909 409 coruscis,
926 333 974 395 alii
988 333 1065 394 lucta
1079 352 1141 393 mu-

145 428 249 488 lierum
269 442 334 484 cum
349 422 487 486 ¹brusnica
508 420 635 479 cinerem
657 434 823 485 muscarum,
842 416 995 495 subigunt,
1026 417 1141 497 quidam

145 510 234 571 melle
250 517 365 569 tautum.
381 538 422 551 -
436 502 544 563 nullum
560 501 664 561 animal
684 501 779 561 docile
794 502 887 561 minus
900 503 1077 562 existimatur
1089 502 1141 561 mi-

144 596 263 654 norisve
277 590 451 651 intellectus.
482 604 520 647 eo
531 585 690 646 mirabilius
711 594 756 645 est
773 585 923 663 Olympiae
946 604 1030 646 sacro
1048 594 1141 645 certa·

144 679 221 738 mine
234 676 317 736 nubis
334 691 431 733 earum
446 670 583 731 inmolato
598 679 681 730 tauro
703 670 759 729 deo
777 687 862 748 quern
875 670 1013 745 blyiodeu
1033 677 1166 733 vocantu

101 772 153 827 107
166 772 248 821 exue
264 758 441 820 territorium
455 755 484 814 id
498 753 588 813 abire.
603 785 647 799 -·
667 753 818 831 alopecias
834 754 906 812 cinis
923 771 939 813 e
955 756 1075 813 murium
1094 770 1140 812 ca·

144 846 250 923 pitibus
266 842 423 920 caudisque
435 848 464 898 et
478 838 566 899 totius
579 839 667 897 muris
682 837 822 914 emendat,
838 838 998 915 praecipue
1013 837 1037 895 si
1052 854 1141 895 vene·

143 931 210 989 flcio
226 927 365 988 acciderit
380 924 454 983 haec
470 924 582 999 iniuria,
595 922 663 980 item
678 922 806 981 irenacei
822 922 894 983 cinis
911 938 974 980 oum
988 920 1076 979 melle
1093 928 1142 979 aut

145 1015 255 1074 corium
283 1008 462 1070 combustum
485 1024 550 1065 cum
574 1008 642 1084 pice
672 1005 790 1083 liquida.
826 1014 912 1084 caput
939 1004 1054 1083 quidem
1077 1004 1141 1063 eius

143 1105 237 1157 ustum
253 1112 306 1173 per
321 1110 354 1151 se
366 1092 451 1151 etiam
463 1089 648 1150 cicatricibus
660 1089 736 1167 pilos
750 1089 853 1149 reddit.
882 1088 1032 1168 alopecias
1047 1096 1143 1147 autem
1153 1108 1181 1149 ro

143 1181 172 1239 iu
188 1198 223 1239 ea
239 1178 388 1237 curatione
403 1174 570 1252 praeparari
586 1182 704 1251 oportet
720 1172 861 1233 novacula
889 1182 918 1231 et
939 1173 1042 1250 sinapi.
1080 1172 1142 1248 qui-

144 1263 208 1323 dam
233 1278 271 1319 ex
297 1266 381 1318 aceto
409 1258 449 1316 uti
473 1256 641 1318 maluerunt.
683 1274 756 1333 quae
786 1257 822 1316 de
850 1257 987 1317 irenaceo
1011 1255 1144 1315 dicentur

101 1358 158 1412 108
168 1346 261 1404 onrniu
277 1351 359 1402 tanto
379 1341 471 1417 magis
492 1340 629 1400 valebunt
648 1340 678 1399 in
698 1340 836 1415 hystrice.
867 1340 1008 1401 Lacertae
1025 1356 1144 1417 quoque

107 1450 131 1485 ua
145 1438 174 1488 ut
188 1421 337 1486 docuimus
354 1425 523 1485 combustae
539 1441 603 1483 cum
615 1423 714 1483 radice
730 1425 857 1484 recentis
870 1422 1048 1500 harundinis,
1065 1440 1143 1499 quae

144 1520 176 1570 ut
191 1526 247 1569 una
262 1511 383 1569 manuari
396 1510 501 1586 possit,
518 1508 645 1567 minutim
662 1505 794 1567 findenda
813 1516 874 1584 est,
891 1508 930 1567 ita
944 1515 1056 1582 myrteo
1073 1505 1143 1567 oleo
1153 1526 1181 1567 aa

145 1595 305 1674 permixtae
326 1595 441 1652 cineres
456 1591 629 1670 capillorum
649 1589 773 1651 defluvia
795 1594 950 1652 continent.
992 1590 1143 1651 efficacius

146 1677 252 1738 virides
268 1677 397 1737 lacertae
413 1677 507 1735 omnia
523 1676 624 1735 eadem
637 1682 796 1753 praestant,
815 1677 967 1737 etiamnum
980 1675 1077 1735 utilius
1094 1673 1143 1735 ad-

145 1764 235 1821 mixto
252 1762 315 1821 sale
332 1771 362 1820 et
378 1759 464 1839 adipe
481 1760 577 1819 ursino
597 1768 627 1819 et
642 1776 715 1837 cepa
736 1767 829 1819 tunsa.
864 1759 976 1838 quidam
994 1759 1083 1819 denas
1098 1761 1142 1817 ri·

143 1846 214 1906 ridie
229 1846 258 1904 iu
277 1844 378 1903 decem
389 1844 524 1903 sextariis
535 1844 595 1904 olei
608 1844 716 1903 veteris
734 1842 895 1918 discocunt,
910 1844 1035 1903 contenti
1050 1842 1144 1902 semel

103 1942 160 1995 1091
166 1932 196 1989 in
208 1932 309 1987 mense
322 1945 463 2003 unguere.
493 1928 614 1987 Pellium
631 1928 825 2004 viperinarum
840 1929 912 1987 cinis
927 1927 1077 2004 alopecias
1092 1944 1142 1985 ce·
1151 1945 1180 1987 ao

145 2013 262 2076 larrime
280 2011 397 2089 explet,
413 2014 481 2070 item
495 2012 665 2087 gallinarum
680 2011 774 2071 limum
787 2029 894 2072 recens
909 2010 1028 2077 inlitum.
1060 2010 1144 2069 corvi

147 2112 233 2156 ovom
250 2096 280 2153 iu
294 2105 383 2153 aer'eo
398 2111 469 2153 vase
487 2096 658 2172 permixtum
672 2095 840 2173 inlitumque
856 2094 962 2154 deraso
987 2095 1083 2172 capite
1099 2094 1144 2151 ni-

146 2180 258 2256 gritiam
275 2178 373 2256 capilli
388 2177 495 2253 adfert,
516 2177 570 2238 sed
587 2176 683 2236 donec
697 2179 841 2239 inarescat
858 2178 954 2264 olepm
966 2180 995 2242 iu
1018 2194 1071 2237 ore
1091 2176 1143 2235 ha-

146 2262 271 2322 bendum
287 2269 331 2321 est
346 2278 383 2319 ne
397 2269 428 2319 et
441 2260 543 2321 dentes
557 2260 641 2320 simul
652 2262 826 2338 nigrescant,
841 2261 927 2339 idque
941 2263 970 2320 in
986 2262 1085 2321 umbra
1100 2259 1142 2319 ia-

103 2358 157 2413 110
168 2345 298 2406 ciendum
317 2362 413 2422 neque
432 2353 499 2403 ante
513 2343 691 2423 quatriduum
712 2345 893 2406 abluendum.
930 2344 978 2403 alii
1001 2345 1180 2421 sanguineas

146 2441 177 2491 et
191 2428 315 2490 cerebro
331 2430 393 2494 eius
409 2437 523 2487 utuntur
537 2446 599 2488 cum
616 2429 683 2488 vino
701 2430 799 2507 nigro,
823 2429 870 2489 alii
887 2436 1034 2489 excocunt
1048 2428 1144 2505 ipsum

147 2524 176 2574 et
189 2520 276 2574 nocte
291 2513 321 2571 iu
333 2511 474 2571 concubia
488 2514 516 2571 iu
532 2512 696 2590 plumbeum
711 2532 761 2574 vas
779 2513 913 2573 condunt.
938 2512 1025 2590 aliqui
1041 2511 1143 2589 alope-

147 2600 208 2658 cias
222 2595 387 2657 cantharide
402 2596 469 2655 trita
482 2596 601 2655 inlinunt
615 2615 680 2655 cum
701 2599 767 2676 pice
784 2596 907 2675 liquida,
928 2596 1142 2673 uitroupraepa·

145 2689 207 2741 rata
224 2689 301 2755 cute,
312 2714 355 2725 -
366 2680 492 2739 mastica
509 2680 553 2740 vis
568 2697 674 2755 earum,
692 2680 908 2759 cavendumque
921 2698 959 2738 ne
971 2678 1144 2739 exulcerent

146 2764 215 2837 alte,
233 2795 278 2811 -
292 2771 395 2841 postea
415 2761 451 2822 ud
465 2762 566 2823 ulcera
582 2766 621 2824 ita
638 2764 715 2824 facta
735 2766 829 2841 capita
845 2763 965 2823 murium
981 2769 1010 2822 et
1023 2761 1065 2822 lul
1080 2780 1141 2821 mu·
1151 2774 1180 2817 aa

145 2848 218 2907 mum
232 2856 262 2907 et
277 2848 371 2906 dmum
385 2864 448 2906 cum
463 2844 617 2907 helleboro
634 2857 664 2907 et
677 2849 780 2927 pipere
795 2846 876 2906 inlini
889 2846 997 2907 iubent.

103 2940 153 2995 111
219 2930 303 3011 (35.)
322 2929 435 2991 hendes
448 2930 586 2991 tolluntur
599 2931 685 3008 adipe
698 2931 800 2990 canino
811 2930 861 2991 vel
871 2930 1013 3007 anguibus
1027 2929 1057 2988 iu
1073 2928 1141 2989 cibo

116 3038 120 3046 ¹
146 3017 267 3093 sumptis
281 3014 470 3091 anguillarum
484 3015 570 3075 modo
582 3022 630 3074 aut
642 3014 810 3073 vernatione
824 3031 923 3073 eorum
937 3030 1019 3093 quant
1032 3020 1143 3073 exuunt

147 3106 227 3176 pota,
243 3099 408 3176 porrigines
423 3096 492 3157 felle
508 3098 598 3157 ovillo
616 3114 679 3156 curu
696 3106 774 3157 crata
794 3094 917 3157 Cimolia
938 3097 1019 3157 linito
1043 3098 1141 3176 capite

147 3177 240 3240 donec
254 3183 408 3243 inarescat.
1151 3196 1179 3239 as

102 3274 157 3329 ltu
219 3263 303 3345 (36.)
325 3265 435 3345 capitis
457 3264 605 3326 doloribus
632 3265 759 3326 remedio
789 3274 853 3343 surnt
877 3262 1042 3325 coclearum
1066 3280 1142 3340 quae

147 3346 240 3406 undae
254 3350 433 3410 inveniuntur
450 3349 574 3409 nondum
588 3358 725 3426 peractae
740 3347 836 3410 ablata
852 3349 962 3425 capita,
978 3364 1015 3407 ex
1030 3346 1075 3405 his
1089 3346 1140 3405 du·

145 3431 211 3491 ritia
227 3432 340 3511 lapidea
356 3444 504 3512 exempta,
519 3465 563 3477 -
582 3441 628 3491 est
642 3442 735 3491 autem
750 3449 785 3491 ea
803 3432 908 3493 calculi
922 3430 1080 3508 latitudine,
1096 3462 1143 3477 -
