2484 3817
738 31 747 62 Ι

141 213 181 276 38
489 221 518 270 o.
535 213 791 268 numennumen

100 400 170 442 mm
183 379 310 452 bundas,
329 385 359 436 ut
374 377 512 454 diximus,
528 371 633 443 mollit,
654 366 803 442 calefacit,
819 365 954 441 discutit,
980 365 1125 441 dissoluit,
1222 368 1223 371 ’

141 464 263 524 claritati
277 463 358 520 uisus
376 462 410 529 in,
419 458 547 534 collyriis
565 451 716 525 convenit,
734 451 890 528 pruritum,
906 452 1070 526 cicatrices,
1086 449 1126 509 al·

141 548 264 624 hagines
281 543 428 604 oculorum
442 542 527 615 tollit,
539 536 664 596 dentium
678 533 798 593 dolores
813 534 905 608 sedat,
921 534 1067 593 eilicucius
1080 551 1125 592 ac·

141 647 266 692 censum.
297 627 418 707 prodest
437 620 617 700 dyspnoiels,
632 617 813 695 pleuriticis,
834 617 1034 695 pulmonibus,
1050 619 1126 676 resi-

141 715 200 788 cis,
217 715 316 773 urinae
333 718 484 781 cruentae,
500 704 585 777 lieni,
607 701 771 760 ischiadicis
786 709 896 778 potum,
911 731 953 746 -
968 701 1011 758 sic
1035 708 1066 759 et
1076 701 1149 760 als

142 815 209 859 vom
220 789 489 872 solvit-articulis
503 795 533 846 et
543 784 692 864 podagrae
704 803 766 844 cum
777 787 838 862 pari
852 783 983 862 pondere
993 785 1067 862 picis
1079 791 1127 842 aut

143 899 230 942 cerae
253 889 283 942 et
305 891 424 939 rosaceo
444 877 563 930 coctum.
599 877 721 928 maturat
742 884 852 945 panos,
876 867 1002 928 extrahit
1027 866 1126 926 clauos

144 983 208 1027 cam
223 964 319 1037 melle,
333 991 376 1008 -κ
389 958 430 1014 sic
447 960 476 1012 et
491 952 610 1012 duritias
627 951 754 1026 emollit,
771 985 814 997 -·
831 951 900 1011 lieni
918 969 980 1010 cum
996 959 1081 1010 aceto
1097 959 1128 1010 et

144 1067 213 1112 cera
227 1046 331 1124 Cypria
347 1039 392 1098 vel
408 1052 531 1096 rosaceo
550 1037 751 1096 efficacissime
768 1036 924 1112 inponitur.
943 1033 1126 1094 lassitudines

145 1131 285 1213 perungui
302 1141 362 1184 cum
375 1127 459 1179 aceto
476 1128 507 1179 et
521 1119 591 1180 oleo
607 1121 774 1195 exiguoque
788 1120 865 1177 nitro
881 1117 962 1178 utile.
1138 1136 1165 1178 m

102 1231 137 1283 Ἃ
209 1211 287 1292 (15.)
316 1206 352 1265 lit
370 1205 491 1278 styracis
508 1211 634 1263 naturam
648 1205 677 1261 in
692 1203 858 1280 peregrinis
870 1201 1023 1261 arboribus
1038 1219 1128 1280 expo·

104 1301 132 1342 ¹²·
141 1295 174 1334 ¹¹⁴
187 1298 297 1354 suimus.
330 1286 425 1365 placet
436 1295 555 1363 praeter
568 1285 617 1345 illa
632 1303 707 1362 quac
722 1284 844 1344 diximus
859 1301 989 1346 maxume
1002 1288 1128 1364 pinguis,

145 1395 247 1460 purus,
263 1369 451 1432 albicantibus
467 1371 643 1446 fragmentis.
673 1369 805 1428 medetur
819 1370 908 1445 tussi,
922 1369 1065 1445 lancibus,
1077 1387 1129 1446 pe·

144 1456 327 1529 ctorisuitiis,
340 1452 445 1512 volvae
460 1453 631 1530 praeclusae
646 1453 790 1511 duritieve
806 1451 960 1529 laboranti,
977 1455 1035 1512 ciet
1051 1470 1128 1511 men-

143 1561 192 1605 ses
206 1548 275 1619 potu
297 1535 507 1613 adposituque,
528 1535 623 1595 alvom
645 1534 745 1594 mollit.
782 1537 900 1595 invenio
921 1544 991 1614 potu
1012 1536 1127 1595 modico
1141 1560 1168 1600 us

145 1625 287 1686 tristitiam
306 1619 390 1678 animi
416 1619 544 1694 resolvi,
567 1619 696 1695 largiore
715 1617 855 1678 contrabi.
894 1621 1005 1678 sonitus
1021 1622 1130 1679 aurium

144 1705 274 1770 emendat
288 1704 430 1778 inlusum,
444 1711 566 1762 strumas
584 1703 694 1761 inlitum
716 1720 929 1780 nervorumque
953 1702 1054 1762 nodos.
1082 1703 1129 1762 ad-

144 1795 274 1851 versatur
290 1788 411 1846 uenenis
430 1805 502 1865 quae
514 1786 628 1863 frigore
646 1795 771 1863 nocent,
788 1785 856 1845 ideo
870 1795 907 1846 'et
924 1788 1043 1846 cicutae.

103 1887 136 1941 25
207 1870 288 1947 (16.)
323 1870 510 1947 Spondyltum
535 1887 588 1929 una
610 1871 834 1930 demonstmtum
854 1870 1010 1930 infunditur
1029 1872 1129 1947 capiti·
1226 1886 1227 1889 ¹

103 1958 131 1998 ¹¹·
143 1954 236 2013 mbos
251 1953 485 2030 phreneticorum
501 1962 531 2014 et
546 1953 787 2031 lethargicorum,
808 1956 877 2013 item
897 1956 1000 2032 capitis
1022 1953 1169 2014 dolori-ao

144 2040 197 2098 bus
220 2036 323 2113 longis.
360 2055 423 2096 eum
442 2037 509 2096 oleo
531 2045 635 2097 uetere
649 2037 758 2096 bibitur
777 2039 850 2096 etin
866 2039 1025 2096 iocinerum
1038 2038 1130 2114 vitiis,

142 2118 242 2180 morbo
258 2122 342 2197 regio
356 2165 364 2194 ‚
380 2119 589 2194 comitialibus,
607 2120 823 2197 orthopnoicis,
839 2120 987 2179 volvarum
1001 2128 1131 2196 strangu-

143 2203 268 2277 latione,
292 2204 395 2280 quihus
418 2212 448 2262 et
472 2203 568 2260 suilitu
592 2202 721 2279 prodest.
751 2202 845 2260 alvom
868 2200 970 2260 mollit.
1002 2203 1131 2262 inlinitur

101 2298 135 2351 no
146 2285 291 2344 ulceribus
310 2304 383 2364 quae
398 2294 519 2364 serpunt
535 2303 596 2343 cum
612 2293 682 2343 ruta.
711 2284 766 2343 llos
781 2284 897 2344 auribus
912 2285 1073 2362 purulentis
1089 2287 1132 2344 ei·

143 2369 272 2427 bcaoiter
285 2368 452 2443 infunditur,
481 2368 532 2428 sed
548 2385 644 2444 sucus,
666 2387 728 2427 eum
749 2369 934 2444 exprimitur,
955 2369 1129 2445 integendus
1141 2391 1171 2431 2⁵

144 2459 207 2527 est,
230 2454 364 2529 quoniam
384 2453 456 2511 mire
481 2451 627 2530 adpetitur
641 2469 664 2510 -a
686 2453 792 2511 muscis
816 2457 847 2510 et
868 2450 1016 2510 similibus.
1049 2452 1133 2512 radix

143 2534 246 2594 derasa
269 2544 299 2594 et
316 2536 345 2594 in
363 2535 472 2593 listulas
489 2537 621 2594 coniecta
643 2535 744 2594 callum
766 2552 862 2594 earum
877 2534 980 2593 erodit.
1012 2535 1131 2595 auribus

144 2633 259 2696 quoque
282 2617 435 2677 instillatur
455 2636 517 2676 cum
539 2635 616 2677 suco.
648 2618 730 2677 datur
750 2620 858 2695 etipsa
883 2624 983 2675 contra
1000 2616 1133 2678 morbum

144 2703 255 2777 regium
281 2709 311 2760 et
337 2702 365 2759 in
388 2703 526 2760 iocineris
548 2703 620 2760 vitio
642 2710 673 2760 et
695 2702 849 2762 noluamm.
878 2697 1000 2778 capillos
1015 2703 1133 2780 crispos

143 2784 211 2843 facit
225 2792 364 2863 peruncto
384 2786 486 2861 capite.
1144 2807 1175 2848 so

102 2875 135 2930 ii
209 2868 290 2946 (17.)
321 2867 473 2945 Sphagnos
490 2871 555 2928 sive
572 2868 696 2946 sphacos
712 2870 774 2927 sive
789 2867 882 2942 bryon
898 2872 929 2926 et
943 2869 971 2925 in
983 2866 1084 2943 Gallia,
1099 2877 1133 2927 ut

104 2968 132 3012 ιι,
143 2967 178 3004 1⁰⁸
186 2950 387 3028 indicavimus,
418 2954 558 3027 nascitur,
585 2952 680 3011 volvis
703 2953 825 3011 decocto
841 2949 1021 3009 insidentium
1040 2951 1132 3030 utilis,

146 3034 215 3092 item
229 3034 353 3111 genibus
368 3043 399 3094 et
408 3035 542 3094 seminum
558 3035 715 3093 tumoribus
727 3035 831 3092 mixtus
843 3036 985 3094 nasturtio
997 3042 1027 3093 et
1037 3049 1132 3112 aquae

146 3116 241 3176 salsae
257 3120 349 3177 tritus.
384 3135 446 3177 num
460 3119 528 3176 vino
542 3125 637 3176 autem
659 3126 688 3177 at
703 3120 799 3177 resina
814 3118 891 3175 sicca
912 3126 999 3194 potus
1021 3119 1133 3177 urinam

146 3198 229 3277 pellit
244 3200 405 3260 celerrime.
434 3201 609 3278 hydropicos
621 3203 709 3259 inanit
726 3218 788 3260 cum
804 3202 872 3259 vino
890 3209 920 3259 et
932 3201 1063 3278 iunipirls
1079 3204 1131 3260 tri·
1143 3225 1173 3266 ns

147 3291 191 3342 tus
206 3301 240 3342 ao
257 3292 351 3361 potus.

208 3365 289 3444 (18.)
321 3365 489 3428 Terebinthi
509 3367 578 3427 iolla
595 3375 625 3427 et
642 3367 723 3426 radix
744 3366 966 3428 collectionibus
989 3366 1131 3444 inponun-

148 3455 201 3508 tur.
229 3450 381 3510 decoctum
404 3469 503 3512 eorunm
526 3450 701 3512 stomachum
719 3452 818 3512 hrmat.
850 3469 950 3513 semen
974 3451 1004 3509 in
1024 3451 1131 3526 capitis
