2484 3817
279 183 360 230 usu.
376 181 467 229 rursu.
483 181 589 228 xxxv,
608 147 730 234 13-215.
747 165 897 250 (lt—50.)
1029 176 1073 240 99

71 345 146 397 teres
162 338 210 414 qui
233 337 332 396 siccati
353 351 412 394 nou
434 342 602 411 merguntur
615 336 647 395 in
662 351 743 414 aqua.
774 343 841 394 sunt
860 336 936 394 enim
951 354 969 396 e
985 342 1065 396 terra

70 423 229 500 pumicosa,
254 438 317 479 cunr
341 419 439 496 subigi
456 426 573 496 potest,
597 419 758 478 utilissima.
790 415 893 478 Graeci
915 427 1108 498 praeter-172

71 522 149 581 quam
166 504 214 564 ubi
235 523 252 565 e
275 504 359 564 silice
373 503 437 562 lieri
455 509 573 580 poterat
586 510 749 578 structura,
771 500 921 564 latericios
936 504 1065 582 parietes

71 587 245 666 praetulere.
289 595 355 647 suut
376 587 451 646 enim
470 586 600 661 aeterni,
623 587 648 642 si
671 583 706 644 ad
728 584 964 664 perpendiculum
987 587 1064 647 liant.

49 671 135 738 sideo
150 680 180 731 et
196 671 311 750 publiea
327 687 418 749 opera
440 677 470 728 et
487 670 585 745 regias
604 668 707 727 domos
725 669 767 728 sic
784 677 936 747 struxere,
957 687 1066 730 murum

69 754 190 815 btbenis
207 757 255 832 qui
271 755 306 814 ad
317 762 444 833 montem
454 751 619 828 llpmettum
634 759 764 831 spectat,
781 751 875 812 Patris
894 752 976 814 aedis
987 751 1066 812 loris

69 847 98 898 et
111 838 261 916 Herculis,
277 839 405 916 quamuis
425 835 554 914 lapideas
570 835 717 895 columnas
740 844 771 896 et
791 836 928 914 epistylia
947 836 1066 895 circum·

68 923 177 999 darent,
196 922 309 981 domum
317 920 460 980 Trallibus
477 919 696 996 regiamAttali,
712 921 782 980 item
793 920 932 979 Sardibus
946 916 1063 993 Croesi,

68 1023 149 1082 quam
162 1007 300 1083 gerusian
318 1006 433 1080 iecere,
450 1003 628 1063 Halicarnasi
642 1002 782 1081 Mausoli,
798 1021 873 1081 quae
891 1005 1066 1064 etiamnunc

33 1114 59 1154 10
68 1089 176 1148 durant.
211 1087 429 1148 Lacedaemone
450 1087 565 1166 quidem
579 1087 720 1147 latericiis
736 1087 897 1166 parietibus
914 1087 1043 1147 excisum
1055 1095 1106 1151 173

69 1178 139 1252 opu‘s
162 1173 317 1232 tectorium
331 1180 454 1250 propter
470 1170 673 1232 excellentiam
688 1172 819 1248 picturae
837 1171 944 1247 ligneis
964 1169 1065 1230 iormis

66 1254 332 1317 inclusumllomam
346 1255 540 1333 deportavere
556 1256 585 1314 in
600 1254 749 1314 aedilitate
767 1254 802 1314 ad
817 1257 964 1315 comitium
979 1271 1065 1314 exor-

66 1340 188 1401 nandum
206 1338 326 1399 Murena
346 1347 375 1398 et
396 1338 501 1400 Varro.
550 1357 613 1398 cum
637 1356 710 1417 opus
726 1357 781 1417 per
799 1357 833 1398 se
851 1340 952 1398 mirum
974 1346 1068 1414 esset,

67 1425 197 1484 tralatum
212 1431 308 1483 tamen
320 1424 411 1499 magis
426 1423 610 1483 mirabantur.
649 1424 678 1481 in
693 1422 776 1481 ltalia
788 1439 904 1501 qnoque
919 1423 1068 1482 latericius

32 1534 56 1573 15
66 1527 161 1567 murus
177 1507 278 1567 Arreti
297 1515 327 1566 et
345 1505 496 1566 Mevaniae
512 1515 568 1568 est.
600 1497 712 1566 Rornae
728 1523 786 1565 non
804 1505 875 1566 liunt
890 1506 957 1565 talia
972 1504 1068 1565 aedili·

65 1595 125 1667 cia,
141 1593 207 1668 quia
224 1590 439 1669 sesquipedalis
451 1593 550 1667 paries
565 1607 624 1648 non
639 1589 705 1672 plus
721 1606 805 1667 quam
820 1606 904 1648 unam
919 1589 1069 1665 contigna-

65 1678 173 1734 tionem
190 1675 309 1750 tolerat,
322 1682 492 1751 cautumque
508 1681 555 1732 est
572 1691 609 1732 ne
624 1673 781 1732 communis
793 1673 921 1733 crassior
936 1673 996 1750 liat,
1012 1689 1069 1732 nec

64 1760 310 1834 intergerivorum
324 1757 399 1815 ratio
415 1757 531 1832 patitur.

133 1843 181 1900 15.
196 1840 280 1917 (50.)
297 1837 376 1899 Haec
392 1840 449 1897 sint
465 1839 540 1898 dieta
556 1837 593 1899 de
608 1838 758 1900 lateribus.
790 1839 824 1900 ln
838 1847 935 1900 terrae
952 1847 1110 1904 autem174

28 1945 55 1984 ιο
66 1924 189 2000 reliquis
204 1923 362 1999 generibus
377 1921 426 1982 rel
441 1940 571 1983 maxume
586 1925 657 1982 mira
671 1931 771 1984 natura
787 1931 833 1984 est
848 1924 991 2002 sulpuris,
1008 1939 1065 2001 quo

65 2007 196 2086 pluruma
212 2007 371 2067 domantur.
408 2008 535 2067 nascitur
551 2009 581 2066 in
594 2008 698 2067 insulis
713 2007 828 2067 Aeoliis
849 2008 926 2067 inter
941 2007 1066 2067 Siciliam

67 2099 98 2151 et
112 2091 222 2150 ltaliam
238 2087 307 2168 q‘uas
323 2091 427 2151 ardere
442 2091 580 2168 diximus,
596 2091 649 2150 sed
663 2091 874 2152 nobilissimum
888 2092 917 2153 in
930 2090 1009 2153 Melo
1022 2112 1040 2152 s.
1052 2111 1109 2156 sua·

66 2175 171 2234 insula.
200 2174 233 2234 ln
248 2174 329 2234 ltalia
342 2178 458 2253 quoque
473 2176 636 2252 invenitur,
654 2177 684 2234 in
698 2174 893 2253 Neapolitano
909 2173 1068 2254 Campano·

68 2277 126 2336 que
147 2277 235 2336 agro,
257 2258 381 2319 collibus
402 2260 450 2336 qui
466 2267 607 2318 vocantur
620 2258 796 2336 Leucogaei.
831 2259 871 2318 ibi
893 2258 1066 2319 econioulis

29 2343 207 2408 asellossum
223 2343 373 2421 perficitur
395 2344 463 2420 igni.
509 2340 624 2402 Genera
646 2350 797 2420 quattuor:
825 2343 940 2420 vivom,
971 2341 1110 2422 quodlib

69 2425 173 2484 Graeci
189 2444 300 2504 apyron
313 2435 435 2502 vocant,
452 2427 580 2485 nascitur
594 2425 734 2503 solidum,
748 2425 805 2486 boc
820 2433 866 2486 est
877 2425 990 2504 glaeba.
1021 2441 1068 2484 so·

67 2508 126 2568 lum
143 2519 300 2570 -cetera
320 2503 394 2570 enir'n
409 2509 525 2588 liquore
540 2518 673 2569 coustant
689 2518 719 2570 et
735 2510 927 2570 coniiciuntur
942 2509 1068 2568 oleoin·

68 2600 156 2651 cocta
185 2626 222 2637 -
252 2597 348 2651 vivom
374 2593 511 2654 effoditur
537 2594 718 2671 tralucetque
751 2602 782 2654 et
806 2595 899 2670 viret,
929 2593 995 2654 solo
1030 2609 1070 2651 ex

69 2676 203 2735 omnibus
217 2677 375 2752 generibus
392 2677 496 2738 medici
511 2685 634 2737 utuntur.
665 2676 788 2738 alterum
808 2694 901 2755 genus
921 2675 1069 2757 appellant

28 2782 57 2823 so
68 2760 220 2837 glaebam,
245 2759 384 2818 fullonum
403 2768 508 2821 tantum
524 2761 648 2821 officinis
664 2761 814 2821 familiare.
846 2761 936 2820 tertio
950 2776 1068 2838 quoque

68 2845 174 2922 generi
192 2862 263 2902 unus
283 2851 389 2902 tantum
415 2853 462 2904 est
484 2863 553 2904 usus
574 2843 608 2904 ad
629 2844 708 2905 lanas
729 2842 902 2921 suffiendas,
934 2845 1068 2921 quoniam

69 2927 226 2987 candorem
241 2935 347 2985 tautum
361 2927 566 3006 mollitiamque
583 2930 699 2989 confert
712 2961 754 2974 -
769 2927 855 3004 egula
875 2935 996 2986 uocatur
1011 2926 1069 2986 boc
1114 3001 1118 3006 1

68 3030 166 3089 genus
179 3044 237 3087 -,
266 3018 371 3090 quarto
392 3018 486 3071 autem
508 3011 543 3070 ad
562 3012 706 3088 ellychnia
726 3027 856 3071 maxume
879 3009 1066 3071 conficienda.

69 3104 175 3155 cetero
190 3103 268 3154 tauta
289 3095 334 3152 vis
354 3102 399 3154 est
413 3102 444 3152 ut
459 3094 577 3154 morbos
589 3095 743 3156 comitialis
754 3094 951 3172 deprehendat
963 3092 1067 3153 nidore

30 3203 59 3248 ss
70 3181 228 3259 inpositum
243 3180 312 3256 igni.
351 3178 420 3237 lusit
437 3185 468 3236 et
483 3175 639 3239 Anaxilaus
655 3195 692 3238 eo
708 3177 815 3238 addens
832 3179 862 3238 in
876 3177 994 3238 calicem
1008 3176 1068 3236 riui

69 3282 222 3343 prunaque
238 3262 351 3322 subdita
366 3261 572 3321 circumferens
586 3262 803 3324 exardescentis
814 3278 991 3339 repercussu
1006 3259 1066 3340 pal·

69 3347 168 3408 lorem
179 3347 269 3406 dirum
280 3346 362 3406 velut
373 3346 571 3406 defunctorum
582 3346 924 3407 effundentemconriris.
943 3343 1110 3408 Naturalis

70 3433 138 3493 eius
150 3430 323 3510 excalfacit,
346 3429 519 3509 concoquit,
539 3431 593 3491 sed
613 3440 644 3492 et
659 3430 775 3491 discutit
795 3429 987 3490 collectiones
1004 3445 1067 3488 cor·

865 3509 907 3580 q*
