2484 3817
203 184 284 231 nar.
299 183 391 231 rursu.
407 182 547 231 xxxnn.
561 179 603 234 18.
619 170 858 248 (ιω-κιαι.
873 179 898 231 a.
916 165 974 251 (a.)
1048 169 1090 231 67
1156 224 1160 230 ,

95 355 169 397 vero
184 338 213 397 iu
228 344 318 397 totum
332 355 348 396 a
362 336 552 396 marmoribus
566 334 692 413 pulsa,
682 354 737 395 ram
753 334 869 413 quidem
884 345 1020 413 etcum,
1035 354 1090 396 nec

95 430 201 481 tautum
221 429 253 480 ut
267 422 395 499 parietes
410 421 464 479 toti
487 420 673 498 operiantur,
696 438 798 479 verum
813 426 844 478 ct
857 422 1002 479 interraso
1018 438 1090 479 mar·

94 520 176 563 more
190 481 443 589 vermiculatisque
455 503 489 563 ad
507 502 624 579 elligies
641 520 738 562 rerum
754 510 785 562 et
799 492 959 562 animalium
973 505 1088 563 crustis.

95 605 153 646 uon
166 580 302 685 placent
293 606 347 647 ram
359 588 509 647 abaciaco
521 586 613 664 spatia
624 586 750 644 montis
741 601 771 643 m
781 584 916 645 cubiculo
928 586 1086 663 dilatanda,
1101 598 1119 652 3

73 672 243 749 accepimus
266 680 296 731 et
317 670 412 749 lapide
428 671 562 748 pingere
597 668 656 727 hoe
676 665 776 727 Claudi
801 670 964 767 pripcipatu
991 671 1089 730 inven-

95 762 168 829 tum,
190 754 317 815 Neronis
332 771 404 814 vero
419 752 547 812 maculas
563 769 638 828 quae
655 768 714 810 nou
728 753 856 811 esseut
846 771 877 811 m
892 754 1023 811 crustis'
1014 771 1090 813 ruse-

93 838 186 899 rendo
204 840 341 897 unitatem
356 839 488 912 variare,
508 843 539 894 ut
555 842 657 894 ovatus
672 842 755 894 esset
771 834 957 912 Numidicus,
979 845 1010 894 ut
1026 855 1091 915 pur·

94 939 164 1000 pure
177 921 406 996 distingueretur
420 918 609 995 Synnadicus,
626 917 752 995 qualiter
762 918 831 977 illos
845 920 925 978 nasci
939 927 1091 997 optassent

94 1004 224 1065 deliciae.
260 1005 398 1062 montium
425 1002 498 1062 hacc
520 1001 648 1062 subsidia
669 1001 880 1079 deficientium,
912 1019 968 1061 uec
994 1012 1091 1082 cessat

57 1106 83 1146 ao
93 1086 205 1147 luxuria
224 1086 252 1144 id
271 1104 360 1162 agere
377 1093 509 1164 utquam
526 1084 685 1163 plurumum
700 1085 842 1144 incendiis
857 1085 968 1163 perdat.

122 1174 125 1189 “
154 1169 250 1252 2(2.)
273 1168 429 1246 lmeglnum
450 1162 565 1246 quidem
590 1170 719 1246 pictura,
744 1186 799 1245 qua
827 1186 958 1228 maxume
978 1169 1117 1233 similest

92 1253 121 1312 in
138 1270 240 1311 aevom
264 1252 500 1330 propagabantur
520 1252 650 1328 figurae,
676 1253 706 1310 iu
727 1260 819 1311 totum
838 1251 978 1311 exolevit.
1009 1254 1090 1313 aerei

92 1345 237 1414 ponuntur
252 1336 351 1414 clipei,
367 1344 525 1412 argenteae
539 1337 630 1395 iacies
640 1335 728 1394 surdo
744 1336 898 1411 figurarum
913 1335 1090 1413 discrimine,

93 1421 362 1497 statuarum-capita
383 1427 598 1496 permutantur,
620 1418 746 1495 volgatis
766 1420 828 1480 iam
848 1418 960 1496 pridem
979 1419 1089 1479 salibus

57 1524 82 1564 as
93 1505 179 1562 etiam
194 1505 354 1562 carminum.
381 1502 454 1562 adeo
466 1504 615 1561 materiam
627 1501 758 1578 conspici
774 1500 883 1559 malunt
894 1519 994 1561 omnes
1007 1520 1090 1580 quam

92 1604 125 1645 se
142 1588 234 1646 nosci.
268 1595 298 1646 et
313 1588 391 1645 inter
411 1586 483 1646 haec
503 1584 709 1663 pinacothecas
725 1582 876 1643 veteribus
893 1583 999 1645 tabulis
1021 1602 1089 1645 cou-

40 1698 42 1703 ’
92 1678 177 1729 suunt
199 1670 368 1747 alienasque
390 1668 505 1744 efligies
527 1667 643 1741 colunt,
665 1668 721 1743 ipsi
743 1665 885 1726 honorem
902 1685 960 1727 uou
984 1670 1040 1728 nisi
1060 1670 1091 1729 iu

91 1755 188 1831 pretio
204 1753 356 1827 ducentes,
374 1758 405 1808 ut
419 1750 533 1825 frangat
548 1749 637 1808 heres
652 1750 783 1826 iurisque
799 1749 931 1811 detrahat
946 1751 1088 1830 laqueum.

91 1839 191 1912 itaque
220 1835 325 1893 nullius
351 1832 451 1909 effigie
473 1833 615 1891 vivente
606 1833 747 1909 imagines
764 1835 924 1911 pecuniae,
942 1852 1001 1895 uon
1018 1854 1084 1895 suas
1099 1847 1116 1901 5

56 1942 82 1983 ao
91 1919 243 1978 relincunt
266 1916 353 1976 iidem
362 1915 523 1993 palaestras
534 1914 704 1975 athletarum
716 1916 887 1993 imaginibus
900 1926 930 1978 et
942 1927 1090 1979 ceromata

92 2020 145 2061 sua
162 2007 304 2059 exornant
312 1997 491 2077 ‚Epicurios
514 1992 609 2058 voltus
631 2017 686 2077 per
700 2000 832 2060 cubicula
847 2009 965 2077 gestant
984 2021 1019 2064 ac
1034 2004 1089 2061 cir-

92 2086 253 2144 cumierunt
281 2100 386 2143 secum,
422 2082 509 2142 natali
541 2084 603 2142 eius
627 2083 807 2160 sacrificant,
837 2085 985 2164 feriasque
1011 2088 1087 2145 omui

91 2186 193 2229 mense
215 2166 380 2227 custodiunt
396 2167 534 2225 vicesima
550 2166 616 2225 lune
635 2183 704 2243 quas
725 2126 821 2226 icadds
836 2176 959 2246 vocant,
983 2168 1012 2229 bi
1030 2187 1088 2229 ma·

91 2272 177 2313 nume
194 2252 242 2328 qui
265 2269 298 2309 se
319 2269 355 2309 ne
372 2250 498 2309 viventis
521 2248 636 2326 quidem
658 2251 740 2309 nosci
758 2250 868 2311 volunt,
899 2253 939 2311 ita
958 2261 1005 2312 est
1020 2270 1087 2331 pro-

57 2353 83 2392 aa
92 2339 187 2396 lecto:
205 2337 275 2393 artis
291 2333 402 2393 desidia
416 2332 559 2412 perdidit,
576 2342 606 2391 et
621 2334 757 2411 quoniam
773 2335 930 2394 animorum
944 2337 1087 2413 imagines
1132 2360 1136 2364 >

93 2438 150 2479 non
166 2425 247 2491 sunt,
264 2417 459 2494 negleguntur
474 2417 560 2476 etiam
575 2433 738 2494 corporum.
765 2416 851 2477 aliter
865 2418 941 2497 apud
956 2421 1082 2479 maiores
1096 2429 1114 2484 6

92 2505 122 2561 in
136 2502 217 2558 atriis
233 2500 304 2561 haec
316 2509 397 2560 erant
415 2518 488 2577 quae
502 2508 715 2577 spectarentur,
731 2516 789 2559 nou
804 2502 887 2577 signa
899 2511 1086 2562 externorum

94 2584 248 2658 artificum,
274 2601 327 2641 neo
345 2602 413 2644 aera
432 2591 480 2642 aut
498 2600 659 2659 marmora,
680 2584 815 2659 expressi
834 2601 902 2643 cera
917 2585 1014 2647 voltus
1028 2588 1086 2646 siu·

15 2723 18 2728 ,
94 2665 170 2742 gulis
188 2664 414 2742 disponebantur
429 2668 574 2742 armariis,
592 2674 625 2724 ut
641 2674 741 2725 esseut
752 2668 892 2743 imagines
909 2685 983 2744 quae
997 2670 1085 2729 eomi-

58 2756 225 2829 sotarentur
239 2748 386 2824 gentilicia
403 2749 520 2826 funera,
542 2766 716 2827 semperque
733 2749 871 2810 defuncto
892 2750 989 2828 aliquo
1005 2761 1086 2812 totus

94 2831 193 2891 ederet
209 2830 333 2890 familiae
354 2832 415 2890 eius
432 2834 480 2908 qui
502 2850 634 2910 umquam
654 2832 750 2892 iuerat
772 2832 905 2910 populus.
936 2840 1084 2894 stemmata

94 2932 167 2975 uero
189 2914 265 2973 liniis
285 2914 484 2973 discurrebant
499 2915 533 2974 ad
550 2917 690 2992 imagines
705 2916 806 2993 pictas.
830 2914 957 2983 tabulina
977 2918 1113 2983 codici-7

95 2998 149 3058 bus
163 2997 346 3076 implebantur
360 3005 390 3055 et
401 2999 581 3057 monimentis
595 3016 692 3058 rerum
703 3000 733 3056 in
746 2998 913 3073 magistratu
926 3008 1082 3077 gestarum.

95 3081 169 3141 aliae
180 3083 254 3141 ioris
269 3089 299 3141 et
310 3082 387 3139 circa
398 3079 492 3139 limina
509 3083 666 3141 animorum
680 3082 840 3157 ingentium
849 3082 989 3160 imagines
1001 3092 1084 3143 eraut

60 3164 195 3225 asadlinis
223 3165 348 3224 hostium
372 3162 474 3242 spoliis
496 3179 648 3240 quaeuee
675 3167 800 3241 emptori
820 3166 947 3242 refigere
968 3167 1082 3243 liceret,

96 3248 362 3326 triumphabantque
377 3248 463 3307 etiam
478 3246 598 3306 dominis
615 3248 731 3306 mutatis
753 3255 866 3325 emptae
880 3249 991 3312 domus
1021 3258 1084 3309 erat

95 3331 168 3390 haec
184 3330 364 3393 stimulatio
354 3349 458 3428 ungens
471 3330 714 3407 exprobrantibus
726 3332 811 3390 tectis
827 3331 935 3391 cotidie
946 3331 1083 3393 inbellem

95 3414 237 3487 dominum
260 3416 368 3474 intrare
391 3416 420 3474 iu
447 3413 571 3473 alienum
595 3411 777 3491 triumphum.
812 3411 916 3473 Exstat
935 3414 1109 3481 nessdaea

878 3496 923 3559 5*

707 3691 722 3721 Ι
