2484 3817
328 127 409 174 nar.
429 87 521 180 aaron
540 123 674 174 xxxvrr.
693 123 718 177 6.
730 122 755 177 t.
774 110 925 195 (aa—an.)
1060 110 1123 176 159

120 283 186 346 lithi
214 282 346 344 colorem
375 290 406 342 et
431 280 534 342 sardae
559 289 591 342 et
611 279 742 358 iaspidis.
780 277 966 350 Zenothemis
992 278 1122 346 Indicam

123 366 266 444 onychem
281 365 373 444 pluris
387 364 498 426 habere
509 366 685 441 varietates,
696 364 823 441 igneam,
838 365 958 442 nigram,
973 381 1121 440 corneam,
1155 401 1157 414 ·

121 451 307 527 cingentibus
324 448 453 510 candfflis
468 450 553 508 venis
570 447 652 508 oculi·
663 447 761 524 modo,
777 447 1038 508 intervenientibus
1054 465 1122 524 qua·

121 535 241 596 rundarn
261 542 293 594 et
314 533 440 610 obliquis
454 533 546 592 renis.
577 531 700 590 Sotaom
722 539 753 590 et
768 530 922 592 Arabicam
943 531 1029 592 tradit
1052 548 1122 606 ony-

100 618 205 682 schcm
219 615 422 694 distarequod
444 613 541 687 ludica
562 615 709 692 igniculos
724 614 830 674 habeat
845 615 920 674 albis
937 613 1121 692 cingentibus

122 704 204 771 nonis
222 699 345 777 singulis
365 699 536 776 pluribusve
549 698 637 759 aliter
660 715 742 775 qnam
763 699 793 757 in
813 698 996 773 sardonyche
1013 696 1121 773 ludica,

120 785 182 846 illic
204 786 280 844 enirn
300 791 474 842 momentum
489 800 577 859 esse,
595 781 643 844 hic
658 780 804 842 circulum.
834 778 976 842 Arabicas
995 779 1120 855 onychas
1129 791 1164 845 91

120 871 220 946 nigras
236 868 361 927 inveniri
373 865 502 926 madidis
518 866 611 928 nonis.
632 863 754 941 Satyrus
768 883 904 926 carnosas
922 883 989 924 esse
998 863 1121 940 ludices,

121 960 205 1030 parte
221 949 400 1027 carbunculi,
416 956 499 1028 parte
514 947 686 1025 chrysolithi
703 957 733 1008 et
747 949 912 1024 amethysti,
929 956 1079 1025 totumque
1093 947 1122 1008 id

86 1053 214 1110 nogenus
234 1033 387 1094 abdicavit.
425 1051 522 1092 veram
538 1041 634 1093 autem
652 1031 794 1107 onychem
808 1032 952 1110 plurumas
966 1034 1121 1108 variasque
1193 1035 1197 1052 ¹

119 1137 184 1178 cum
199 1117 302 1177 lacteis
318 1117 429 1176 hahere
445 1135 548 1193 venas,
567 1118 691 1176 omnium
705 1117 735 1174 in
751 1119 873 1174 transitu
890 1115 993 1176 colore
1008 1117 1122 1174 inenar-

109 1201 206 1261 rabili
227 1204 259 1260 et
281 1201 310 1259 in
331 1219 417 1260 unum
432 1201 573 1261 redeunte
591 1207 762 1260 concentum
777 1201 918 1259 suavitate
934 1208 1025 1276 grata.
1059 1195 1123 1259 Nec

121 1285 206 1344 sarda
221 1281 256 1317 *²¹²
271 1293 317 1344 est
331 1284 398 1361 huic
412 1301 554 1361 gemmae,
570 1282 684 1343 dividua
700 1301 739 1364 en
753 1282 858 1352 cpdem
875 1292 905 1342 et
919 1283 981 1360 ipsa
994 1283 1121 1359 nornine,

123 1367 278 1447 obiterque
295 1369 422 1427 omnium
434 1367 595 1428 ardentium
612 1383 787 1443 gemmarum
804 1365 952 1426 indicanda
968 1373 1078 1426 natura.

87 1474 113 1514 rs
164 1454 192 1513 7.
220 1451 301 1530 (25.)
328 1449 522 1528 l’rincipatum
552 1449 661 1510 habent
687 1449 853 1508 carbunculi
886 1468 903 1510 a
931 1449 1117 1517 similitudine
1129 1461 1164 1516 92

122 1536 229 1613 ignium
248 1533 406 1612 appellati,
427 1552 490 1593 cum
511 1535 568 1611 ipsi
590 1551 649 1593 non
670 1533 796 1592 sentiant
810 1533 903 1609 ignis,
921 1551 938 1592 a
953 1532 1122 1610 quibusdam

121 1618 160 1679 ob
175 1619 232 1678 hoc
245 1627 384 1678 acaustoe
400 1616 550 1694 appellati.
575 1615 685 1674 llorum
701 1633 811 1692 genera
823 1615 912 1676 lndiei
928 1626 958 1676 et
971 1615 1121 1677 Garaman-

120 1703 170 1762 tici
186 1719 260 1778 quos
275 1709 306 1761 et
317 1698 536 1758 Carchedonios
557 1716 705 1758 vocavere
722 1709 845 1778 propter
863 1700 1039 1778 opulentiam
1052 1697 1120 1762 Car·
1221 1756 1223 1761 .

120 1785 246 1860 thaginis
273 1799 403 1857 magnae.
434 1777 570 1841 'adiciunt
591 1777 786 1860 Aethiopicos
816 1791 847 1842 et
869 1784 1064 1844 Alabandioos
1091 1786 1121 1846 in

86 1866 259 1931 eo0rthosia
276 1863 383 1924 Cariae
401 1867 565 1942 nascentis,
592 1865 645 1925 sed
671 1867 720 1943 qui
741 1867 927 1944 perficiantur
949 1867 1118 1930 Alabandis.

22 1949 26 1954 “
121 1956 278 2028 praeterea
303 1950 334 2007 in
358 1949 434 2007 omni
458 1965 572 2025 genere
595 1949 715 2008 masculi
737 1950 919 2028 appellantur
938 1953 1069 2030 acriores
1090 1961 1121 2012 et

121 2034 246 2094 feminac
266 2030 428 2109 languidius
450 2032 641 2110 refulgentes.
679 2034 708 2092 in
724 2034 858 2093 masculis
876 2053 993 2112 quoque
1016 2035 1165 2102 obser-93

51 2109 55 2114 ’
122 2124 190 2178 rant
212 2115 375 2192 liquidioris
404 2113 479 2175 alios
501 2115 646 2191 dammae,
668 2117 808 2194 nigrioris
833 2118 907 2178 alios
928 2127 959 2178 et
982 2120 1120 2196 quosdam

122 2218 162 2261 ex
175 2199 236 2260 alto
253 2198 366 2258 lucidos
383 2216 418 2259 ac
431 2201 523 2277 magis
546 2202 656 2262 ceteris
676 2202 706 2260 ia
720 2201 784 2260 sole
801 2199 966 2278 flagrantis,
984 2211 1119 2280 optumos

85 2301 194 2346 severo
214 2283 491 2359 amethystinontas,
516 2283 574 2344 hoc
594 2292 642 2344 est
665 2301 788 2362 quorum
808 2294 956 2346 extremus
975 2287 1118 2363 igniculus

120 2369 150 2426 in
177 2367 332 2441 amethysti
357 2366 465 2427 violam
494 2376 598 2445 exeat,
623 2385 782 2446 proxumos
810 2369 885 2447 illis,
914 2361 988 2447 duos
1014 2379 1119 2432 vocant

119 2450 252 2526 syrtitas,
264 2452 383 2528 pinnato
397 2449 513 2526 fulgore
524 2451 672 2513 radiantis.
687 2453 810 2512 inveniri
823 2462 921 2531 autem,
929 2453 977 2514 ubi
988 2471 1118 2515 maxume

121 2535 160 2590 sit
170 2531 244 2592 solis
257 2551 460 2612 repercussus.
477 2533 599 2610 Satyrus
609 2535 724 2596 lodicos
740 2553 798 2598 noa
811 2556 881 2598 osec
894 2537 991 2597 claros
1003 2536 1072 2598 dicit
1084 2555 1117 2598 ac
1127 2547 1164 2604 94
1214 2553 1217 2560 ’

121 2614 291 2693 plerumque
306 2617 442 2678 sordidos
462 2635 497 2677 ac
517 2636 635 2697 semper
654 2619 778 2696 fulgoris
793 2620 947 2696 retorridi,
965 2619 1118 2698 Aethiopi-

88 2715 174 2760 socos
190 2698 306 2776 pinguis
320 2699 470 2779 lucemque
487 2719 546 2762 non
564 2703 711 2762 fundentis
725 2704 884 2766 convoluto
899 2705 968 2780 igne
984 2703 1134 2782 llagrsrc„

124 2779 305 2855 Callistratus
324 2784 470 2860 fulgorem
498 2786 665 2847 carbunculi
686 2787 797 2848 debere
822 2787 969 2848 candidum
993 2807 1060 2848 esse
1086 2797 1118 2848 ut
1185 2856 1187 2864 s

122 2867 236 2944 positus
264 2874 397 2928 extremo
425 2870 490 2928 risu
519 2870 669 2931 nubilante
695 2889 729 2932 re
759 2869 873 2932 attollat
905 2871 1117 2938 exardescente

122 2948 248 3027 iulgore.
284 2950 323 3010 ob
346 2949 376 3008 id
398 2949 531 3029 plerique
552 2953 627 3014 hunc
644 2944 845 3014 carbunculum
865 2954 1013 3015 candidum
1032 2972 1116 3016 voca·

124 3051 216 3108 vere,
249 3052 315 3094 eom
350 3034 398 3110 qui
430 3034 591 3112 languidius
621 3037 700 3098 lucet
731 3037 948 3113 ligayinoutem.
993 3035 1159 3106 Canobo-95

79 3116 227 3183 ¹serlonios
246 3117 337 3176 multo
353 3119 482 3178 minores
504 3137 592 3195 esse,
616 3119 732 3180 lndicos
754 3121 839 3180 etiam
856 3123 886 3182 in
901 3124 1011 3183 sextari
1035 3124 1116 3182 unius

121 3216 283 3261 mensumn
293 3203 398 3261 cavari.
413 3200 575 3263 Archelaus
584 3202 801 3266 Carchedonios
812 3205 950 3282 nigrioris
961 3205 1116 3284 nuperus

123 3301 208 3361 esec,
231 3284 284 3344 sed
308 3286 370 3362 igni
391 3283 439 3344 vel
460 3285 526 3345 sole
541 3287 776 3360 etinclinatione
791 3291 885 3348 acrius
900 3307 981 3368 quarn
996 3299 1115 3352 ceteros

122 3369 261 3447 excitari,
287 3369 408 3430 eosdem
431 3368 623 3433 obumbrante
642 3380 722 3432 tecto
744 3390 908 3452 purpureos
929 3375 1040 3452 videri,
1060 3373 1115 3434 sub
1226 3411 1230 3416 -
