2484 3817
161 128 223 192 tot
500 135 824 190 c.ru1n1enconn1
875 183 878 192 ,

159 291 380 357 errsdtadlnera
406 292 451 354 sni
479 290 1157 372 nurture·ur1uetn‚quotcarminaque
1225 287 1226 292 ’

114 389 214 447 ures
237 379 327 438 iurat.
366 374 455 438 iidem
478 376 650 455 plerumque
675 377 811 453 concavi,
833 383 865 436 ut
888 375 982 436 risum
1008 374 1158 453 colligant.

159 480 245 542 quan
271 461 311 521 ob
339 478 402 521 ιοιιι
427 460 549 521 decreto
578 459 725 520 hominum
750 461 787 520 iis
814 461 942 537 parcitur
966 457 1057 537 scalpi
1086 462 1160 522 veti·

149 549 216 622 tie,
236 561 406 624 qnamqm
429 543 631 620 Scythicorum
656 539 926 622 Aegyptiorumque
953 542 1058 604 duritia
1083 552 1161 604 tanta

73 684 78 693 ,
159 639 208 691 est
225 637 258 688 rt
271 646 331 688 non
345 636 453 707 queant
471 627 628 689 volnerari.
659 644 780 706 quorum
794 644 867 688 vero
884 643 991 704 corpus
1010 635 1179 690 extenturus

160 723 208 774 est
227 712 334 792 xcadem
349 729 406 790 gua
425 710 546 790 specula
565 712 680 772 ratione
700 712 796 788 supini
817 727 914 772 rerum
935 711 1076 787 imagines
1095 711 1161 772 red·

159 798 238 858 dunt.
277 795 358 856 Nero
381 797 519 874 princeps
532 795 723 872 gladiatorum
738 811 849 873 pugnas
865 793 1019 872 spectabat
1039 796 1070 854 ia
1086 811 1160 856 ama·
1226 807 1227 842 ι

232 899 260 942 o.

66 999 77 1018 s
115 881 311 1044 ῶηῄαῗ.)
331 965 449 1024 Genera
468 981 570 1024 eorum
590 962 758 1024 duodecim:
780 961 954 1024 nobilissimi
973 961 1100 1038 Scythici
1122 962 1157 1022 ab

113 1076 116 1083 ¹
160 1067 196 1110 ea
210 1056 301 1125 gente
314 1049 346 1111 in
359 1065 416 1124 apua
430 1048 617 1125 reperiuntur
628 1045 775 1125 appellati.
798 1045 884 1106 nullis
896 1045 989 1105 maior
1002 1048 1157 1108 austeritas
1168 1066 1188 1106 ιι

163 1151 221 1193 uec
244 1132 338 1189 minus
362 1131 424 1190 viti.
458 1138 593 1207 quantum
614 1130 759 1208 zmaragdi
785 1148 801 1190 a
823 1130 945 1207 gemmis
972 1130 1079 1190 distent
1101 1139 1161 1190 tnn-

160 1225 221 1276 tum
232 1212 385 1290 Scythicus
399 1230 416 1272 a
432 1214 541 1273 ceteris
557 1211 727 1291 smaragdis.
749 1229 917 1292 proxumam
928 1213 1041 1274 laudem
1053 1213 1162 1275 habent
1227 1229 1228 1234 ¹

160 1302 236 1359 sicut
248 1306 278 1357 et
288 1296 550 1358 sedemBactriani.
565 1297 596 1356 in
607 1299 796 1358 conmissuris
805 1315 941 1358 saxorum
949 1297 1093 1375 colligere
1107 1316 1161 1358 eos

160 1383 293 1442 dicuntur
312 1381 416 1442 etesiis
436 1380 584 1440 dantibus.
614 1388 681 1440 tunc
699 1382 775 1440 enim
790 1380 898 1441 tellure
917 1381 1058 1459 deoperto
1072 1383 1162 1442 iuter·

160 1467 271 1542 nitent,
287 1467 354 1544 quia
371 1466 409 1525 iis
425 1466 522 1526 ventis
544 1464 672 1525 harenae
687 1481 818 1524 muume
840 1473 1002 1526 moventur.
1036 1465 1091 1526 sed
1106 1465 1160 1526 hos
1171 1485 1191 1525 rs

159 1551 288 1611 minores
300 1550 390 1610 multo
404 1549 549 1626 Scythicis
560 1567 629 1609 esse
642 1547 764 1608 tradunt.
787 1549 903 1608 tertium
915 1549 1008 1608 locum
1017 1547 1160 1627 Aegyptii

160 1634 280 1710 hahent,
295 1642 435 1694 eruuntur
445 1634 523 1692 circa
533 1630 650 1711 Copton
662 1631 798 1710 oppidum
805 1630 961 1692 Thebaidis
973 1631 1099 1693 collibus
1112 1652 1161 1694 ex·
1228 1647 1229 1718 ι

116 1719 279 1783 eiuratio.
302 1717 416 1795 reliqua
431 1734 543 1793 genera
553 1718 585 1776 in
597 1716 724 1777 metallis
740 1717 861 1776 aerariis
878 1717 1071 1794 inveniuntur,
1093 1735 1161 1794 qua·
1228 1761 1229 1794 3

161 1809 285 1881 propter
298 1803 489 1879 principatum
503 1819 541 1861 ex
552 1802 588 1861 iis
600 1802 735 1878 optinent
750 1797 861 1878 Cyprii.
883 1799 937 1860 dos
953 1817 1054 1860 eorum
1070 1809 1118 1861 est
1131 1803 1161 1862 in
1228 1795 1229 1798 ’

162 1885 266 1945 colore
287 1884 413 1962 liquido,
433 1902 489 1944 nec
507 1883 618 1960 diluto,
641 1901 742 1944 uerum
758 1901 797 1944 ex
810 1883 906 1943 umido
924 1885 1025 1962 pingui
1046 1902 1192 1962 quaqueuo

163 1969 340 2048 perspicitur
354 1969 483 2027 imitante
502 1967 671 2027 tralucidum
681 1968 779 2044 maris,
799 1968 969 2046 pariterque
978 1975 1009 2028 ut
1021 1968 1162 2030 traluceat

162 2060 194 2112 et
220 2054 329 2127 niteat,
360 2051 418 2111 hoc
446 2059 493 2112 est
520 2060 552 2110 nt
577 2050 709 2111 colorem
736 2050 883 2128 expellat,
910 2053 1003 2112 aciem
1027 2053 1159 2130 recipiat.

162 2136 261 2211 ierunt
287 2136 317 2193 in
342 2152 379 2193 ea
402 2135 497 2195 insula
520 2134 631 2194 tumulo
655 2133 751 2212 reguli
772 2133 906 2204 Hermiae
932 2137 1012 2196 iuxta
1035 2138 1161 2198 cetarias

163 2234 327 2277 marmoreo
347 2217 426 2278 leoni
450 2219 544 2278 fuisse
570 2217 684 2300 inditos·
703 2217 805 2278 oculos
827 2237 846 2278 e
866 2219 1026 2296 zmaragdis
1052 2221 1092 2280 ita
1115 2237 1160 2280 ra·

162 2301 306 2361 diantibus
332 2302 419 2361 etiam
444 2303 474 2361 in
500 2304 663 2380 gurgitem,
688 2311 719 2362 ut
741 2303 838 2364 territi
858 2302 958 2379 thynni
978 2303 1190 2380 relegerentur

163 2385 213 2444 din
226 2383 395 2444 mirantibus
414 2387 573 2446 novitatem
591 2385 806 2464 piscatoribus,
821 2385 915 2447 donec
929 2395 1079 2448 mutauere
1093 2405 1162 2448 ocu·

163 2468 199 2528 lis
236 2486 353 2529 emmas.

119 2562 154 2618 67
214 2486 308 2629 g(18.)
329 2552 436 2613 Sedet
452 2553 522 2611 vitia
539 2551 732 2613 demonstrari
748 2554 885 2614 conuenit
907 2555 936 2614 iu
954 2562 1012 2616 tem
1027 2553 1161 2632 prodigis

164 2638 276 2715 pretiis.
312 2645 380 2696 sunt
392 2635 508 2714 quidem
527 2637 652 2695 omnium
665 2637 782 2713 eadem,
799 2637 939 2714 quaedam
955 2647 1050 2698 tanuen
1067 2641 1161 2699 natio

119 2717 121 2721 ’
163 2737 230 2781 num
251 2720 410 2797 peculiaria
430 2719 506 2780 sicut
527 2721 558 2778 in
577 2719 704 2780 homine.
743 2719 939 2799 ergoerprii
959 2723 1040 2782 uarie
1058 2721 1190 2798 glaucion

162 2804 314 2881 magisque
334 2822 369 2864 ac
382 2806 476 2863 minus
494 2804 524 2863 in
546 2803 651 2862 eodem
667 2803 821 2880 zmaragdo
843 2804 907 2866 aliis
929 2806 1059 2885 partibus
1075 2813 1160 2867 teno-

163 2904 226 2945 rem
242 2886 322 2946 illum
337 2886 490 2963 Scythicae
505 2889 686 2946 austeritatis
706 2905 765 2947 non
781 2906 899 2967 semper
910 2889 1093 2968 ,cusrodiant
1124 2891 1162 2950 ad

164 2967 221 3028 lrcc
235 2970 404 3047 quibusdam
416 2971 585 3031 intercurrit
598 2971 716 3049 umbra,
732 2971 893 3051 surdusque
909 2974 941 3032 lit
954 2973 1039 3032 colos
1053 2974 1101 3050 qui
1116 2975 1161 3035 iu·

120 3052 325 3129 eeprohatur,
346 3054 432 3112 etiam
448 3053 577 3118 dilutior.
611 3054 679 3114 hinc
692 3072 802 3132 genera
816 3055 1029 3134 distinguntur,
1049 3063 1078 3115 ut
1098 3058 1161 3118 sint

164 3134 251 3212 aliqui
272 3135 391 3196 obscuri
412 3155 488 3215 qnos
509 3148 615 3199 vocant
634 3156 756 3217 caecos,
775 3138 824 3199 alii
841 3139 924 3200 densi
944 3155 998 3200 nec
1013 3159 1034 3202 e
1047 3139 1191 3218 hqutdoo

164 3208 307 3293 tralucidi,
320 3222 391 3279 rarii
407 3220 520 3298 quidam
530 3221 673 3283 nubecula
688 3223 813 3284 obducti.
834 3222 909 3283 aliud
925 3231 972 3283 est
987 3222 1061 3284 lraec
1073 3241 1161 3302 quam

126 3316 151 3352 er
165 3299 264 3359 umbra
283 3301 321 3361 de
340 3320 395 3379 qua
412 3305 542 3366 diximus.
572 3306 714 3367 nubecula
728 3307 879 3368 albicantis
896 3314 943 3366 est
957 3304 1073 3385 uitium,
1094 3325 1161 3368 curu

163 3381 265 3441 vindis
280 3401 341 3444 non
359 3389 520 3465 pertransit
533 3388 706 3469 adspectus,
730 3391 784 3452 red
802 3399 850 3452 aut
867 3392 946 3452 intus
965 3393 1091 3454 occurrit
1110 3401 1162 3452 aut
