2484 3817
278 221 359 268 nso.
382 219 472 268 rursu.
496 219 579 268 xxv.
596 219 716 273 11-13.
739 210 894 288 (co-sa.)
1047 209 1093 275 93

91 377 168 438 elria.
206 373 406 449 'l'brpselinnm
430 383 475 432 cst
488 391 546 433 non
561 372 700 434 dissimile
713 376 792 452 apio.
829 376 913 437 lanius
923 376 1007 436 radix
1021 393 1091 437 corr·

91 459 265 520 mauducito
280 467 383 536 purgat
400 459 503 534 capitis
516 458 642 536 pituitas.

159 541 209 601 12.
241 541 323 618 (91.)
353 541 507 600 Oculorum
539 541 631 600 aciem
657 543 805 602 ceutamic
833 544 943 603 maiore
970 551 1072 621 putant
1083 553 1135 605 142

91 627 241 700 adiuvari,
262 625 286 684 si
302 622 396 684 addita
413 641 485 702 aqua
505 623 673 699 foveantur,
698 642 770 684 suco
791 643 862 686 vero
884 628 1004 687 minoris
1025 643 1092 685 cnm

70 709 182 770 smelle
199 707 318 782 culices,
336 706 504 783 nubeculas,
520 707 712 767 obscuritates
727 709 848 783 discuti,
870 711 1022 770 cicatrices
1039 727 1090 768 ex·

92 793 216 867 tenuari,
234 790 387 867 albugines
403 791 517 868 quidem
531 793 616 850 etiarn
630 793 819 850 iumentorum
836 791 995 852 sideritidc.
1025 809 1092 851 nam

94 876 259 936 chelidonia
279 891 367 952 supra
382 873 466 934 dictis
481 873 611 933 omnibus
626 876 696 934 mire
710 875 850 934 medetur.
882 874 1002 934 Panacis
1015 874 1092 935 radi·

93 977 159 1020 cem
176 976 241 1018 curn
256 957 376 1036 polenta
392 956 542 1035 epiphoris
562 959 711 1033 inponunt.
739 959 909 1033 hyoscyami
929 975 1030 1018 semen
1049 957 1092 1016 bi·

93 1044 163 1102 bunt
181 1041 287 1118 obolo,
310 1041 473 1100 tantundem
488 1042 602 1100 meconi
619 1041 778 1102 adicientes
796 1043 947 1119 vinumque
968 1041 1005 1101 ad
1030 1041 1091 1118 epi·

61 1144 85 1186 ro
95 1127 206 1206 phoras
237 1122 414 1184 inhibendas.
459 1126 596 1200 inungunt
625 1134 656 1184 et
683 1125 841 1186 Gentianae
871 1139 974 1184 sucum
1006 1139 1092 1201 quem

97 1209 232 1284 collyriis
249 1224 364 1286 quoquc
379 1207 538 1268 acrioribus
552 1224 606 1286 pro
624 1210 757 1268 meconio
771 1210 902 1268 miscent.
926 1210 997 1268 iacit
1012 1206 1137 1270 cla-143

93 1297 210 1354 ritatem
228 1299 259 1351 et
270 1290 478 1371 Euphorbeum
489 1292 624 1350 inunctis.
652 1292 806 1352 instillatur
818 1292 993 1370 plantaginis
1004 1307 1093 1350 sucus

93 1375 270 1456 lippitudini.
315 1375 455 1450 caligines
470 1374 659 1434 aristolochia
674 1374 804 1450 discutit,
827 1374 916 1436 iberis
932 1373 1091 1451 adalligata

94 1461 192 1537 capiti.
216 1457 442 1536 quinquefolium
458 1458 615 1536 epiphoras
630 1467 659 1517 et
674 1460 699 1519 si
714 1476 769 1537 qua
785 1460 813 1518 in
830 1459 924 1519 oculis
941 1459 1008 1518 vitia
1026 1463 1093 1516 sunt

60 1561 84 1602 1⁵
93 1542 239 1605 emendat.
268 1542 439 1601 verbascum
454 1541 605 1620 epiphoris
619 1543 776 1619 inponitur,
790 1544 973 1620 peristereos
990 1559 1028 1599 ex
1043 1557 1092 1599 ro·

92 1645 184 1688 sacco
202 1624 249 1684 vel
266 1634 360 1685 aceto.
396 1625 432 1684 ad
452 1624 631 1703 hypochysis
646 1633 675 1684 et
692 1625 845 1701 caliginem
860 1624 1043 1699 cyclaminum
1062 1623 1092 1681 in

91 1709 231 1791 pastillos
247 1709 367 1783 diluunt,
383 1707 543 1786 peucedani
558 1725 669 1782 sucum,
684 1717 715 1766 ut
726 1708 859 1780 diximus,
878 1707 913 1766 ad
927 1706 1086 1765 claritatem
1100 1724 1137 1761 rra

93 1805 124 1855 ct
142 1793 283 1869 caligines
298 1809 362 1850 cum
376 1793 509 1850 meconio
525 1800 554 1850 et
569 1807 704 1851 rosaceo.
731 1789 857 1868 psyllion
879 1789 988 1847 inlitum
1003 1786 1093 1846 ironti

94 1877 254 1956 epiphoras
268 1874 428 1953 suspendit.
998 1878 1000 1881 '

59 1978 88 2019 co
136 2006 139 2012 .
166 1959 215 2019 13.
238 1958 319 2037 (92.)
341 1957 510 2034 hnaqallida
527 1956 614 2034 aliqui
631 1955 794 2015 eorchoron
809 1962 924 2014 vocant.
948 1955 1006 2015 duo
1020 1973 1072 2033 ge·
1084 1965 1139 2020 144

98 2059 172 2102 nera
189 2042 262 2101 eiua:
276 2059 338 2100 mas
354 2041 427 2101 flore
443 2040 617 2120 phoeniceo,
635 2039 741 2099 lemine
757 2038 912 2112 cacruleo,
935 2055 993 2098 non
1009 2039 1094 2099 altio·

97 2143 148 2186 res
166 2123 274 2202 palmo,
298 2126 402 2184 frutice
416 2133 536 2199 tenero,
559 2123 638 2182 loliis
660 2122 772 2202 pusillis
792 2121 936 2197 rotundis,
965 2124 1093 2183 interra

97 2207 268 2270 iacentibus.
302 2217 458 2268 nascuntur
473 2208 501 2266 in
517 2207 607 2267 bortis
621 2215 651 2266 et
666 2207 794 2285 aquosis.
830 2207 910 2284 prior
924 2205 1011 2266 floret
1027 2223 1093 2267 eae-

99 2292 190 2352 rulea.
236 2292 384 2368 utriusque
415 2307 501 2350 sucus
526 2288 676 2350 oculorum
701 2289 855 2366 caliginem
881 2287 997 2349 discutit
1028 2307 1093 2349 cnm

62 2375 186 2434 aemulls
207 2383 236 2434 et
257 2391 295 2432 ex
319 2375 376 2433 ictu
395 2390 523 2434 cruorem
540 2382 569 2432 ct
583 2389 699 2450 argema
715 2372 838 2445 rubens,
854 2374 947 2448 magis
963 2391 1026 2432 cum
1041 2371 1094 2430 At·
1140 2396 1142 2399 ·

100 2458 157 2516 tieo
173 2456 262 2516 melle
278 2457 408 2514 inunctis.
439 2456 564 2534 pupillas
581 2455 695 2530 dilatat,
716 2463 745 2513 et
765 2455 834 2514 idco
850 2454 905 2514 lrac
918 2457 1095 2531 inunguntur

98 2539 553 2702 titt''tlttttilttit
568 2537 1095 2700 ,titillabitutilitia.

94 2707 167 2766 vino
183 2705 343 2766 conluatur.
377 2705 481 2764 bibitur
505 2713 534 2764 et
563 2714 662 2764 contra
687 2706 788 2780 anguis
811 2705 882 2763 suci·
900 2703 1036 2762 drachma
1062 2701 1093 2758 in

55 2813 86 2855 se
98 2791 182 2850 vino.
211 2789 311 2847 mirum
328 2788 405 2866 quod
419 2788 550 2846 feminam
568 2803 677 2866 pecora
693 2787 783 2846 vitant
803 2795 868 2862 aut,
902 2787 926 2844 si
947 2785 1072 2861 decepta
1086 2794 1139 2846 145

92 2873 283 2934 similitudine
296 2905 336 2916 —-
348 2872 419 2931 llore
428 2871 501 2930 enim
513 2879 618 2929 tanturn
627 2870 989 2947 distant—degustavere,
999 2867 1094 2926 statim

92 2973 164 3018 eam
178 2973 253 3034 quae
273 2955 352 3028 asyla
374 2954 535 3033 appellatur
556 2955 584 3012 in
605 2952 732 3012 remedia
755 2959 904 3032 quaerunt.
940 2971 956 3011 a
985 2952 1096 3008 nostris

90 3042 180 3102 ierus
195 3038 299 3100 oculus
315 3047 443 3097 vocatur.
476 3038 658 3116 praecipiunt
672 3036 760 3114 aliqui
776 3036 925 3096 effossuris
940 3041 1006 3094 ante
1022 3031 1096 3091 solis

90 3131 209 3197 ortum,
234 3122 399 3199 priusquam
416 3123 568 3198 quicquam
582 3118 659 3179 aliud
675 3119 844 3197 loquantur,
867 3115 993 3175 salutare
1018 3133 1094 3188 eam,

52 3229 80 3272 ss
92 3206 243 3270 sublatam
261 3205 440 3281 exprimere,
462 3206 500 3263 ita
515 3203 686 3280 praecipuas
701 3219 768 3260 esse
788 3199 878 3259 viris.
902 3197 947 3257 De
960 3197 1094 3278 Euphor·
1119 3255 1130 3276 .

87 3293 172 3354 beas
189 3305 260 3347 suco
277 3288 348 3346 satis
364 3287 467 3346 dietum
485 3295 540 3346 est.
584 3283 755 3363 lippitudini,
772 3285 796 3340 si
811 3291 905 3342 mmor
919 3283 984 3357 erit,
998 3280 1093 3341 absin·
1113 3300 1139 3334 a·

88 3377 187 3438 thium
206 3388 269 3430 oum
285 3369 374 3430 malle
389 3371 493 3445 tritum,
512 3371 578 3427 item
594 3362 870 3428 Vettonicaeiarina
887 3364 1050 3422 conveniet.

164 3455 248 3533 (93.)
277 3454 442 3532 Aegilopas
462 3459 542 3514 sanat
568 3450 658 3510 herba
683 3448 788 3508 eodem
814 3449 927 3505 nomine
949 3461 1024 3521 quae
1046 3444 1076 3500 in
1087 3452 1141 3505 1⁴6
