2484 3817
99 91 103 100 ¹
165 115 225 176 112
501 123 532 172 c.
548 123 646 172 sunu
664 123 812 172 sucorum

120 276 373 346 &Athenodorus
393 275 507 338 Rhodii.
552 277 686 338 similiter
706 275 849 338 Palatinas
873 276 975 360 domos
997 275 1151 338 Caesarum

164 362 320 440 replevere
354 361 566 439 probatissimis
599 361 692 438 signis
721 359 858 421 Craterus
885 377 947 422 curo
971 359 1150 438 Pythodoro,

164 445 345 522 Polydeuces
361 462 425 504 cum
434 441 608 521 Hermolao,
624 443 805 520 Pythodorna
820 443 893 503 aliu's
907 462 971 502 cum
980 444 1151 520 Artemone,

165 538 197 589 et
222 527 376 604 singularis
396 525 589 605 Aphrodisius
611 525 780 587 Trallianus.
825 526 975 604 Agrippae
995 525 1152 586 Pantheum

164 613 314 672 decoravit
335 609 486 687 Diogenes
506 609 713 687 Atheniensis,
739 610 929 670 incolumnis
960 610 1060 688 templi
1090 611 1170 671 eiust

101 762 105 776 ι
165 693 334 770 caryatides
355 693 514 771 probantur
526 695 603 753 iuter
622 711 719 770 pauca·
735 710 875 771 operum,
896 695 969 753 siout
991 695 1019 751 in
1034 693 1151 770 fastigio

163 780 261 857 posita
283 779 367 854 signa
389 776 442 836 sed
463 785 586 855 propter
604 776 782 836 altitudinem
801 777 860 836 loci
882 777 974 836 minus
996 777 1150 836 celebrata.

120 875 156 930 39
167 861 232 940 [12]
254 859 416 920 lnhouorus
436 869 483 920 est
505 878 562 920 nec
585 861 615 918 in
636 860 744 938 templo
768 860 828 919 ullo
848 858 991 920 llercules
1012 860 1047 936 ad
1068 877 1151 937 quem

164 945 255 1007 Poeni
276 943 408 1003 omnibus
430 944 512 1003 anuis
533 943 653 1002 humana
675 945 906 1004 sacrificaverant
925 945 1057 1019 victima,
1078 943 1152 1002 humi

164 1037 243 1090 stans
258 1035 326 1087 ante
340 1027 447 1087 aditum
458 1028 588 1104 porticus
603 1026 639 1086 ad
654 1028 796 1087 nationes.
833 1026 912 1086 Sitae
931 1026 1016 1086 fuere
1035 1035 1065 1086 et
1080 1026 1153 1086 The·
1163 1046 1185 1087 ro

162 1110 280 1190 spiades
308 1110 343 1170 ad
368 1109 469 1169 aedem
490 1109 667 1185 Felicitatis,
695 1127 813 1186 quarum
837 1128 920 1169 unam
939 1111 1042 1169 amavit
1063 1127 1153 1186 eques

163 1194 310 1255 Romanus
331 1193 428 1253 lunius
448 1192 626 1266 Pisciculus,
650 1200 680 1250 ut
704 1192 790 1252 tradit
811 1192 923 1269 Varro,
945 1193 1100 1254 admirator
1125 1202 1155 1254 et

165 1276 323 1353 Pasiteles,
342 1278 389 1353 qui
404 1284 434 1336 et
447 1277 573 1352 quinque
586 1274 730 1334 volumina
748 1278 866 1355 scripsit
880 1277 1019 1337 nobilium
1035 1295 1155 1355 operum

121 1363 196 1424 Attin
210 1369 273 1419 toto
289 1359 373 1422 orbe.
398 1358 489 1418 Natus
504 1358 552 1418 hic
566 1359 595 1416 in
608 1356 718 1418 Graeca
732 1358 835 1420 ltaliae
850 1378 902 1424 ora
917 1368 947 1419 et
961 1362 1080 1420 civitate
1095 1359 1154 1418 Ro·

165 1461 246 1504 mana
261 1433 382 1502 donatr'rs
395 1460 458 1501 cum
472 1443 509 1500 iis
524 1441 639 1519 oppidis
651 1441 752 1501 lovem
765 1443 835 1502 fecit
848 1444 988 1503 eboreum
1001 1446 1030 1502 iu
1040 1442 1154 1503 Metelli
1165 1468 1186 1506 ιι

166 1527 239 1588 aede
257 1544 313 1604 qua
334 1544 450 1604 campus
467 1527 586 1603 petitur.
621 1525 725 1585 accidit
741 1527 785 1602 ei,
807 1545 871 1586 cum
887 1530 917 1586 in
937 1526 1085 1587 navalibus
1105 1528 1155 1587 ubi

164 1613 245 1672 ferae
266 1609 420 1669 Africanae
443 1617 524 1667 erant
543 1626 599 1685 per
615 1627 731 1668 caveam
748 1611 863 1669 intuens
884 1610 999 1670 leonem
1016 1610 1157 1686 caelaret,

165 1702 197 1754 ut
218 1712 256 1753 ex
278 1693 334 1752 alia
349 1709 438 1752 cavea
451 1691 592 1769 panthera
605 1702 774 1771 erumperet
794 1711 852 1752 uon
868 1693 926 1754 levi
944 1693 1076 1770 periculo
1094 1693 1157 1753 dili-

164 1778 328 1854 gentissimi
349 1775 476 1834 artificis.
509 1777 619 1836 fecisse
650 1795 739 1855 opera
765 1776 903 1853 conplura
930 1776 1049 1853 dicitur,
1081 1795 1157 1855 quae

120 1871 154 1924 41
164 1861 272 1923 fecerit
292 1859 456 1918 nominatim
476 1875 534 1918 non
555 1861 691 1919 refertur.
743 1861 807 1939 [13]
834 1859 1015 1920 Arcesilaum
1038 1875 1190 1937 quoquere

163 1942 325 2020 magnificat
348 1940 461 2016 Varro,
481 1943 561 2000 cuius
589 1961 621 2000 se
649 1960 836 2002 marmoream
858 1943 994 2002 habuisse
1022 1944 1158 2003 leaenam

165 2026 352 2102 aligerosque
372 2022 499 2083 ludentis
519 2042 583 2083 cum
597 2043 633 2083 ea
650 2022 823 2109 Cupidines,
847 2042 966 2103 quorum
982 2026 1031 2085 alii
1048 2026 1158 2103 religa-

165 2119 222 2168 tam
242 2114 395 2182 tencrent,
421 2106 468 2165 alii
494 2125 584 2167 cornu
612 2116 753 2184 cogerent
775 2108 895 2186 bibere,
925 2109 971 2168 alii
998 2110 1158 2169 calciarent

166 2192 279 2267 soccis,
302 2192 393 2248 omnis
414 2208 452 2248 ex
475 2207 531 2249 uno
552 2189 657 2268 la'pide.
690 2191 767 2250 idem
782 2201 812 2251 et
827 2210 842 2252 a
859 2190 994 2270 Coponio
1007 2192 1091 2253 Xllll
1108 2212 1160 2253 na-

167 2276 263 2334 tiones
279 2290 353 2350 quae
371 2281 436 2332 sunt
452 2276 530 2334 circa
544 2272 713 2350 Pompeium
725 2274 815 2335 factas
834 2285 935 2336 auctor
950 2285 995 2337 est
1005 2277 1096 2356 ,fllll
1114 2279 1192 2337 ιιι-ιι

124 2376 154 2418 ιι,
167 2355 287 2416 torento
310 2364 340 2415 et
357 2354 517 2417 Canachum
535 2354 680 2415 laudatum
695 2361 770 2417 iuter
787 2361 942 2419 statuarios
957 2362 1065 2420 fecisse
1081 2379 1158 2420 mar-

122 2451 273 2502 tbmorea.
315 2457 369 2498 nec
388 2439 507 2499 Sauram
531 2447 618 2516 atque
637 2438 806 2500 Batrachum
835 2441 998 2502 oblitterari
1018 2447 1161 2504 convenit

165 2525 213 2599 qui
233 2524 333 2583 fecere
355 2523 461 2600 templa
481 2521 618 2582 Octaviae
646 2524 804 2601 porticibus
825 2525 933 2586 inclusa
958 2529 1077 2587 natione
1098 2530 1161 2607 ipsi

163 2603 305 2666 bacones.
342 2606 455 2682 quidam
475 2613 505 2664 et
526 2604 630 2683 opibus
651 2610 849 2686 praepotentis
869 2609 960 2670 fuisse
981 2629 1034 2671 eos
1052 2620 1161 2690 putant

166 2707 200 2749 ac
220 2708 271 2749 sua
297 2691 418 2767 inpensa
438 2690 636 2749 construxisse
663 2692 878 2769 inscriptionem
906 2697 1068 2772 sperantis,
1097 2714 1193 2774 quaec

166 2780 271 2848 negata
285 2772 342 2833 boc
356 2781 451 2844 tamen
466 2771 524 2829 alio
535 2772 620 2832 modo
637 2792 800 2850 usurpasse.
825 2785 889 2835 sunt
905 2779 1161 2838 certeetiamnum

164 2855 194 2913 in
215 2856 408 2916 columnarum
431 2855 516 2932 spiris
538 2856 680 2934 insculpta
699 2858 841 2917 nominum
862 2876 962 2920 eorum
981 2871 1159 2937 argumento

120 2938 278 3003 ⁴idlaccrta
299 2946 385 3015 atque
407 2957 484 2997 rana.
524 2938 553 2996 in
574 2938 652 2998 lovis
673 2938 745 2998 aede
766 2959 803 2999 ex
823 2943 858 3002 iis
872 2945 984 3020 pictura
998 2943 1160 3023 cultusque

165 3021 294 3099 reliquos
309 3022 399 3080 omnis
414 3022 545 3081 femineis
562 3023 735 3097 argumentis
750 3033 886 3102 constat,
909 3035 972 3085 erat
987 3027 1061 3086 enim
1077 3029 1162 3088 facta

164 3103 281 3194 lunoni,
292 3102 356 3179 sed,
371 3121 434 3164 cum
446 3106 619 3165 inferrentur
630 3106 723 3181 signa,
736 3116 914 3184 permutasse
925 3110 1020 3185 geruli
1037 3110 1160 3170 tradun-
1171 3130 1199 3170 es

165 3195 228 3262 tur,
244 3195 274 3246 et
289 3186 317 3244 id
332 3187 474 3264 religione
488 3187 659 3246 custoditum
678 3189 758 3248 velut
772 3191 842 3269 ipsis
859 3190 902 3252 dis
917 3193 1015 3252 sedern
1030 3194 1070 3254 ita
1087 3212 1162 3271 par-

165 3269 234 3328 titis.
270 3287 343 3346 ergo
366 3279 396 3329 et
417 3272 445 3328 in
457 3269 574 3330 lunonis
590 3271 663 3330 aede
683 3272 774 3334 cultus
793 3283 838 3333 est
860 3277 907 3352 qui
922 3275 1001 3335 lovis
1018 3294 1087 3336 esse
1105 3276 1163 3338 de-

165 3349 235 3411 buit.
281 3353 345 3431 [151
365 3352 436 3411 Sunt
455 3360 485 3411 et
507 3354 536 3412 in
557 3355 684 3431 parvolis
699 3358 866 3418 marmoreis
881 3357 984 3420 famam
999 3363 1164 3422 consecuti
