2484 3817
223 140 228 153 ‘
333 98 790 227 unr.·n1s.r.xxxvr.5.'(4.l
1003 147 1064 210 109

71 314 161 393 ditur,
181 315 265 376 facta.
296 333 352 401 nec
368 316 462 374 minor
480 333 519 374 ex
541 330 720 392 quacumque
741 321 825 392 parte
840 313 990 375 admiratio
1007 323 1062 376 est.

71 400 163 459 ierunt
178 416 276 460 amore
292 398 433 477 quendam
450 406 581 476 captum,
596 414 659 455 cum
675 396 841 458 delituisset
859 407 965 475 noctu,
980 399 1066 459 simu·

71 482 147 542 lacro
168 483 355 559 cohaesisse,
376 484 498 560 eiusque
514 479 680 559 cupiditatis
696 500 764 542 esse
779 480 904 541 indicem
917 482 1063 542 maculam.

71 566 138 626 Sunt
159 568 189 626 in
205 564 297 627 Cnido
322 575 352 627 et
372 566 427 625 alia
448 566 531 643 signa
551 581 711 624 marmorea
730 564 892 624 inlustrium
912 559 1061 642 artilicum,
1073 577 1108 629 Ὦ
1138 560 1142 568 ’

50 649 156 710 shiher
171 659 255 728 pater
270 650 422 727 Bryaxidis
438 645 468 709 et
483 649 558 708 alter
570 648 686 725 Scopae
703 657 733 708 et
744 647 886 724 lllinerva,
902 655 958 708 dec
974 652 1064 710 maius

70 734 142 794 aliud
152 734 280 795 Veneris
291 732 468 794 Praxiteliae
483 733 632 811 specimen
645 749 728 810 quam
740 730 818 808 quod
829 733 906 791 inter
918 731 991 793 haec
1002 734 1066 794 sola

68 827 248 878 memoratur.
293 817 432 878 Eiusdem
460 825 506 876 est
531 825 561 876 et
587 813 700 893 Cupido
723 815 857 875 obiectus
880 833 897 876 a
919 814 1063 876 Cicerone
1179 889 1182 897 ,

68 899 173 977 Verri,
201 901 252 961 ille
281 911 405 980 propter
431 919 516 978 quem
543 899 690 977 Thespiae
715 899 902 977 visebantur,
935 919 1010 959 nunc
1037 903 1065 959 in

69 983 204 1045 Octaviae
227 984 336 1045 scholis
359 986 481 1063 positus.
519 982 651 1054 eiusdem
675 991 705 1042 et
727 983 803 1042 alter
826 982 917 1042 nudus
934 985 963 1042 in
978 983 1064 1043 Pario
1118 995 1126 1024 ³

35 1068 183 1130 1ocolouia
197 1068 396 1146 Propontidis,
411 1086 464 1146 par
475 1066 586 1127 Veneri
602 1065 721 1126 Cnidiae
736 1066 890 1127 nobilitate
905 1076 936 1127 et
951 1069 1065 1144 iniuria,

70 1151 208 1211 adamavit
230 1154 305 1212 enim
321 1151 443 1212 Alcetas
459 1151 590 1211 Rhodius
609 1159 696 1228 atque
717 1153 746 1209 in
772 1168 809 1210 eo
833 1168 950 1228 quoque
971 1151 1065 1211 simile

69 1237 173 1294 amoris
201 1237 358 1313 vestigium
383 1235 509 1312 reliquit.
553 1234 665 1294 Romae
684 1233 841 1294 Praxitelis
877 1252 967 1312 opera
997 1244 1109 1302 sunt23

69 1319 172 1394 Flora,
188 1319 402 1398 Triptolemus,
419 1316 512 1378 Ceres
528 1320 556 1378 in
572 1318 667 1378 hortis
683 1317 872 1394 Servilianis,
886 1317 959 1379 Boni
978 1338 1067 1379 even·

69 1413 113 1462 tus
130 1411 160 1462 et
173 1402 271 1463 Bonae
286 1403 420 1463 fortunae
434 1402 586 1462 simulacra
601 1404 632 1461 in
647 1399 811 1480 Capitolio,
827 1404 895 1461 item
909 1401 1065 1463 Maenades

33 1507 59 1547 15
70 1494 99 1546 et
115 1504 185 1564 quas
201 1487 344 1564 Thyiadas
359 1496 466 1546 vocant
483 1495 513 1545 et
531 1485 718 1562 Caryatidas,
734 1494 764 1544 et
780 1484 871 1544 Sileni
888 1488 917 1544 in
933 1486 1064 1546 Polionis

69 1570 149 1629 Asini
174 1573 377 1648 monimentis,
400 1579 430 1630 et
448 1570 559 1647 Apollo
580 1578 610 1629 et
632 1568 793 1646 Neptunus.
839 1569 882 1647 [d]
905 1569 1061 1630 Praxitelis
1074 1581 1109 1635 24

67 1655 143 1714 filius
163 1653 380 1732 Cephisodotus
404 1663 434 1713 et
455 1655 525 1711 artis
547 1651 636 1711 heres
658 1653 720 1711 luit.
756 1655 837 1712 cuius
860 1651 1003 1713 laudatum
1020 1663 1065 1714 est

19 1765 27 1779 τ
67 1738 200 1814 Pergami
220 1737 400 1815 symplegma
416 1735 516 1794 nobile
535 1735 634 1811 digitis
650 1738 768 1813 corpori
783 1738 882 1796 verius
899 1756 982 1815 quam
992 1757 1065 1797 mar-

67 1824 140 1880 mori
155 1823 306 1898 inpressis.
343 1819 454 1878 Romae
470 1821 533 1877 eius
550 1836 642 1896 opera
660 1827 725 1878 sunt
739 1818 849 1880 latona
863 1823 893 1879 in
906 1821 997 1882 Palati
1017 1823 1066 1882 de·

32 1905 167 1981 aolubro,
184 1902 285 1964 Venus
301 1902 473 1962 inl'olionis
490 1902 574 1962 Asini
590 1905 774 1963 monimentis
792 1913 821 1964 et
834 1906 909 1964 intra
925 1905 1064 1966 Octaviae

69 1990 199 2066 porticus
216 1990 244 2046 in
262 1987 381 2046 lunonis
397 1986 470 2046 aede
483 1987 679 2064 Aesculapius
690 2006 724 2047 ac
735 1987 836 2048 ¹Diana.
882 1990 925 2069 [7]
949 1990 1062 2069 Scopae
1073 2001 1107 2054 25

68 2073 131 2138 laus
157 2089 220 2130 cum
241 2070 286 2130 his
306 2079 410 2130 certat.
446 2074 471 2130 is
493 2072 564 2130 iecit
582 2069 731 2131 Venerem
753 2081 784 2131 et
797 2072 931 2148 Pothon,
951 2075 999 2151 qui
1016 2074 1066 2134 Sa·
1156 2115 1160 2130 .

67 2155 218 2215 mothrace
239 2156 428 2215 sanctissimis
445 2157 628 2215 caerimoniis
644 2155 794 2233 coluntur,
813 2159 883 2216 item
897 2158 1065 2236 Apollinem

67 2239 243 2316 Palatinum,
269 2237 389 2299 Vestam
412 2239 563 2299 sedentem
582 2239 724 2299 laudatam
741 2243 770 2298 in
786 2241 957 2301 Servilianis
972 2241 1065 2302 hortis

30 2324 202 2403 aeduosque
221 2324 377 2402 lampteras
402 2325 481 2382 circa
501 2341 581 2400 eam,
606 2340 728 2400 quorum
748 2341 833 2401 pares
853 2327 883 2384 in
903 2325 988 2385 Asini
1005 2343 1065 2385 mo·

32 2409 35 2416 '
68 2410 204 2466 nimentis
228 2416 309 2482 sunt,
330 2407 378 2467 ubi
403 2415 433 2467 et
454 2406 638 2484 canephoros
654 2405 792 2467 eiusdem.
822 2408 875 2468 sed
891 2411 920 2468 ln
933 2421 1107 2476 maxumam

68 2490 244 2569 dignatione,
261 2490 384 2551 delubro
407 2489 460 2550 Cn.
483 2490 590 2550 Domiti
609 2493 639 2549 in
659 2488 739 2551 circo
758 2492 897 2552 Flaminio
913 2491 1064 2571 Neptunus

68 2577 137 2652 ipse
160 2583 190 2633 et
205 2573 306 2634 Thetis
327 2584 415 2655 atque
432 2574 581 2652 Achilles,
606 2573 750 2635 Nereides
766 2594 853 2654 supra
867 2576 1020 2653 delphinos
1034 2587 1065 2637 et

68 2667 137 2718 cete
160 2666 207 2717 aut
227 2657 436 2738 hippocampos
464 2658 620 2734 sedentes,
647 2660 716 2730 item
737 2659 874 2719 Tritones
899 2659 1063 2739 chorusque
1092 2716 1095 2726 ,

30 2765 59 2806 ao
69 2741 177 2801 Phorci
199 2750 229 2801 et
249 2743 386 2818 pistrices
409 2761 442 2802 ac
462 2742 551 2801 multa
575 2742 631 2802 alia
660 2745 784 2817 marina,
814 2744 909 2802 omnia
935 2744 1062 2806 eiusdem

68 2824 172 2902 manu,
188 2824 370 2903 praeclarum
387 2843 477 2902 opus,
493 2828 578 2885 etiam
597 2827 622 2885 si
642 2828 732 2886 totius
747 2828 826 2886 vitae
841 2827 954 2887 luisset.
988 2849 1062 2889 nunc

68 2927 146 2969 vero
162 2917 281 2988 praeter
296 2926 384 2986 supra
407 2908 483 2968 dicta
505 2927 638 2987 quaeque
659 2912 802 2970 nescimus
818 2909 895 2970 lilars
912 2913 1063 2972 etiamnum

69 3001 120 3053 est
131 2992 236 3052 sedens
249 2991 430 3052 colossiaeus
442 2992 571 3052 eiusdem
585 3012 669 3053 manu
681 2997 710 3054 in
722 2993 831 3070 templo
842 2993 922 3054 Bruti
936 2993 1063 3057 Callaeci

67 3077 148 3154 apud
168 3075 427 3153 circumeundam,
448 3085 603 3154 praeterea
617 3075 717 3136 Venus
732 3078 762 3136 in
781 3078 884 3138 eodem
903 3079 971 3142 loco
990 3079 1063 3140 nuda

28 3184 56 3226 as
67 3159 257 3220 Praxiteliam
268 3159 346 3219 illam
358 3158 534 3219 antecedens
548 3170 578 3220 et
590 3178 797 3238 quemcumque
809 3161 893 3221 alium
903 3163 998 3223 locum
1012 3180 1063 3222 no·

67 3242 229 3304 bilitatura.
251 3244 295 3323 [81
307 3243 418 3304 Romae
432 3243 546 3323 quidem
559 3243 710 3308 multitudo
726 3262 857 3323 operum,
873 3249 958 3306 etiam
973 3247 1058 3308 oblit-
1069 3258 1104 3315 At

68 3329 181 3388 teratio
203 3345 236 3387 ac
254 3329 345 3407 magis
366 3327 527 3388 ciliciorum
546 3331 788 3406 negotiorumque
809 3333 907 3390 acervi
931 3333 1022 3391 omnis
1045 3351 1062 3392 a

67 3411 318 3491 contemplatione
343 3419 438 3473 tamen
459 3410 619 3489 abducunt,
647 3415 780 3491 quoniam
802 3416 962 3475 otiosorum
981 3425 1012 3476 et
1032 3417 1062 3476 in
