2484 3817
177 112 219 176 80
521 118 826 170 cernuusncnum

178 297 252 358 que,
267 295 327 338 non
340 275 435 336 solum
451 275 641 351 conitentes,
664 282 695 334 et
709 272 765 332 alia
779 271 867 332 multa
882 270 1030 349 graphidis
1044 273 1176 350 vestigia

179 363 338 422 exstantia
352 359 456 420 tabulis
471 376 505 418 ac
519 357 694 418 membranis
706 358 785 432 eius,
803 355 958 434 exquibus
973 354 1124 432 prolicere
1137 357 1176 416 di·

177 453 281 505 cuntur
292 443 427 504 artifices.
442 445 536 503 minor
547 440 761 501 tamenvidetur
773 439 829 500 sibi
841 447 1013 516 conparatus
1025 440 1054 498 ia
1068 439 1175 500 mediis

136 539 170 594 69
180 528 353 608 corporibus
374 525 578 606 exprimendis.
617 526 708 602 pinxit
726 522 831 583 demon
846 521 1067 582 Atheniensium
1089 541 1175 600 argu-

177 621 275 672 mento
292 629 409 692 quoque
427 612 591 688 ingenioso.
630 607 804 668 ostendebat
827 625 949 686 namque
966 607 1096 683 varium,
1119 609 1193 670 ira-⁵

178 696 315 774 caudam,
334 697 486 772 iniustum,
506 697 733 768 inconstantem,
755 692 877 751 cundem
893 689 1092 767 exorabilem,
1116 692 1174 752 cle·
1225 705 1226 710 ’

178 788 319 856 mentem,
331 779 565 853 misericordem,
578 777 756 854 gloriosum,
772 774 920 834 excelsum
931 772 1083 850 humilem,
1096 775 1176 835 iero·

178 882 240 924 cem
258 865 446 941 fugacemque
463 871 493 923 et
511 862 605 922 omnia
624 862 745 938 pariter.
791 858 867 919 idem
883 859 976 936 pinxit
993 865 1024 916 ct
1046 856 1175 937 Thesea,

178 966 251 1026 quae
267 946 378 1008 Romae
398 948 429 1005 in
444 944 589 1024 Capitolio
605 946 677 1021 luit,
694 953 725 1004 et
740 942 910 1002 nauarchum
926 941 1121 1018 thoracatum,
1146 954 1176 1005 et

178 1034 208 1091 in
222 1049 277 1090 una
294 1031 405 1106 tabula,
420 1048 494 1108 quae
513 1038 560 1089 est
573 1027 687 1105 Rhodi,
708 1027 903 1104 Meleagrum,
919 1024 1092 1103 Herculem,
1107 1026 1202 1090 Per-10

177 1133 236 1176 sea.
267 1114 341 1172 haec
356 1113 397 1171 ibi
412 1121 458 1172 ter
470 1113 589 1172 fulmine
602 1112 732 1172 ambusta
743 1129 839 1188 neque
855 1110 1023 1170 oblitterata
1034 1109 1092 1170 hoc
1107 1113 1175 1190 ipso
1226 1127 1227 1168 i

134 1208 170 1264 70
180 1195 345 1257 miraculum
368 1203 465 1271 auget.
508 1197 602 1272 pinxit
626 1203 656 1256 et
677 1193 893 1271 Archigallum‚
922 1211 1007 1272 quam
1032 1197 1175 1272 picturam
1226 1219 1227 1246 1

176 1280 282 1340 amavit
300 1277 435 1338 Tiberius
457 1280 594 1358 princeps
616 1287 719 1356 atque,
738 1286 769 1337 ut
784 1286 885 1338 auctor
903 1285 949 1337 est
965 1276 1100 1354 Deculo,
1117 1278 1173 1339 HS.

177 1358 241 1447 ΙῙῙΧΙ
266 1364 445 1422 aestimatam
462 1361 596 1422 cubiculo
615 1379 669 1420 suo
685 1361 809 1422 inclusit.
857 1363 950 1439 pinxit
968 1370 998 1420 et
1016 1360 1174 1422 Thressam

177 1448 319 1508 nutricem
337 1447 533 1524 infantemque
548 1446 578 1504 in
597 1445 726 1506 manibus
743 1447 805 1505 eius
823 1453 853 1505 et
870 1444 1024 1505 Philiscum
1039 1454 1070 1505 et
1088 1445 1199 1508 Libe-c

177 1550 240 1591 rum
254 1539 366 1610 patrem
381 1529 512 1590 adstante
531 1529 666 1606 Virtute,
683 1537 712 1589 et
727 1547 835 1608 pueros
852 1529 925 1589 duos
941 1529 1092 1608 inquibus
1107 1549 1175 1609 spe·

177 1624 270 1675 ctatur
291 1615 434 1675 securitas
456 1617 607 1675 etaetatis
629 1613 816 1692 simplicitas,
835 1615 905 1673 item
923 1612 1108 1674 sacerdotem
1127 1615 1175 1676 ad-

135 1709 166 1765 ll
180 1708 275 1760 stante
296 1716 390 1776 puero
408 1716 473 1757 cum
492 1716 594 1759 acerra
617 1707 647 1760 et
663 1717 780 1760 corona.
820 1706 932 1758 suntet
952 1697 1024 1758 duae
1039 1701 1174 1776 picturae

177 1786 239 1844 eius
259 1782 474 1859 nobilissimae,
489 1781 617 1862 hoplites
632 1785 661 1842 iu
676 1783 833 1844 certamine
847 1784 887 1842 ita
903 1781 1062 1842 decurrens
1077 1791 1111 1842 ut
1127 1804 1175 1844 su·

177 1868 247 1928 dare
264 1867 411 1942 rideatur,
433 1865 507 1926 alter
530 1885 606 1926 arma
631 1867 781 1946 deponens
807 1875 838 1926 ut
861 1864 997 1926 anhelare
1017 1869 1203 1928 sontiatuma

176 1951 326 2012 laudantur
348 1949 512 2010 ethereas
532 1948 694 2028 Castorque
712 1968 746 2010 ac
763 1950 868 2010 Pollux
888 1952 918 2009 in
939 1948 1041 2010 eadem
1061 1951 1175 2029 tabula,

176 2038 246 2095 item
266 2031 432 2111 Telephus,
455 2032 604 2110 Achilles,
632 2034 848 2111 Agamemnon,
868 2031 982 2100 Ulixes.
1028 2034 1174 2096 fecundus

111 2189 117 2195 ,
176 2119 301 2193 artilex,
323 2115 375 2176 sed
392 2133 450 2194 quo
467 2135 551 2178 nemo
567 2117 739 2178 insolentius
761 2118 805 2196 [et
824 2119 1017 2196 arrogantius}
1040 2135 1110 2178 usus
1135 2121 1175 2179 sit

177 2202 273 2280 gloria
291 2201 380 2276 artis,
403 2219 524 2279 namque
545 2209 575 2261 et
592 2203 764 2278 cognomina
785 2203 933 2281 usurpavit
952 2201 1176 2264 habrodiaetum

177 2306 212 2346 se
229 2283 401 2362 adpellaudo
416 2285 679 2362 aliisqueversibus
696 2287 855 2363 principem
871 2286 941 2346 artis
957 2295 988 2346 et
1002 2303 1065 2346 eam
1082 2287 1122 2347 ab
1139 2307 1175 2348 se
1185 2307 1207 2346 aa

177 2375 411 2444 consummatam,
427 2386 516 2448 super
528 2370 621 2428 omnia
631 2367 777 2446 Apollinis
790 2389 824 2430 se
838 2368 936 2430 radice
952 2378 1045 2429 ortum
1056 2379 1088 2430 et
1098 2369 1176 2432 ller-

178 2453 288 2529 culera,
312 2452 360 2528 qni
386 2460 432 2512 est
447 2451 546 2529 Lindi,
566 2452 653 2513 talem
674 2471 692 2513 a
711 2473 744 2514 se
765 2454 870 2533 pictum
892 2453 1005 2531 qualem
1026 2471 1122 2533 saepe
1145 2459 1177 2517 iu

135 2547 170 2602 lt
181 2539 278 2616 quiete
292 2535 422 2596 vidisset.
455 2554 529 2612 ergo
539 2538 649 2613 magnis
664 2537 809 2613 suffragiis
822 2545 1003 2613 superatusa
1018 2536 1177 2600 Timanthe

178 2621 254 2680 Sami
267 2622 296 2679 in
310 2618 400 2680 Aiace
416 2637 614 2697 armorumque
628 2621 734 2682 iudicio
749 2619 848 2680 herois
862 2623 977 2682 nomine
993 2640 1027 2681 se
1041 2621 1177 2685 moleste

178 2707 259 2783 lepre
275 2703 389 2763 dicebat
405 2702 481 2780 quod
495 2704 599 2763 iterum
613 2705 650 2765 ab
664 2705 782 2781 indigno
800 2705 891 2764 victus
907 2714 999 2765 esset.
1029 2707 1127 2784 pinxit
1143 2716 1206 2770 eta

177 2787 336 2848 minoribus
347 2787 463 2848 tabellis
478 2786 628 2864 libidines,
644 2806 681 2848 eo
695 2805 807 2864 genere
822 2789 978 2866 petulantis
1000 2789 1058 2850 ioci
1073 2810 1112 2852 se
1125 2809 1176 2852 re·

136 2882 172 2938 73
182 2873 293 2933 ticieus.
326 2871 369 2950 [6]
386 2870 457 2930 Nam
471 2870 611 2930 Timanthi
626 2871 674 2932 vel
689 2871 847 2948 plurumum
861 2873 950 2934 adluit
964 2875 1072 2950 ingeni.
1107 2877 1175 2937 eius

179 2958 255 3016 enim
270 2964 316 3017 est
332 2954 482 3033 Iphigenia
501 2962 647 3016 oratorum
667 2954 796 3016 laudibus
812 2956 978 3034 celebrata,
1000 2975 1055 3034 qua
1071 2967 1175 3020 stante

179 3040 216 3100 ad
229 3059 294 3100 aras
310 3040 438 3116 peritura
449 3037 522 3099 'cum
537 3035 666 3100 maestos
683 3040 827 3117 pinxisset
844 3042 935 3101 omnis
949 3042 1175 3122 praecipueque

180 3120 327 3201 patruum,
350 3129 381 3182 et
400 3124 535 3183 tristitiae
554 3140 668 3184 omnem
687 3124 839 3200 imaginem
852 3125 1100 3201 consumpsisset,
1123 3144 1206 3209 pass

180 3208 233 3265 tris
246 3207 337 3283 ipsius
351 3203 460 3264 voltum
474 3206 582 3268 velavit
595 3224 680 3284 quem
693 3206 780 3284 digne
795 3225 852 3268 aon
866 3215 983 3285 poterat
997 3209 1173 3272 ostendere.

139 3297 248 3352 tasum
260 3295 290 3346 et
305 3287 361 3347 alia
374 3289 473 3365 ingeni
489 3291 552 3350 eius
564 3290 713 3369 exempla,
730 3289 818 3349 veluti
835 3287 961 3369 Cyclops
975 3289 1126 3353 dormiens
1140 3293 1174 3354 iu

181 3370 301 3448 parvola
309 3370 434 3448 tabella,
445 3373 525 3432 cuius
537 3381 567 3433 et
582 3374 626 3433 sic
636 3372 856 3451 magnitudinem
867 3375 1032 3452 exprimere
1043 3377 1174 3454 cupiens

1226 1172 1228 1209 l
