<?xml version="1.0" encoding="UTF-8"?>
<!DOCTYPE html PUBLIC "-//W3C//DTD XHTML 1.0 Transitional//EN"
    "http://www.w3.org/TR/xhtml1/DTD/xhtml1-transitional.dtd">
<html xmlns="http://www.w3.org/1999/xhtml" xml:lang="en" lang="en">
 <head>
  <title>
</title>
<meta http-equiv="Content-Type" content="text/html;charset=utf-8" />
  <meta name='ocr-system' content='tesseract 3.04.00' />
  <meta name='ocr-capabilities' content='ocr_page ocr_carea ocr_par ocr_line ocrx_word'/>
</head>
<body>
  <div class='ocr_page' id='page_1' title='image "./cplinisecundina24plingoog_0249.png"; bbox 0 0 2484 3817; ppageno 0'>
   <div class='ocr_carea' id='block_1_1' title="bbox 242 168 1080 237">
    <p class='ocr_par' dir='ltr' id='par_1_1' title="bbox 242 168 1080 237">
     <span class='ocr_line' id='line_1_1' title="bbox 242 168 1080 237; baseline 0.011 -16"><span class='ocrx_word' id='word_1_1' title='bbox 242 199 244 205; x_wconf 68' lang='lat'><strong>,</strong></span> <span class='ocrx_word' id='word_1_2' title='bbox 321 168 848 237; x_wconf 76' lang='lat' dir='ltr'><strong>uan.n1sn.xxvu1.e.(18—30.)</strong></span> <span class='ocrx_word' id='word_1_3' title='bbox 1021 168 1080 230; x_wconf 79' lang='lat'><strong>171</strong></span> 
     </span>
    </p>
   </div>
   <div class='ocr_carea' id='block_1_2' title="bbox 96 296 1082 409">
    <p class='ocr_par' dir='ltr' id='par_1_2' title="bbox 96 296 1082 409">
     <span class='ocr_line' id='line_1_2' title="bbox 96 296 1082 409; baseline 0.004 -22"><span class='ocrx_word' id='word_1_4' title='bbox 96 324 236 387; x_wconf 89' lang='lat' dir='ltr'><strong>bracchio</strong></span> <span class='ocrx_word' id='word_1_5' title='bbox 244 327 501 389; x_wconf 88' lang='lat' dir='ltr'><strong>contralatrocioia</strong></span> <span class='ocrx_word' id='word_1_6' title='bbox 511 296 699 406; x_wconf 87' lang='lat' dir='ltr'><strong>terroresque</strong></span> <span class='ocrx_word' id='word_1_7' title='bbox 710 338 866 391; x_wconf 85' lang='lat' dir='ltr'><strong>nocturnos</strong></span> <span class='ocrx_word' id='word_1_8' title='bbox 877 330 1003 409; x_wconf 89' lang='lat' dir='ltr'><strong>pollere,</strong></span> <span class='ocrx_word' id='word_1_9' title='bbox 1014 330 1082 391; x_wconf 87' lang='lat' dir='ltr'><strong>item</strong></span> 
     </span>
    </p>
   </div>
   <div class='ocr_carea' id='block_1_3' title="bbox 7 410 1138 3546">
    <p class='ocr_par' dir='ltr' id='par_1_3' title="bbox 7 410 1138 3546">
     <span class='ocr_line' id='line_1_3' title="bbox 96 410 1082 491; baseline 0.001 -20"><span class='ocrx_word' id='word_1_10' title='bbox 96 411 227 471; x_wconf 77' lang='lat' dir='ltr'><strong>dextram</strong></span> <span class='ocrx_word' id='word_1_11' title='bbox 246 410 396 470; x_wconf 89' lang='lat' dir='ltr'><strong>mamillam</strong></span> <span class='ocrx_word' id='word_1_12' title='bbox 417 422 518 471; x_wconf 89' lang='lat' dir='ltr'><strong>contra</strong></span> <span class='ocrx_word' id='word_1_13' title='bbox 536 413 703 473; x_wconf 77' lang='lat' dir='ltr'><strong>formidines</strong></span> <span class='ocrx_word' id='word_1_14' title='bbox 721 430 919 491; x_wconf 72' lang='lat' dir='ltr'>pavoresque,</span> <span class='ocrx_word' id='word_1_15' title='bbox 939 414 1082 473; x_wconf 87' lang='lat' dir='ltr'><strong>sinistrum</strong></span> 
     </span>
     <span class='ocr_line' id='line_1_4' title="bbox 95 493 1081 573; baseline 0.004 -20"><span class='ocrx_word' id='word_1_16' title='bbox 95 511 169 553; x_wconf 84' lang='lat' dir='ltr'><strong>vero</strong></span> <span class='ocrx_word' id='word_1_17' title='bbox 184 493 289 571; x_wconf 90' lang='lat' dir='ltr'><strong>pedem</strong></span> <span class='ocrx_word' id='word_1_18' title='bbox 304 497 408 553; x_wconf 90' lang='lat' dir='ltr'><strong>torreri</strong></span> <span class='ocrx_word' id='word_1_19' title='bbox 425 496 454 553; x_wconf 92' lang='lat' dir='ltr'><strong>in</strong></span> <span class='ocrx_word' id='word_1_20' title='bbox 471 494 554 555; x_wconf 79' lang='lat' dir='ltr'><strong>furno</strong></span> <span class='ocrx_word' id='word_1_21' title='bbox 570 513 633 554; x_wconf 90' lang='lat' dir='ltr'><strong>cum</strong></span> <span class='ocrx_word' id='word_1_22' title='bbox 647 496 737 557; x_wconf 83' lang='lat' dir='ltr'><strong>herba</strong></span> <span class='ocrx_word' id='word_1_23' title='bbox 753 514 825 573; x_wconf 89' lang='lat' dir='ltr'><strong>quae</strong></span> <span class='ocrx_word' id='word_1_24' title='bbox 839 514 931 573; x_wconf 91' lang='lat' dir='ltr'><strong>aeque</strong></span> <span class='ocrx_word' id='word_1_25' title='bbox 951 498 1081 557; x_wconf 90' lang='lat' dir='ltr'><strong>chamae·</strong></span> 
     </span>
     <span class='ocr_line' id='line_1_5' title="bbox 96 577 1082 657; baseline 0.001 -20"><span class='ocrx_word' id='word_1_26' title='bbox 96 578 165 637; x_wconf 90' lang='lat' dir='ltr'><strong>leon</strong></span> <span class='ocrx_word' id='word_1_27' title='bbox 179 586 319 651; x_wconf 79' lang='lat' dir='ltr'><strong>vocetur,</strong></span> <span class='ocrx_word' id='word_1_28' title='bbox 342 577 497 655; x_wconf 85' lang='lat' dir='ltr'><strong>additoque</strong></span> <span class='ocrx_word' id='word_1_29' title='bbox 512 588 657 655; x_wconf 89' lang='lat' dir='ltr'><strong>unguento</strong></span> <span class='ocrx_word' id='word_1_30' title='bbox 680 579 813 657; x_wconf 90' lang='lat' dir='ltr'><strong>pastillos</strong></span> <span class='ocrx_word' id='word_1_31' title='bbox 836 597 888 639; x_wconf 90' lang='lat' dir='ltr'><strong>eos</strong></span> <span class='ocrx_word' id='word_1_32' title='bbox 908 582 936 639; x_wconf 86' lang='lat' dir='ltr'><strong>in</strong></span> <span class='ocrx_word' id='word_1_33' title='bbox 957 580 1082 656; x_wconf 89' lang='lat' dir='ltr'><strong>ligneum</strong></span> 
     </span>
     <span class='ocr_line' id='line_1_6' title="bbox 74 660 1082 739; baseline 0.004 -24"><span class='ocrx_word' id='word_1_34' title='bbox 74 676 148 719; x_wconf 79' lang='lat' dir='ltr'><strong>cras</strong></span> <span class='ocrx_word' id='word_1_35' title='bbox 165 660 298 720; x_wconf 90' lang='lat' dir='ltr'><strong>conditos</strong></span> <span class='ocrx_word' id='word_1_36' title='bbox 314 670 474 737; x_wconf 85' lang='lat' dir='ltr'><strong>praestare,</strong></span> <span class='ocrx_word' id='word_1_37' title='bbox 491 662 516 719; x_wconf 92' lang='lat' dir='ltr'><strong>si</strong></span> <span class='ocrx_word' id='word_1_38' title='bbox 530 662 687 736; x_wconf 90' lang='lat' dir='ltr'><strong>credimus,</strong></span> <span class='ocrx_word' id='word_1_39' title='bbox 703 680 740 720; x_wconf 91' lang='lat' dir='ltr'><strong>ne</strong></span> <span class='ocrx_word' id='word_1_40' title='bbox 756 671 888 721; x_wconf 77' lang='lat' dir='ltr'><strong>cernatur</strong></span> <span class='ocrx_word' id='word_1_41' title='bbox 905 662 940 722; x_wconf 89' lang='lat' dir='ltr'><strong>ab</strong></span> <span class='ocrx_word' id='word_1_42' title='bbox 956 664 1020 722; x_wconf 87' lang='lat' dir='ltr'><strong>aliis</strong></span> <span class='ocrx_word' id='word_1_43' title='bbox 1035 663 1082 739; x_wconf 93' lang='lat' dir='ltr'><strong>qui</strong></span> 
     </span>
     <span class='ocr_line' id='line_1_7' title="bbox 95 742 1124 809; baseline 0.003 -5"><span class='ocrx_word' id='word_1_44' title='bbox 95 742 210 809; x_wconf 86' lang='lat' dir='ltr'><strong>habeat.</strong></span> <span class='ocrx_word' id='word_1_45' title='bbox 242 760 350 801; x_wconf 90' lang='lat' dir='ltr'><strong>armum</strong></span> <span class='ocrx_word' id='word_1_46' title='bbox 365 743 495 803; x_wconf 80' lang='lat' dir='ltr'><strong>dextrum</strong></span> <span class='ocrx_word' id='word_1_47' title='bbox 508 744 543 803; x_wconf 89' lang='lat' dir='ltr'><strong>ad</strong></span> <span class='ocrx_word' id='word_1_48' title='bbox 563 745 720 803; x_wconf 87' lang='lat' dir='ltr'><strong>vincendos</strong></span> <span class='ocrx_word' id='word_1_49' title='bbox 736 745 917 804; x_wconf 86' lang='lat' dir='ltr'><strong>adversarios</strong></span> <span class='ocrx_word' id='word_1_50' title='bbox 939 745 986 803; x_wconf 89' lang='lat' dir='ltr'><strong>vel</strong></span> <span class='ocrx_word' id='word_1_51' title='bbox 1009 746 1060 805; x_wconf 95' lang='lat' dir='ltr'><strong>ho·</strong></span> <span class='ocrx_word' id='word_1_52' title='bbox 1072 752 1124 807; x_wconf 87' lang='lat'><strong>116</strong></span> 
     </span>
     <span class='ocr_line' id='line_1_8' title="bbox 95 825 1081 903; baseline 0 -18"><span class='ocrx_word' id='word_1_53' title='bbox 95 829 149 886; x_wconf 87' lang='lat' dir='ltr'><strong>stis</strong></span> <span class='ocrx_word' id='word_1_54' title='bbox 160 825 272 899; x_wconf 86' lang='lat' dir='ltr'><strong>valere,</strong></span> <span class='ocrx_word' id='word_1_55' title='bbox 286 826 383 902; x_wconf 90' lang='lat' dir='ltr'><strong>utique</strong></span> <span class='ocrx_word' id='word_1_56' title='bbox 395 828 420 885; x_wconf 91' lang='lat' dir='ltr'><strong>si</strong></span> <span class='ocrx_word' id='word_1_57' title='bbox 432 825 563 886; x_wconf 89' lang='lat' dir='ltr'><strong>abiectos</strong></span> <span class='ocrx_word' id='word_1_58' title='bbox 574 828 701 886; x_wconf 89' lang='lat' dir='ltr'><strong>eiusdem</strong></span> <span class='ocrx_word' id='word_1_59' title='bbox 713 845 819 887; x_wconf 85' lang='lat' dir='ltr'><strong>nervos</strong></span> <span class='ocrx_word' id='word_1_60' title='bbox 835 828 1000 903; x_wconf 79' lang='lat' dir='ltr'><strong>calcaverit,</strong></span> <span class='ocrx_word' id='word_1_61' title='bbox 1017 828 1081 886; x_wconf 90' lang='lat' dir='ltr'><strong>sinl-</strong></span> 
     </span>
     <span class='ocr_line' id='line_1_9' title="bbox 95 909 1082 988; baseline 0 -19"><span class='ocrx_word' id='word_1_62' title='bbox 95 918 185 969; x_wconf 90' lang='lat' dir='ltr'><strong>strum</strong></span> <span class='ocrx_word' id='word_1_63' title='bbox 210 927 338 967; x_wconf 88' lang='lat' dir='ltr'><strong>umerum</strong></span> <span class='ocrx_word' id='word_1_64' title='bbox 363 909 465 987; x_wconf 90' lang='lat' dir='ltr'><strong>quibus</strong></span> <span class='ocrx_word' id='word_1_65' title='bbox 485 911 620 969; x_wconf 84' lang='lat' dir='ltr'><strong>monstris</strong></span> <span class='ocrx_word' id='word_1_66' title='bbox 636 920 805 986; x_wconf 88' lang='lat' dir='ltr'><strong>consecret,</strong></span> <span class='ocrx_word' id='word_1_67' title='bbox 836 911 959 988; x_wconf 81' lang='lat' dir='ltr'><strong>qualiter</strong></span> <span class='ocrx_word' id='word_1_68' title='bbox 974 912 1082 969; x_wconf 90' lang='lat' dir='ltr'><strong>somnia</strong></span> 
     </span>
     <span class='ocr_line' id='line_1_10' title="bbox 96 992 1083 1071; baseline 0 -21"><span class='ocrx_word' id='word_1_69' title='bbox 96 992 260 1070; x_wconf 82' lang='lat' dir='ltr'><strong>quaerelis</strong></span> <span class='ocrx_word' id='word_1_70' title='bbox 274 1001 304 1050; x_wconf 93' lang='lat' dir='ltr'><strong>et</strong></span> <span class='ocrx_word' id='word_1_71' title='bbox 320 992 423 1068; x_wconf 91' lang='lat' dir='ltr'><strong>quibus</strong></span> <span class='ocrx_word' id='word_1_72' title='bbox 445 992 519 1051; x_wconf 87' lang='lat' dir='ltr'><strong>velis</strong></span> <span class='ocrx_word' id='word_1_73' title='bbox 539 996 696 1069; x_wconf 87' lang='lat' dir='ltr'><strong>mittantur,</strong></span> <span class='ocrx_word' id='word_1_74' title='bbox 718 993 806 1071; x_wconf 90' lang='lat' dir='ltr'><strong>pudet</strong></span> <span class='ocrx_word' id='word_1_75' title='bbox 824 993 945 1059; x_wconf 80' lang='lat' dir='ltr'><strong>referre.</strong></span> <span class='ocrx_word' id='word_1_76' title='bbox 973 995 1083 1053; x_wconf 90' lang='lat' dir='ltr'><strong>somnia</strong></span> 
     </span>
     <span class='ocr_line' id='line_1_11' title="bbox 65 1075 1083 1154; baseline 0 -20"><span class='ocrx_word' id='word_1_77' title='bbox 65 1094 132 1136; x_wconf 85' lang='lat' dir='ltr'><strong>mea</strong></span> <span class='ocrx_word' id='word_1_78' title='bbox 149 1075 252 1133; x_wconf 83' lang='lat' dir='ltr'><strong>dextro</strong></span> <span class='ocrx_word' id='word_1_79' title='bbox 269 1075 346 1152; x_wconf 91' lang='lat' dir='ltr'><strong>pede</strong></span> <span class='ocrx_word' id='word_1_80' title='bbox 360 1076 482 1150; x_wconf 86' lang='lat' dir='ltr'><strong>resolvi,</strong></span> <span class='ocrx_word' id='word_1_81' title='bbox 503 1079 577 1135; x_wconf 89' lang='lat' dir='ltr'><strong>sicut</strong></span> <span class='ocrx_word' id='word_1_82' title='bbox 596 1078 712 1135; x_wconf 87' lang='lat' dir='ltr'><strong>sinistro</strong></span> <span class='ocrx_word' id='word_1_83' title='bbox 730 1077 821 1135; x_wconf 88' lang='lat' dir='ltr'><strong>latere</strong></span> <span class='ocrx_word' id='word_1_84' title='bbox 843 1076 990 1152; x_wconf 84' lang='lat' dir='ltr'><strong>lethargos</strong></span> <span class='ocrx_word' id='word_1_85' title='bbox 1010 1094 1083 1154; x_wconf 92' lang='lat' dir='ltr'><strong>quos</strong></span> 
     </span>
     <span class='ocr_line' id='line_1_12' title="bbox 96 1157 1083 1237; baseline 0 -21"><span class='ocrx_word' id='word_1_86' title='bbox 96 1157 327 1229; x_wconf 83' lang='lat' dir='ltr'><strong>ieceritdexter.</strong></span> <span class='ocrx_word' id='word_1_87' title='bbox 357 1160 401 1216; x_wconf 90' lang='lat' dir='ltr'><strong>sic</strong></span> <span class='ocrx_word' id='word_1_88' title='bbox 414 1162 516 1237; x_wconf 91' lang='lat' dir='ltr'><strong>capitis</strong></span> <span class='ocrx_word' id='word_1_89' title='bbox 532 1160 653 1219; x_wconf 89' lang='lat' dir='ltr'><strong>dolores</strong></span> <span class='ocrx_word' id='word_1_90' title='bbox 668 1160 799 1237; x_wconf 86' lang='lat' dir='ltr'><strong>insperso</strong></span> <span class='ocrx_word' id='word_1_91' title='bbox 808 1162 874 1218; x_wconf 85' lang='lat' dir='ltr'><strong>vino</strong></span> <span class='ocrx_word' id='word_1_92' title='bbox 895 1161 923 1218; x_wconf 94' lang='lat' dir='ltr'><strong>in</strong></span> <span class='ocrx_word' id='word_1_93' title='bbox 938 1170 996 1236; x_wconf 82' lang='lat' dir='ltr'><strong>quo&#39;</strong></span> <span class='ocrx_word' id='word_1_94' title='bbox 1009 1160 1083 1219; x_wconf 87' lang='lat' dir='ltr'><strong>latus</strong></span> 
     </span>
     <span class='ocr_line' id='line_1_13' title="bbox 34 1241 1083 1321; baseline 0.003 -25"><span class='ocrx_word' id='word_1_95' title='bbox 34 1290 38 1296; x_wconf 85' lang='lat'><strong>.</strong></span> <span class='ocrx_word' id='word_1_96' title='bbox 95 1241 263 1301; x_wconf 89' lang='lat' dir='ltr'><strong>alterutrum</strong></span> <span class='ocrx_word' id='word_1_97' title='bbox 276 1251 449 1299; x_wconf 86' lang='lat' dir='ltr'><strong>maceratum</strong></span> <span class='ocrx_word' id='word_1_98' title='bbox 463 1244 500 1301; x_wconf 90' lang='lat' dir='ltr'><strong>sit</strong></span> <span class='ocrx_word' id='word_1_99' title='bbox 518 1245 619 1301; x_wconf 91' lang='lat' dir='ltr'><strong>sanari.</strong></span> <span class='ocrx_word' id='word_1_100' title='bbox 649 1243 799 1301; x_wconf 87' lang='lat' dir='ltr'><strong>sifeminis</strong></span> <span class='ocrx_word' id='word_1_101' title='bbox 815 1244 920 1301; x_wconf 83' lang='lat' dir='ltr'><strong>sinistri</strong></span> <span class='ocrx_word' id='word_1_102' title='bbox 936 1244 984 1301; x_wconf 83' lang='lat' dir='ltr'><strong>vel</strong></span> <span class='ocrx_word' id='word_1_103' title='bbox 1001 1242 1083 1321; x_wconf 87' lang='lat' dir='ltr'><strong>pedis</strong></span> 
     </span>
     <span class='ocr_line' id='line_1_14' title="bbox 97 1325 1083 1405; baseline 0.001 -22"><span class='ocrx_word' id='word_1_104' title='bbox 97 1326 195 1384; x_wconf 88' lang='lat' dir='ltr'><strong>cinere</strong></span> <span class='ocrx_word' id='word_1_105' title='bbox 219 1326 374 1383; x_wconf 85' lang='lat' dir='ltr'><strong>misceatur</strong></span> <span class='ocrx_word' id='word_1_106' title='bbox 398 1325 443 1384; x_wconf 91' lang='lat' dir='ltr'><strong>lae</strong></span> <span class='ocrx_word' id='word_1_107' title='bbox 470 1326 599 1401; x_wconf 90' lang='lat' dir='ltr'><strong>suillum,</strong></span> <span class='ocrx_word' id='word_1_108' title='bbox 625 1326 799 1405; x_wconf 85' lang='lat' dir='ltr'><strong>podagricos</strong></span> <span class='ocrx_word' id='word_1_109' title='bbox 818 1326 880 1385; x_wconf 84' lang='lat' dir='ltr'><strong>fieri</strong></span> <span class='ocrx_word' id='word_1_110' title='bbox 902 1325 987 1385; x_wconf 91' lang='lat' dir='ltr'><strong>inlitis</strong></span> <span class='ocrx_word' id='word_1_111' title='bbox 1004 1326 1083 1403; x_wconf 87' lang='lat' dir='ltr'><strong>pedi-</strong></span> 
     </span>
     <span class='ocr_line' id='line_1_15' title="bbox 96 1396 1121 1487; baseline 0.005 -20"><span class='ocrx_word' id='word_1_112' title='bbox 96 1407 159 1467; x_wconf 86' lang='lat' dir='ltr'><strong>bus.</strong></span> <span class='ocrx_word' id='word_1_113' title='bbox 179 1406 254 1466; x_wconf 87' lang='lat' dir='ltr'><strong>felle</strong></span> <span class='ocrx_word' id='word_1_114' title='bbox 267 1406 448 1482; x_wconf 84' lang='lat' dir='ltr'><strong>glaucomata</strong></span> <span class='ocrx_word' id='word_1_115' title='bbox 466 1418 495 1467; x_wconf 92' lang='lat' dir='ltr'><strong>et</strong></span> <span class='ocrx_word' id='word_1_116' title='bbox 508 1409 690 1469; x_wconf 76' lang='lat' dir='ltr'><strong>subfusiones</strong></span> <span class='ocrx_word' id='word_1_117' title='bbox 707 1410 813 1486; x_wconf 81' lang='lat' dir='ltr'><strong>corrigi</strong></span> <span class='ocrx_word' id='word_1_118' title='bbox 829 1427 922 1487; x_wconf 93' lang='lat' dir='ltr'><strong>prope</strong></span> <span class='ocrx_word' id='word_1_119' title='bbox 934 1396 1062 1469; x_wconf 72' lang='lat' dir='ltr'><strong>credituri</strong></span> <span class='ocrx_word' id='word_1_120' title='bbox 1073 1417 1121 1472; x_wconf 83' lang='lat'><strong>117</strong></span> 
     </span>
     <span class='ocr_line' id='line_1_16' title="bbox 65 1491 1083 1570; baseline 0.004 -23"><span class='ocrx_word' id='word_1_121' title='bbox 65 1509 88 1549; x_wconf 76' lang='lat' dir='ltr'><strong>rs</strong></span> <span class='ocrx_word' id='word_1_122' title='bbox 98 1491 181 1550; x_wconf 89' lang='lat' dir='ltr'><strong>tridui</strong></span> <span class='ocrx_word' id='word_1_123' title='bbox 196 1491 377 1566; x_wconf 90' lang='lat' dir='ltr'><strong>inunctione,</strong></span> <span class='ocrx_word' id='word_1_124' title='bbox 395 1494 539 1570; x_wconf 91' lang='lat' dir='ltr'><strong>serpentis</strong></span> <span class='ocrx_word' id='word_1_125' title='bbox 555 1493 648 1569; x_wconf 86' lang='lat' dir='ltr'><strong>iugari</strong></span> <span class='ocrx_word' id='word_1_126' title='bbox 670 1491 784 1568; x_wconf 88' lang='lat' dir='ltr'><strong>ignibus</strong></span> <span class='ocrx_word' id='word_1_127' title='bbox 804 1492 958 1567; x_wconf 89' lang='lat' dir='ltr'><strong>instillato,</strong></span> <span class='ocrx_word' id='word_1_128' title='bbox 979 1500 1083 1551; x_wconf 77' lang='lat' dir='ltr'><strong>miste</strong></span> 
     </span>
     <span class='ocr_line' id='line_1_17' title="bbox 96 1572 1083 1652; baseline -0.004 -17"><span class='ocrx_word' id='word_1_129' title='bbox 96 1574 141 1635; x_wconf 83' lang='lat' dir='ltr'><strong>las</strong></span> <span class='ocrx_word' id='word_1_130' title='bbox 155 1572 285 1634; x_wconf 90' lang='lat' dir='ltr'><strong>contrahi</strong></span> <span class='ocrx_word' id='word_1_131' title='bbox 300 1573 330 1633; x_wconf 90' lang='lat' dir='ltr'><strong>in</strong></span> <span class='ocrx_word' id='word_1_132' title='bbox 349 1592 449 1651; x_wconf 90' lang='lat' dir='ltr'><strong>aquam</strong></span> <span class='ocrx_word' id='word_1_133' title='bbox 469 1578 603 1650; x_wconf 92' lang='lat' dir='ltr'><strong>coiecto,</strong></span> <span class='ocrx_word' id='word_1_134' title='bbox 631 1592 757 1652; x_wconf 88' lang='lat' dir='ltr'><strong>corpore</strong></span> <span class='ocrx_word' id='word_1_135' title='bbox 777 1591 849 1633; x_wconf 89' lang='lat' dir='ltr'><strong>vero</strong></span> <span class='ocrx_word' id='word_1_136' title='bbox 871 1575 950 1633; x_wconf 92' lang='lat' dir='ltr'><strong>inlito</strong></span> <span class='ocrx_word' id='word_1_137' title='bbox 973 1573 1083 1633; x_wconf 88' lang='lat' dir='ltr'><strong>detrahi</strong></span> 
     </span>
     <span class='ocr_line' id='line_1_18' title="bbox 96 1653 1115 1737; baseline -0.001 -21"><span class='ocrx_word' id='word_1_138' title='bbox 96 1657 182 1737; x_wconf 91' lang='lat' dir='ltr'><strong>pilos.</strong></span> <span class='ocrx_word' id='word_1_139' title='bbox 211 1656 288 1715; x_wconf 90' lang='lat' dir='ltr'><strong>idem</strong></span> <span class='ocrx_word' id='word_1_140' title='bbox 305 1667 453 1733; x_wconf 89' lang='lat' dir='ltr'><strong>praestare</strong></span> <span class='ocrx_word' id='word_1_141' title='bbox 468 1653 583 1717; x_wconf 81' lang='lat' dir='ltr'><strong>nbrrant</strong></span> <span class='ocrx_word' id='word_1_142' title='bbox 596 1660 679 1717; x_wconf 92' lang='lat' dir='ltr'><strong>iocur</strong></span> <span class='ocrx_word' id='word_1_143' title='bbox 701 1674 763 1715; x_wconf 91' lang='lat' dir='ltr'><strong>cum</strong></span> <span class='ocrx_word' id='word_1_144' title='bbox 784 1674 871 1715; x_wconf 90' lang='lat' dir='ltr'><strong>ranae</strong></span> <span class='ocrx_word' id='word_1_145' title='bbox 889 1655 1007 1715; x_wconf 88' lang='lat' dir='ltr'><strong>rubetae</strong></span> <span class='ocrx_word' id='word_1_146' title='bbox 1023 1658 1083 1735; x_wconf 89' lang='lat' dir='ltr'><strong>pul·</strong></span> <span class='ocrx_word' id='word_1_147' title='bbox 1112 1672 1115 1683; x_wconf 92' lang='lat'>·</span> 
     </span>
     <span class='ocr_line' id='line_1_19' title="bbox 96 1737 1083 1817; baseline -0.005 -17"><span class='ocrx_word' id='word_1_148' title='bbox 96 1757 182 1800; x_wconf 89' lang='lat' dir='ltr'><strong>mone</strong></span> <span class='ocrx_word' id='word_1_149' title='bbox 195 1739 322 1814; x_wconf 91' lang='lat' dir='ltr'><strong>inlitum,</strong></span> <span class='ocrx_word' id='word_1_150' title='bbox 344 1750 495 1817; x_wconf 88' lang='lat' dir='ltr'><strong>praeterea</strong></span> <span class='ocrx_word' id='word_1_151' title='bbox 511 1742 640 1800; x_wconf 89' lang='lat' dir='ltr'><strong>iocinere</strong></span> <span class='ocrx_word' id='word_1_152' title='bbox 662 1741 796 1797; x_wconf 89' lang='lat' dir='ltr'><strong>amatoria</strong></span> <span class='ocrx_word' id='word_1_153' title='bbox 821 1737 955 1813; x_wconf 89' lang='lat' dir='ltr'><strong>dissolvi,</strong></span> <span class='ocrx_word' id='word_1_154' title='bbox 977 1738 1083 1797; x_wconf 89' lang='lat' dir='ltr'><strong>melan-</strong></span> 
     </span>
     <span class='ocr_line' id='line_1_20' title="bbox 99 1819 1084 1897; baseline -0.004 -16"><span class='ocrx_word' id='word_1_155' title='bbox 99 1823 230 1881; x_wconf 90' lang='lat' dir='ltr'><strong>cholicos</strong></span> <span class='ocrx_word' id='word_1_156' title='bbox 244 1832 338 1882; x_wconf 89' lang='lat' dir='ltr'><strong>autem</strong></span> <span class='ocrx_word' id='word_1_157' title='bbox 356 1824 467 1897; x_wconf 89' lang='lat' dir='ltr'><strong>sanari,</strong></span> <span class='ocrx_word' id='word_1_158' title='bbox 491 1824 516 1879; x_wconf 90' lang='lat' dir='ltr'><strong>si</strong></span> <span class='ocrx_word' id='word_1_159' title='bbox 537 1841 576 1881; x_wconf 85' lang='lat' dir='ltr'><strong>ex</strong></span> <span class='ocrx_word' id='word_1_160' title='bbox 597 1824 677 1880; x_wconf 93' lang='lat' dir='ltr'><strong>corio</strong></span> <span class='ocrx_word' id='word_1_161' title='bbox 694 1820 906 1889; x_wconf 86' lang='lat' dir='ltr'><strong>chamaeleonis</strong></span> <span class='ocrx_word' id='word_1_162' title='bbox 921 1838 1007 1879; x_wconf 88' lang='lat' dir='ltr'><strong>sucus</strong></span> <span class='ocrx_word' id='word_1_163' title='bbox 1021 1819 1084 1878; x_wconf 90' lang='lat' dir='ltr'><strong>her-</strong></span> 
     </span>
     <span class='ocr_line' id='line_1_21' title="bbox 65 1901 1085 1979; baseline -0.004 -13"><span class='ocrx_word' id='word_1_164' title='bbox 65 1905 156 1966; x_wconf 86' lang='lat' dir='ltr'><strong>mbae</strong></span> <span class='ocrx_word' id='word_1_165' title='bbox 170 1905 308 1964; x_wconf 89' lang='lat' dir='ltr'><strong>lleleniae</strong></span> <span class='ocrx_word' id='word_1_166' title='bbox 322 1906 446 1965; x_wconf 90' lang='lat' dir='ltr'><strong>bibatur.</strong></span> <span class='ocrx_word' id='word_1_167' title='bbox 471 1905 602 1964; x_wconf 91' lang='lat' dir='ltr'><strong>intestina</strong></span> <span class='ocrx_word' id='word_1_168' title='bbox 618 1913 647 1963; x_wconf 90' lang='lat' dir='ltr'><strong>et</strong></span> <span class='ocrx_word' id='word_1_169' title='bbox 662 1904 763 1963; x_wconf 88' lang='lat' dir='ltr'><strong>lartum</strong></span> <span class='ocrx_word' id='word_1_170' title='bbox 779 1920 888 1979; x_wconf 90' lang='lat' dir='ltr'><strong>eorum,</strong></span> <span class='ocrx_word' id='word_1_171' title='bbox 906 1921 969 1961; x_wconf 91' lang='lat' dir='ltr'><strong>cum</strong></span> <span class='ocrx_word' id='word_1_172' title='bbox 984 1901 1085 1963; x_wconf 90' lang='lat' dir='ltr'><strong>animal</strong></span> 
     </span>
     <span class='ocr_line' id='line_1_22' title="bbox 7 1987 1129 2064; baseline -0.002 -17"><span class='ocrx_word' id='word_1_173' title='bbox 7 1987 8 1992; x_wconf 71' lang='grc'>’</span> <span class='ocrx_word' id='word_1_174' title='bbox 100 1988 179 2047; x_wconf 88' lang='lat' dir='ltr'><strong>nullo</strong></span> <span class='ocrx_word' id='word_1_175' title='bbox 199 1988 262 2047; x_wconf 92' lang='lat' dir='ltr'><strong>cibo</strong></span> <span class='ocrx_word' id='word_1_176' title='bbox 278 1990 365 2064; x_wconf 83' lang='lat' dir='ltr'><strong>vivat,</strong></span> <span class='ocrx_word' id='word_1_177' title='bbox 380 2007 443 2047; x_wconf 91' lang='lat' dir='ltr'><strong>cum</strong></span> <span class='ocrx_word' id='word_1_178' title='bbox 455 1990 596 2047; x_wconf 91' lang='lat' dir='ltr'><strong>simiarum</strong></span> <span class='ocrx_word' id='word_1_179' title='bbox 607 1989 687 2046; x_wconf 86' lang='lat' dir='ltr'><strong>urina</strong></span> <span class='ocrx_word' id='word_1_180' title='bbox 703 1987 781 2047; x_wconf 90' lang='lat' dir='ltr'><strong>inlita</strong></span> <span class='ocrx_word' id='word_1_181' title='bbox 794 1987 968 2045; x_wconf 90' lang='lat' dir='ltr'><strong>inimicorum</strong></span> <span class='ocrx_word' id='word_1_182' title='bbox 981 1990 1082 2045; x_wconf 91' lang='lat' dir='ltr'><strong>ianuae</strong></span> <span class='ocrx_word' id='word_1_183' title='bbox 1125 2002 1129 2010; x_wconf 60' lang='lat'><strong>⁴</strong></span> 
     </span>
     <span class='ocr_line' id='line_1_23' title="bbox 7 2053 1127 2134; baseline 0.004 -4"><span class='ocrx_word' id='word_1_184' title='bbox 7 2053 32 2096; x_wconf 70' lang='lat' dir='ltr'><strong>t.</strong></span> <span class='ocrx_word' id='word_1_185' title='bbox 99 2071 196 2131; x_wconf 87' lang='lat' dir='ltr'><strong>odium</strong></span> <span class='ocrx_word' id='word_1_186' title='bbox 222 2075 342 2130; x_wconf 90' lang='lat' dir='ltr'><strong>omnium</strong></span> <span class='ocrx_word' id='word_1_187' title='bbox 367 2072 510 2130; x_wconf 91' lang='lat' dir='ltr'><strong>hominum</strong></span> <span class='ocrx_word' id='word_1_188' title='bbox 533 2071 577 2130; x_wconf 90' lang='lat' dir='ltr'><strong>his</strong></span> <span class='ocrx_word' id='word_1_189' title='bbox 600 2070 766 2130; x_wconf 88' lang='lat' dir='ltr'><strong>conciliare.</strong></span> <span class='ocrx_word' id='word_1_190' title='bbox 789 2068 879 2131; x_wconf 84' lang='lat' dir='ltr'><strong>cauda</strong></span> <span class='ocrx_word' id='word_1_191' title='bbox 902 2070 1015 2130; x_wconf 89' lang='lat' dir='ltr'><strong>llumina</strong></span> <span class='ocrx_word' id='word_1_192' title='bbox 1036 2080 1127 2134; x_wconf 89' lang='lat' dir='ltr'><strong>et118</strong></span> 
     </span>
     <span class='ocr_line' id='line_1_24' title="bbox 99 2154 1086 2233; baseline -0.002 -18.171"><span class='ocrx_word' id='word_1_193' title='bbox 99 2171 235 2232; x_wconf 90' lang='lat' dir='ltr'><strong>aqurum</strong></span> <span class='ocrx_word' id='word_1_194' title='bbox 248 2156 370 2231; x_wconf 88' lang='lat' dir='ltr'><strong>impetus</strong></span> <span class='ocrx_word' id='word_1_195' title='bbox 385 2157 456 2214; x_wconf 90' lang='lat' dir='ltr'><strong>sisti.</strong></span> <span class='ocrx_word' id='word_1_196' title='bbox 484 2156 628 2232; x_wconf 90' lang='lat' dir='ltr'><strong>serpentis</strong></span> <span class='ocrx_word' id='word_1_197' title='bbox 650 2155 794 2233; x_wconf 87' lang='lat' dir='ltr'><strong>soporari.</strong></span> <span class='ocrx_word' id='word_1_198' title='bbox 825 2154 924 2213; x_wconf 87' lang='lat' dir='ltr'><strong>eadem</strong></span> <span class='ocrx_word' id='word_1_199' title='bbox 945 2155 1086 2213; x_wconf 91' lang='lat' dir='ltr'><strong>medicata</strong></span> 
     </span>
     <span class='ocr_line' id='line_1_25' title="bbox 100 2236 1084 2316; baseline -0.002 -19"><span class='ocrx_word' id='word_1_200' title='bbox 100 2238 188 2309; x_wconf 75' lang='lat' dir='ltr'><strong>cedro</strong></span> <span class='ocrx_word' id='word_1_201' title='bbox 205 2246 234 2295; x_wconf 90' lang='lat' dir='ltr'><strong>et</strong></span> <span class='ocrx_word' id='word_1_202' title='bbox 247 2256 343 2297; x_wconf 86' lang='lat' dir='ltr'><strong>murra</strong></span> <span class='ocrx_word' id='word_1_203' title='bbox 359 2238 535 2316; x_wconf 87' lang='lat' dir='ltr'><strong>inligataque</strong></span> <span class='ocrx_word' id='word_1_204' title='bbox 557 2238 674 2313; x_wconf 92' lang='lat' dir='ltr'><strong>gemino</strong></span> <span class='ocrx_word' id='word_1_205' title='bbox 690 2254 769 2295; x_wconf 91' lang='lat' dir='ltr'><strong>ramo</strong></span> <span class='ocrx_word' id='word_1_206' title='bbox 788 2236 900 2313; x_wconf 87' lang='lat' dir='ltr'><strong>palmae</strong></span> <span class='ocrx_word' id='word_1_207' title='bbox 917 2254 1084 2313; x_wconf 88' lang='lat' dir='ltr'><strong>percussam</strong></span> 
     </span>
     <span class='ocr_line' id='line_1_26' title="bbox 69 2319 1084 2398; baseline 0.001 -20"><span class='ocrx_word' id='word_1_208' title='bbox 69 2334 204 2397; x_wconf 77' lang='lat' dir='ltr'><strong>acquam</strong></span> <span class='ocrx_word' id='word_1_209' title='bbox 219 2319 333 2396; x_wconf 87' lang='lat' dir='ltr'><strong>discuti,</strong></span> <span class='ocrx_word' id='word_1_210' title='bbox 347 2329 379 2379; x_wconf 93' lang='lat' dir='ltr'><strong>ut</strong></span> <span class='ocrx_word' id='word_1_211' title='bbox 392 2338 466 2398; x_wconf 91' lang='lat' dir='ltr'><strong>quae</strong></span> <span class='ocrx_word' id='word_1_212' title='bbox 486 2322 561 2381; x_wconf 89' lang='lat' dir='ltr'><strong>intus</strong></span> <span class='ocrx_word' id='word_1_213' title='bbox 584 2322 640 2379; x_wconf 93' lang='lat' dir='ltr'><strong>sint</strong></span> <span class='ocrx_word' id='word_1_214' title='bbox 657 2322 749 2377; x_wconf 91' lang='lat' dir='ltr'><strong>omnia</strong></span> <span class='ocrx_word' id='word_1_215' title='bbox 773 2319 944 2396; x_wconf 90' lang='lat' dir='ltr'><strong>adpareant,</strong></span> <span class='ocrx_word' id='word_1_216' title='bbox 967 2322 1084 2379; x_wconf 91' lang='lat' dir='ltr'><strong>utinam·</strong></span> 
     </span>
     <span class='ocr_line' id='line_1_27' title="bbox 100 2402 1084 2482; baseline -0.003 -19"><span class='ocrx_word' id='word_1_217' title='bbox 100 2421 157 2482; x_wconf 89' lang='lat' dir='ltr'><strong>que</strong></span> <span class='ocrx_word' id='word_1_218' title='bbox 173 2419 211 2461; x_wconf 88' lang='lat' dir='ltr'><strong>eo</strong></span> <span class='ocrx_word' id='word_1_219' title='bbox 225 2420 305 2461; x_wconf 91' lang='lat' dir='ltr'><strong>ramo</strong></span> <span class='ocrx_word' id='word_1_220' title='bbox 322 2412 469 2462; x_wconf 90' lang='lat' dir='ltr'><strong>contactus</strong></span> <span class='ocrx_word' id='word_1_221' title='bbox 485 2414 563 2463; x_wconf 90' lang='lat' dir='ltr'><strong>esset</strong></span> <span class='ocrx_word' id='word_1_222' title='bbox 574 2402 768 2476; x_wconf 88' lang='lat' dir='ltr'><strong>Democritus,</strong></span> <span class='ocrx_word' id='word_1_223' title='bbox 786 2403 917 2479; x_wconf 89' lang='lat' dir='ltr'><strong>quoniam</strong></span> <span class='ocrx_word' id='word_1_224' title='bbox 931 2404 970 2463; x_wconf 90' lang='lat' dir='ltr'><strong>ita</strong></span> <span class='ocrx_word' id='word_1_225' title='bbox 986 2403 1084 2480; x_wconf 91' lang='lat' dir='ltr'><strong>loqua-</strong></span> 
     </span>
     <span class='ocr_line' id='line_1_28' title="bbox 100 2485 1085 2564; baseline -0.006 -17"><span class='ocrx_word' id='word_1_226' title='bbox 100 2489 203 2547; x_wconf 88' lang='lat' dir='ltr'><strong>citates</strong></span> <span class='ocrx_word' id='word_1_227' title='bbox 216 2485 374 2545; x_wconf 89' lang='lat' dir='ltr'><strong>inmodicas</strong></span> <span class='ocrx_word' id='word_1_228' title='bbox 386 2488 515 2564; x_wconf 87' lang='lat' dir='ltr'><strong>promisit</strong></span> <span class='ocrx_word' id='word_1_229' title='bbox 529 2486 662 2546; x_wconf 85' lang='lat' dir='ltr'><strong>inhiberi.</strong></span> <span class='ocrx_word' id='word_1_230' title='bbox 687 2485 838 2562; x_wconf 85' lang='lat' dir='ltr'><strong>palamque</strong></span> <span class='ocrx_word' id='word_1_231' title='bbox 851 2494 895 2543; x_wconf 88' lang='lat' dir='ltr'><strong>est</strong></span> <span class='ocrx_word' id='word_1_232' title='bbox 909 2486 1000 2543; x_wconf 87' lang='lat' dir='ltr'><strong>virum</strong></span> <span class='ocrx_word' id='word_1_233' title='bbox 1014 2486 1085 2543; x_wconf 88' lang='lat' dir='ltr'><strong>alias</strong></span> 
     </span>
     <span class='ocr_line' id='line_1_29' title="bbox 99 2564 1085 2646; baseline -0.006 -17"><span class='ocrx_word' id='word_1_234' title='bbox 99 2586 237 2646; x_wconf 88' lang='lat' dir='ltr'><strong>sagacem</strong></span> <span class='ocrx_word' id='word_1_235' title='bbox 259 2578 288 2628; x_wconf 90' lang='lat' dir='ltr'><strong>et</strong></span> <span class='ocrx_word' id='word_1_236' title='bbox 312 2570 388 2629; x_wconf 86' lang='lat' dir='ltr'><strong>vitae</strong></span> <span class='ocrx_word' id='word_1_237' title='bbox 407 2570 585 2629; x_wconf 85' lang='lat' dir='ltr'><strong>utilissimum</strong></span> <span class='ocrx_word' id='word_1_238' title='bbox 605 2569 691 2628; x_wconf 91' lang='lat' dir='ltr'><strong>nimio</strong></span> <span class='ocrx_word' id='word_1_239' title='bbox 707 2567 821 2627; x_wconf 89' lang='lat' dir='ltr'><strong>iuvandi</strong></span> <span class='ocrx_word' id='word_1_240' title='bbox 844 2568 970 2627; x_wconf 87' lang='lat' dir='ltr'><strong>mortalis</strong></span> <span class='ocrx_word' id='word_1_241' title='bbox 993 2564 1085 2625; x_wconf 92' lang='lat' dir='ltr'><strong>studio</strong></span> 
     </span>
     <span class='ocr_line' id='line_1_30' title="bbox 99 2652 1012 2731; baseline -0.002 -20"><span class='ocrx_word' id='word_1_242' title='bbox 99 2652 279 2731; x_wconf 86' lang='lat' dir='ltr'><strong>prolapsum.</strong></span> <span class='ocrx_word' id='word_1_243' title='bbox 618 2718 620 2722; x_wconf 22' lang='lat'><strong><em>¹</em></strong></span> <span class='ocrx_word' id='word_1_244' title='bbox 1011 2662 1012 2665; x_wconf 75' lang='grc'>’</span> 
     </span>
     <span class='ocr_line' id='line_1_31' title="bbox 69 2729 1128 2813; baseline 0.003 -22"><span class='ocrx_word' id='word_1_245' title='bbox 69 2750 94 2791; x_wconf 84' lang='lat' dir='ltr'><strong>co</strong></span> <span class='ocrx_word' id='word_1_246' title='bbox 162 2735 246 2813; x_wconf 84' lang='lat'>(30.)</span> <span class='ocrx_word' id='word_1_247' title='bbox 270 2734 317 2794; x_wconf 82' lang='lat' dir='ltr'><strong>llx</strong></span> <span class='ocrx_word' id='word_1_248' title='bbox 331 2734 430 2795; x_wconf 90' lang='lat' dir='ltr'><strong>eadem</strong></span> <span class='ocrx_word' id='word_1_249' title='bbox 443 2735 624 2796; x_wconf 86' lang='lat' dir='ltr'><strong>similitudine</strong></span> <span class='ocrx_word' id='word_1_250' title='bbox 639 2742 684 2793; x_wconf 89' lang='lat' dir='ltr'><strong>est</strong></span> <span class='ocrx_word' id='word_1_251' title='bbox 699 2734 829 2807; x_wconf 88' lang='lat' dir='ltr'><strong>scincus,</strong></span> <span class='ocrx_word' id='word_1_252' title='bbox 852 2750 935 2811; x_wconf 89' lang='lat' dir='ltr'><strong>quem</strong></span> <span class='ocrx_word' id='word_1_253' title='bbox 957 2729 1128 2808; x_wconf 85' lang='lat' dir='ltr'><strong>quidam119</strong></span> 
     </span>
     <span class='ocr_line' id='line_1_32' title="bbox 100 2816 1086 2893; baseline -0.007 -16"><span class='ocrx_word' id='word_1_254' title='bbox 100 2825 271 2877; x_wconf 86' lang='lat' dir='ltr'><strong>terrestrem</strong></span> <span class='ocrx_word' id='word_1_255' title='bbox 285 2820 460 2881; x_wconf 89' lang='lat' dir='ltr'><strong>crocodilum</strong></span> <span class='ocrx_word' id='word_1_256' title='bbox 474 2838 541 2878; x_wconf 90' lang='lat' dir='ltr'><strong>esse</strong></span> <span class='ocrx_word' id='word_1_257' title='bbox 555 2820 703 2893; x_wconf 80' lang='lat' dir='ltr'><strong>dixerunt,</strong></span> <span class='ocrx_word' id='word_1_258' title='bbox 719 2816 866 2876; x_wconf 88' lang='lat' dir='ltr'><strong>candidior</strong></span> <span class='ocrx_word' id='word_1_259' title='bbox 880 2824 973 2874; x_wconf 90' lang='lat' dir='ltr'><strong>autem</strong></span> <span class='ocrx_word' id='word_1_260' title='bbox 996 2821 1025 2871; x_wconf 93' lang='lat' dir='ltr'><strong>et</strong></span> <span class='ocrx_word' id='word_1_261' title='bbox 1043 2822 1086 2871; x_wconf 90' lang='lat' dir='ltr'><strong>te-</strong></span> 
     </span>
     <span class='ocr_line' id='line_1_33' title="bbox 100 2896 1087 2979; baseline -0.004 -20"><span class='ocrx_word' id='word_1_262' title='bbox 100 2904 203 2961; x_wconf 86' lang='lat' dir='ltr'><strong>nuiore</strong></span> <span class='ocrx_word' id='word_1_263' title='bbox 217 2909 296 2964; x_wconf 89' lang='lat' dir='ltr'><strong>cute.</strong></span> <span class='ocrx_word' id='word_1_264' title='bbox 319 2903 474 2979; x_wconf 91' lang='lat' dir='ltr'><strong>praecipua</strong></span> <span class='ocrx_word' id='word_1_265' title='bbox 487 2912 582 2962; x_wconf 90' lang='lat' dir='ltr'><strong>tamen</strong></span> <span class='ocrx_word' id='word_1_266' title='bbox 597 2900 755 2959; x_wconf 84' lang='lat' dir='ltr'><strong>differentia</strong></span> <span class='ocrx_word' id='word_1_267' title='bbox 772 2896 931 2958; x_wconf 85' lang='lat' dir='ltr'><strong>dinoscitur</strong></span> <span class='ocrx_word' id='word_1_268' title='bbox 947 2900 1087 2955; x_wconf 87' lang='lat' dir='ltr'><strong>a&#39;croco·</strong></span> 
     </span>
     <span class='ocr_line' id='line_1_34' title="bbox 101 2976 1086 3061; baseline -0.008 -18"><span class='ocrx_word' id='word_1_269' title='bbox 101 2984 170 3058; x_wconf 94' lang='lat' dir='ltr'><strong>dilo,</strong></span> <span class='ocrx_word' id='word_1_270' title='bbox 185 3001 368 3061; x_wconf 87' lang='lat' dir='ltr'><strong>squamarum</strong></span> <span class='ocrx_word' id='word_1_271' title='bbox 381 2986 487 3045; x_wconf 86' lang='lat' dir='ltr'><strong>serien</strong></span> <span class='ocrx_word' id='word_1_272' title='bbox 508 2985 596 3045; x_wconf 90' lang='lat' dir='ltr'><strong>cauda</strong></span> <span class='ocrx_word' id='word_1_273' title='bbox 612 2983 648 3043; x_wconf 92' lang='lat' dir='ltr'><strong>ad</strong></span> <span class='ocrx_word' id='word_1_274' title='bbox 664 2992 749 3061; x_wconf 88' lang='lat' dir='ltr'><strong>caput</strong></span> <span class='ocrx_word' id='word_1_275' title='bbox 762 2997 855 3041; x_wconf 87' lang='lat' dir='ltr'><strong>versa.</strong></span> <span class='ocrx_word' id='word_1_276' title='bbox 883 2995 1028 3037; x_wconf 83' lang='lat' dir='ltr'><strong>maxumus</strong></span> <span class='ocrx_word' id='word_1_277' title='bbox 1043 2976 1086 3036; x_wconf 94' lang='lat' dir='ltr'><strong>ln-</strong></span> 
     </span>
     <span class='ocr_line' id='line_1_35' title="bbox 101 3061 1138 3142; baseline -0.007 -15"><span class='ocrx_word' id='word_1_278' title='bbox 101 3067 196 3135; x_wconf 87' lang='lat' dir='ltr'><strong>dicus,</strong></span> <span class='ocrx_word' id='word_1_279' title='bbox 218 3065 325 3127; x_wconf 89' lang='lat' dir='ltr'><strong>deinde</strong></span> <span class='ocrx_word' id='word_1_280' title='bbox 344 3067 502 3142; x_wconf 84' lang='lat' dir='ltr'><strong>Arabicus,</strong></span> <span class='ocrx_word' id='word_1_281' title='bbox 526 3067 692 3126; x_wconf 80' lang='lat' dir='ltr'><strong>adferuntur</strong></span> <span class='ocrx_word' id='word_1_282' title='bbox 718 3065 796 3123; x_wconf 88' lang='lat' dir='ltr'><strong>salsi.</strong></span> <span class='ocrx_word' id='word_1_283' title='bbox 828 3068 951 3129; x_wconf 84' lang='lat' dir='ltr'><strong>rostrum</strong></span> <span class='ocrx_word' id='word_1_284' title='bbox 974 3061 1035 3119; x_wconf 91' lang='lat' dir='ltr'><strong>eius</strong></span> <span class='ocrx_word' id='word_1_285' title='bbox 1059 3067 1088 3119; x_wconf 88' lang='lat' dir='ltr'><strong>et</strong></span> <span class='ocrx_word' id='word_1_286' title='bbox 1133 3108 1138 3120; x_wconf 92' lang='lat'><em>.</em></span> 
     </span>
     <span class='ocr_line' id='line_1_36' title="bbox 71 3144 1088 3228; baseline -0.011 -18"><span class='ocrx_word' id='word_1_287' title='bbox 71 3149 193 3228; x_wconf 74' lang='lat' dir='ltr'><strong>ttpedes</strong></span> <span class='ocrx_word' id='word_1_288' title='bbox 207 3151 236 3209; x_wconf 92' lang='lat' dir='ltr'><strong>in</strong></span> <span class='ocrx_word' id='word_1_289' title='bbox 252 3148 322 3207; x_wconf 83' lang='lat' dir='ltr'><strong>vino</strong></span> <span class='ocrx_word' id='word_1_290' title='bbox 335 3149 401 3209; x_wconf 93' lang='lat' dir='ltr'><strong>albo</strong></span> <span class='ocrx_word' id='word_1_291' title='bbox 417 3152 476 3227; x_wconf 92' lang='lat' dir='ltr'><strong>poti</strong></span> <span class='ocrx_word' id='word_1_292' title='bbox 491 3150 660 3226; x_wconf 87' lang='lat' dir='ltr'><strong>cupiditates</strong></span> <span class='ocrx_word' id='word_1_293' title='bbox 675 3148 791 3205; x_wconf 86' lang='lat' dir='ltr'><strong>veneris</strong></span> <span class='ocrx_word' id='word_1_294' title='bbox 808 3144 975 3220; x_wconf 90' lang='lat' dir='ltr'><strong>accendunt,</strong></span> <span class='ocrx_word' id='word_1_295' title='bbox 991 3144 1088 3221; x_wconf 90' lang='lat' dir='ltr'><strong>utique</strong></span> 
     </span>
     <span class='ocr_line' id='line_1_37' title="bbox 103 3227 1088 3306; baseline -0.007 -15"><span class='ocrx_word' id='word_1_296' title='bbox 103 3251 166 3293; x_wconf 86' lang='lat' dir='ltr'><strong>cnm</strong></span> <span class='ocrx_word' id='word_1_297' title='bbox 181 3233 292 3306; x_wconf 70' lang='lat' dir='ltr'><strong>satyrio</strong></span> <span class='ocrx_word' id='word_1_298' title='bbox 309 3241 338 3290; x_wconf 90' lang='lat' dir='ltr'><strong>et</strong></span> <span class='ocrx_word' id='word_1_299' title='bbox 354 3251 458 3292; x_wconf 91' lang='lat' dir='ltr'><strong>erucae</strong></span> <span class='ocrx_word' id='word_1_300' title='bbox 479 3233 586 3291; x_wconf 89' lang='lat' dir='ltr'><strong>semine</strong></span> <span class='ocrx_word' id='word_1_301' title='bbox 608 3230 728 3305; x_wconf 88' lang='lat' dir='ltr'><strong>singulis</strong></span> <span class='ocrx_word' id='word_1_302' title='bbox 747 3227 889 3287; x_wconf 88' lang='lat' dir='ltr'><strong>drachmis</strong></span> <span class='ocrx_word' id='word_1_303' title='bbox 912 3228 1032 3286; x_wconf 91' lang='lat' dir='ltr'><strong>omnium</strong></span> <span class='ocrx_word' id='word_1_304' title='bbox 1054 3243 1088 3285; x_wconf 92' lang='lat' dir='ltr'><strong>ac</strong></span> 
     </span>
     <span class='ocr_line' id='line_1_38' title="bbox 104 3309 1088 3393; baseline -0.006 -20"><span class='ocrx_word' id='word_1_305' title='bbox 104 3317 212 3393; x_wconf 89' lang='lat' dir='ltr'><strong>piperis</strong></span> <span class='ocrx_word' id='word_1_306' title='bbox 227 3315 338 3375; x_wconf 87' lang='lat' dir='ltr'><strong>duabus</strong></span> <span class='ocrx_word' id='word_1_307' title='bbox 361 3316 491 3375; x_wconf 84' lang='lat' dir='ltr'><strong>admixtis</strong></span> <span class='ocrx_word' id='word_1_308' title='bbox 508 3316 547 3372; x_wconf 92' lang='lat' dir='ltr'><strong>ita</strong></span> <span class='ocrx_word' id='word_1_309' title='bbox 572 3312 678 3389; x_wconf 90' lang='lat' dir='ltr'><strong>pastilli</strong></span> <span class='ocrx_word' id='word_1_310' title='bbox 700 3309 874 3385; x_wconf 89' lang='lat' dir='ltr'><strong>singularum</strong></span> <span class='ocrx_word' id='word_1_311' title='bbox 895 3309 1088 3370; x_wconf 89' lang='lat' dir='ltr'><strong>drachmarum</strong></span> 
     </span>
     <span class='ocr_line' id='line_1_39' title="bbox 104 3392 1130 3477; baseline -0.01 -18"><span class='ocrx_word' id='word_1_312' title='bbox 104 3397 255 3476; x_wconf 83' lang='lat' dir='ltr'><strong>bibantur,</strong></span> <span class='ocrx_word' id='word_1_313' title='bbox 283 3417 340 3477; x_wconf 91' lang='lat' dir='ltr'><strong>per</strong></span> <span class='ocrx_word' id='word_1_314' title='bbox 353 3417 385 3458; x_wconf 88' lang='lat' dir='ltr'><strong>se</strong></span> <span class='ocrx_word' id='word_1_315' title='bbox 400 3399 519 3458; x_wconf 90' lang='lat' dir='ltr'><strong>laterum</strong></span> <span class='ocrx_word' id='word_1_316' title='bbox 533 3413 634 3455; x_wconf 88' lang='lat' dir='ltr'><strong>carnes</strong></span> <span class='ocrx_word' id='word_1_317' title='bbox 649 3392 744 3453; x_wconf 89' lang='lat' dir='ltr'><strong>obolis</strong></span> <span class='ocrx_word' id='word_1_318' title='bbox 756 3392 830 3452; x_wconf 92' lang='lat' dir='ltr'><strong>binis</strong></span> <span class='ocrx_word' id='word_1_319' title='bbox 845 3410 907 3451; x_wconf 91' lang='lat' dir='ltr'><strong>cum</strong></span> <span class='ocrx_word' id='word_1_320' title='bbox 929 3408 1023 3455; x_wconf 86' lang='lat' dir='ltr'><strong>murra</strong></span> <span class='ocrx_word' id='word_1_321' title='bbox 1038 3400 1069 3453; x_wconf 86' lang='lat' dir='ltr'><strong>et</strong></span> <span class='ocrx_word' id='word_1_322' title='bbox 1079 3398 1130 3453; x_wconf 76' lang='lat'><strong>12⁰</strong></span> 
     </span>
     <span class='ocr_line' id='line_1_40' title="bbox 151 3472 926 3546; baseline -0.009 -4"><span class='ocrx_word' id='word_1_323' title='bbox 151 3503 220 3546; x_wconf 80' lang='lat' dir='ltr'><strong>num.</strong></span> <span class='ocrx_word' id='word_1_324' title='bbox 235 3503 301 3542; x_wconf 63' lang='lat' dir='ltr'><strong>nar,</strong></span> <span class='ocrx_word' id='word_1_325' title='bbox 314 3503 384 3544; x_wconf 77' lang='lat' dir='ltr'><strong>rusa.</strong></span> <span class='ocrx_word' id='word_1_326' title='bbox 407 3485 455 3543; x_wconf 89' lang='lat' dir='ltr'><strong>IV.</strong></span> <span class='ocrx_word' id='word_1_327' title='bbox 888 3472 926 3535; x_wconf 85' lang='lat'><strong>12</strong></span> 
     </span>
    </p>
   </div>
   <div class='ocr_carea' id='block_1_4' title="bbox 0 0 1257 3817">
    <p class='ocr_par' dir='ltr' id='par_1_4' title="bbox 0 0 1257 3817">
     <span class='ocr_line' id='line_1_41' title="bbox 0 0 1257 3817; baseline 0 0"><span class='ocrx_word' id='word_1_328' title='bbox 0 0 1257 3817; x_wconf 95' lang='lat' dir='ltr'><strong> </strong></span> 
     </span>
    </p>
   </div>
  </div>
 </body>
</html>
