2484 3817
173 196 232 259 128
521 209 551 256 c.
567 208 662 255 nuru
678 206 825 255 snouunr

170 364 319 423 mandatur
340 362 403 422 sale
418 370 448 421 et
463 361 531 420 oleo
544 368 575 419 et
591 360 713 419 cumino.
747 358 875 419 Daucnm
893 366 920 419 et
933 376 1048 419 menses
1064 368 1093 419 et
1108 378 1154 419 se·

171 447 278 506 enudas
295 456 365 524 potu
379 445 514 505 facillime
531 442 628 520 pellit,
652 444 782 503 ladanum
796 442 891 501 sulbtu
909 444 1029 518 corrigit
1042 442 1154 519 volvas,
1194 444 1199 455 '

170 530 264 591 dolori
280 547 376 589 earum
388 528 617 602 exulceratisque
632 527 785 603 inponitur.
813 534 941 584 emortua
954 527 1155 585 scammonium

129 623 180 677 158
191 612 272 690 pellit
287 621 385 691 potum
398 610 447 669 vel
463 609 633 687 adpositum.
660 609 775 669 Menses
791 610 846 668 cist
861 608 1028 686 hypericum
1045 619 1149 668 utrum·
1182 622 1185 629 ’

171 713 227 773 que
250 696 426 773 adpositum,
452 701 517 751 ante
533 692 588 751 alia
605 707 693 768 vero,
709 700 739 750 ut
753 691 921 770 Hippocrati
943 692 1070 767 videtur,
1092 710 1181 755 cre-s

170 779 263 837 thmos
286 797 302 837 e
325 778 392 836 rino
415 777 523 835 semine
539 774 708 850 relradice‚
726 778 835 833 cortice
849 774 933 833 trahit
955 783 984 832 et
1006 774 1156 850 secundas,

170 863 311 921 succurrit
326 870 355 919 et
370 858 643 935 strangulationibus
659 876 696 916 ex
710 875 781 935 aqua
798 866 876 935 pota,
892 859 959 916 item
975 859 1059 917 radix
1072 876 1089 917 e
1105 876 1156 934 ge-

168 945 250 1004 ranio
273 943 456 1023 peculiariter
482 939 616 999 secundis
640 940 889 1017 inflationibusque
910 939 1058 999 volvarum
1088 959 1156 1000 con·

169 1030 300 1086 veniens.
330 1034 434 1103 purgat
446 1022 576 1101 hippuris
596 1032 666 1101 pota
687 1032 715 1082 et
736 1024 866 1101 adposita
889 1023 1000 1083 volvas.
1031 1024 1156 1101 polygo-

169 1128 222 1170 nus
238 1120 305 1188 pota
320 1126 434 1166 menses
452 1107 509 1166 ciet
522 1116 551 1165 et
567 1106 688 1165 alcimae
703 1108 793 1166 radix.
822 1106 891 1165 lolia
906 1106 1078 1183 plantaginis
1089 1108 1156 1185 pel·
1169 1121 1192 1161 10

128 1204 178 1257 159
190 1194 267 1268 lunt,
289 1193 357 1249 item
372 1191 517 1265 agaricum
533 1208 571 1247 ex
586 1207 660 1267 aqua
673 1190 774 1249 auulsa.
810 1189 963 1248 Artemisia
978 1190 1084 1249 volvae
1099 1210 1157 1249 me-

171 1275 252 1334 detur
267 1275 349 1347 trita,
372 1290 409 1330 ex
432 1271 500 1331 oleo
514 1274 587 1330 irino
602 1282 650 1331 aut
668 1290 730 1331 cum
747 1273 802 1331 lico
815 1281 862 1331 aut
877 1290 940 1331 cum
957 1291 1052 1332 murra
1067 1274 1157 1352 adpo·

169 1358 234 1435 sita.
268 1355 396 1414 eiusdem
410 1354 492 1414 radix
506 1365 575 1432 pota
588 1356 616 1413 iu
633 1364 738 1414 tantum
753 1364 858 1434 purgat
877 1364 907 1413 ut
922 1366 1020 1433 partus
1037 1366 1158 1417 enectos

170 1439 309 1498 extrahat.
338 1456 453 1496 menses
475 1446 504 1497 et
518 1438 660 1497 secundas
681 1440 737 1497 ciet
757 1456 898 1498 ramorum
919 1438 1070 1499 decoctum
1090 1441 1157 1500 insi·

170 1522 312 1597 dentibus,
331 1523 397 1580 item
411 1521 481 1580 folia
498 1531 566 1599 pota
580 1521 724 1585 drachma.
756 1522 791 1581 ad
812 1520 912 1581 eadem
927 1525 1020 1582 omnia
1036 1532 1157 1602 prosunt
1167 1540 1192 1581 ιι

127 1614 179 1669 160
189 1604 238 1663 rel
252 1606 376 1682 inposita
390 1605 482 1663 ventri
498 1607 555 1663 imo
569 1621 633 1663 cum
651 1604 742 1676 farina
758 1605 932 1665 hordeacea.
950 1604 1069 1665 Acoron
1087 1624 1156 1685 quo·

169 1706 227 1767 que
241 1688 312 1747 utile
327 1696 371 1747 est
386 1684 569 1747 interioribus
584 1688 750 1747 feminarum
771 1688 882 1764 ιιιοιὶιίιΙ
901 1697 930 1748 et
953 1706 1062 1763 conyza
1081 1700 1158 1749 utra·

168 1788 226 1849 qne
242 1780 271 1830 et
284 1771 438 1831 crethmos.
475 1780 505 1829 et
519 1769 693 1845 anthyllides
708 1771 780 1831 duae
795 1772 889 1831 volvis
912 1772 1078 1831 utilissimae
1099 1782 1157 1833 tor·

167 1853 348 1931 minibnsque
369 1863 398 1913 et
418 1852 605 1912 secundarum
627 1870 724 1913 morae
745 1856 773 1914 in
786 1857 853 1915 vino
876 1864 973 1933 potae.
1004 1854 1158 1915 Gallithrix

167 1938 228 1996 fotu
244 1937 318 1996 locis
335 1937 474 2011 medetur,
493 1936 642 2012 albugines
657 1940 686 1996 in
703 1940 799 2017 capite
814 1938 902 2011 tollit,
926 1938 1048 2016 capillos
1065 1940 1155 1998 inlicit
1165 1953 1191 1992 ²⁰

167 2020 236 2079 oleo
259 2022 334 2079 trita.
367 2020 507 2095 geranion
522 2021 551 2077 iu
567 2021 635 2078 vinc
652 2020 719 2079 albo
738 2030 850 2099 potum,
870 2021 1048 2097 hypocisthis
1064 2023 1092 2081 in
1109 2042 1155 2082 rn-

167 2103 221 2162 bro
239 2102 412 2179 profluvium
427 2103 540 2159 sistunt.
566 2102 716 2179 Hyscpum
732 2104 938 2164 suffocationes
952 2104 1039 2163 laxat.
1071 2105 1156 2165 radix

166 2179 351 2244 verbenacae
378 2192 447 2262 pota
460 2175 512 2241 ‘ex
532 2200 604 2261 aqua
626 2183 661 2244 ad
687 2190 777 2245 omnia
799 2189 827 2246 in
850 2196 931 2265 pantu
952 2196 999 2247 aut
1019 2206 1057 2247 ex
1072 2198 1156 2267 partu

125 2278 174 2333 161
188 2268 261 2327 mala
282 2267 533 2347 praestantissima.
564 2267 735 2327 Peucedano
758 2270 870 2345 quidam
893 2272 1013 2329 miscent
1039 2272 1067 2330 in
1087 2274 1155 2331 vino

165 2353 251 2427 nigro
266 2368 363 2409 semen
377 2350 508 2428 cupressi
524 2350 684 2410 contritum.
716 2370 779 2411 uam
801 2371 898 2413 semen
914 2353 1000 2431 psylli
1018 2354 1152 2415 deferve-
1163 2377 1189 2415 ιι

166 2434 315 2494 lactum'in
331 2450 419 2508 aqua,
443 2450 507 2491 cum
522 2432 660 2511 intepuit,
684 2434 839 2513 epiphoras
866 2439 957 2496 omnis
981 2439 1057 2496 uteri
1074 2437 1153 2495 lenit.

166 2515 345 2593 Symphytcn
361 2514 454 2572 tritum
475 2516 503 2573 in
525 2518 591 2574 vino
609 2520 692 2594 nigro
716 2529 819 2579 evocat
838 2538 963 2579 menses.
992 2529 1090 2599 partus
1104 2519 1154 2579 ad·

167 2600 277 2659 celerat
299 2596 443 2656 scordotis
462 2608 532 2676 pota
552 2598 687 2659 drachma
709 2604 771 2660 suci
792 2604 821 2661 in
842 2619 934 2679 aquae
953 2604 1062 2663 mulsae
1085 2620 1154 2677 cya-

165 2682 221 2743 this
241 2688 382 2758 qnattuor.
410 2680 543 2740 dictamni
557 2681 627 2741 lolia
642 2683 794 2760 praeclare
806 2683 905 2744 dantur
920 2703 957 2744 ex
973 2704 1054 2764 aqua.
1083 2704 1153 2745 con·

165 2773 222 2825 stat
234 2765 316 2822 unius
331 2763 411 2822 oboli
433 2764 579 2840 pondere,
601 2766 650 2824 vel
673 2766 698 2823 si
717 2768 818 2825 mortui
842 2766 939 2827 sintin
959 2778 1041 2828 utero
1061 2768 1191 2835 tutan-ao

165 2857 219 2924 tes,
234 2847 363 2925 protinus
377 2845 458 2905 reddi
474 2849 535 2906 sine
549 2850 703 2908 vexatione
715 2866 887 2927 puerperae.
920 2852 1050 2912 similiter
1065 2852 1153 2931 prnd-

166 2938 211 2990 est
236 2928 533 3008 pseudodictamnum,
563 2932 615 2992 sed
636 2930 758 3006 tardius,
787 2932 963 3006 cyclaminos
987 2934 1152 3011 adalligata,

166 3012 373 3073 cissanthemos
394 3021 473 3093 pota,
489 3015 557 3072 item
573 3013 746 3073 vettonicae
761 3014 851 3074 farina
866 3034 903 3076 ex
919 3035 991 3095 aqua
1006 3017 1108 3077 mulsa.

124 3106 185 3170 162
238 3095 321 3174 (91.)
342 3097 556 3172 Arscnogouon
573 3107 602 3156 et
617 3097 794 3173 thelygonon
808 3098 914 3165 herbae
933 3098 1153 3161 sunt'habentes

167 3196 236 3239 uvas
250 3178 368 3240 lloribus
383 3180 468 3239 oleae
485 3181 604 3256 similis,
628 3180 795 3258 pallidiores
816 3192 925 3259 tamen,
941 3201 1039 3243 semen
1054 3183 1151 3243 album
1161 3206 1189 3247 es

166 3264 320 3340 papaveris
333 3263 429 3322 modo.
450 3262 600 3340 thelygoni
615 3273 683 3341 potu
695 3266 827 3327 feminam
843 3267 956 3344 concipi
970 3276 1094 3343 narrant,
1109 3302 1154 3313 —

90 3383 96 3391 ·
166 3361 369 3422 arsenogonon
377 3346 413 3405 ab
425 3364 459 3405 ea
472 3349 579 3407 semine
591 3348 685 3427 oleae,
697 3366 753 3409 nec
765 3350 821 3409 alio
835 3349 975 3424 distat-
986 3349 1067 3408 huius
1081 3360 1153 3427 potu

166 3428 251 3487 maris
275 3430 426 3507 generari,
457 3430 482 3491 si
508 3430 659 3491 credimus.
705 3433 751 3493 alii
781 3442 927 3511 utramque
955 3434 1048 3494 ocimo
1074 3435 1151 3492 sirni-
