2484 3817
165 218 226 280 312
264 230 567 283 c.ru1n1sscuuur
585 193 771 278 ns'r.u1sr.
788 231 898 277 nnn.
914 225 957 282 11.
974 219 1033 294 (53.
1045 218 1107 296 54.)

125 397 172 450 151
183 393 311 462 squatum
319 400 511 459 vocamus-,
520 382 665 460 rhombus,
674 382 994 462 scarus—principalis
1002 384 1149 462 hodie-,

166 467 257 542 solea,
274 485 385 546 sargus,
403 467 517 545 squilla,
532 466 663 526 sarda-
676 469 714 526 ita
729 475 848 526 vocatur
863 466 991 544 pelamys
1008 467 1096 545 longa
1112 487 1150 529 ex

166 567 276 611 oceano
290 553 466 627 veniens-,
480 549 624 623 sccmher,
634 549 725 630 salpa,
737 567 832 626 sorus,
841 566 1009 630 scorpaena,
1020 554 1150 631 scorpio,

165 637 250 709 scias,
266 637 391 711 sciaena,
407 632 550 709 scindens,
566 633 770 711 scolopendra,
786 651 909 709 zmyrus,
925 637 1034 712 saepia,
1049 644 1149 696 strom·

165 718 226 795 hus,
239 718 369 777 soleu-
379 719 441 777 sire
453 717 534 776 aulos
546 719 607 776 sive
619 716 714 777 donax
724 719 786 777 sive
798 733 875 791 onyx
886 717 948 777 sire
960 717 1174 796 dactylus-,e

164 801 332 879 spondylus,
349 800 500 876 zmarides,
515 801 628 875 stellae,
643 817 809 878 spongeae,
825 799 923 859 turdus
934 803 1009 860 inter
1021 803 1150 862 saxatilis

163 885 283 961 nobilis,
310 883 439 959 thynnis,
466 884 638 944 threnis-
659 902 742 962 quem
765 882 813 942 alii
833 882 948 960 xiphian
968 893 1074 945 vocant
1091 919 1150 963 —,

161 968 282 1042 thrissa,
306 967 446 1046 torpedo,
467 967 581 1042 tethea,
607 969 749 1026 tritomum
766 999 809 1012 -
828 966 1010 1044 pelamydum
1030 969 1150 1045 generis

161 1054 256 1128 magni
272 1069 309 1110 ex
326 1068 383 1128 qno
398 1060 480 1110 terna
496 1050 580 1126 cyhia
596 1051 732 1127 liunt—,
754 1049 888 1126 Veneria,
901 1067 968 1127 nvn,
983 1051 1106 1130 xiphias.

120 1146 171 1200 152
231 1135 314 1213 (54.)
332 1134 383 1193 llis
399 1133 555 1194 adiciemus
575 1132 610 1193 ah
624 1133 728 1193 Ouidio
745 1135 838 1212 posita
850 1135 963 1193 nonina
980 1151 1054 1211 qnae
1072 1135 1147 1214 apud
1160 1149 1185 1189 ro

161 1219 301 1278 neminem
314 1218 397 1277 alium
409 1219 600 1295 reperiuntur,
613 1215 665 1276 sed
679 1216 809 1276 iomassis
821 1217 849 1275 in
860 1215 951 1275 Ponto
963 1221 1149 1295 nascentium,

162 1302 209 1361 ubi
229 1301 256 1360 id
275 1301 409 1360 volumen
425 1301 566 1376 supremis
584 1303 644 1360 suis
660 1299 837 1376 temporibus
853 1298 1012 1360 inchoarit:
1033 1300 1149 1378 hovem,

162 1402 312 1459 cercyrum
326 1385 355 1442 in
372 1382 499 1460 scopulis
514 1385 669 1458 viventem,
685 1383 806 1460 orphum
825 1381 1032 1462 rubentemque
1043 1386 1148 1460 erythi-

161 1487 241 1543 num,
261 1467 357 1542 iulum,
377 1467 468 1544 pictas
486 1480 644 1541 mormyras
659 1466 796 1544 aureique
812 1466 922 1526 coloris
938 1467 1149 1548 chrysophryn‚

162 1560 314 1631 praeterea
340 1566 455 1626 parum,
480 1557 591 1627 tragum
615 1558 645 1609 et
670 1549 831 1628 placentem
854 1548 945 1612 cnuda
963 1551 1185 1628 melanurunn,1s

120 1648 170 1701 153
183 1635 293 1713 epodas
310 1633 358 1692 lati
375 1633 502 1709 generis.
539 1633 658 1693 Praeter
677 1633 751 1692 haec
770 1633 893 1709 insignia
910 1635 1031 1712 piscium
1050 1635 1148 1695 tradit:

162 1719 291 1778 channen
317 1735 353 1775 ex
378 1735 409 1776 se
433 1719 495 1795 ipsn
517 1720 692 1795 concipere,
712 1716 846 1794 glaucum
867 1724 978 1778 aestiuo
998 1735 1149 1797 numquam

161 1803 320 1880 adparere,
343 1799 499 1877 pompilum
522 1801 569 1877 qui
595 1816 712 1877 semper
734 1801 887 1860 comitetur
902 1802 1013 1860 uadum
1035 1819 1148 1880 cursus,

162 1885 291 1946 chromin
307 1885 354 1961 qui
371 1883 498 1942 nidilicet
512 1883 540 1941 in
555 1884 645 1961 aquis.
671 1881 807 1960 helopem
822 1884 891 1944 dicit
905 1903 973 1944 esse
988 1887 1094 1946 nostris
1108 1887 1148 1945 in·

162 1970 306 2044 cognitum
320 1965 411 2043 undis,
429 1983 467 2024 ex
482 1983 538 2043 quo
554 1967 675 2044 adparet
687 1965 749 2024 ialli
764 1983 817 2026 eos
831 1969 879 2044 qui
893 1968 1015 2027 eundem
1031 1970 1145 2048 acipen·
1157 1987 1185 2029 to

161 2067 257 2111 serem
269 2049 502 2109 existimaverint.
521 2048 619 2127 helopi
631 2048 751 2126 palma·
762 2052 876 2128 saporis
885 2051 960 2110 inter
972 2053 1149 2129 piscismulti
1171 2065 1179 2074 ·

120 2147 171 2202 154
182 2132 299 2194 dedere.
322 2134 391 2191 Sunt
408 2141 559 2209 praeterea
574 2150 589 2190 a
604 2131 685 2190 nullo
699 2142 820 2192 anctore
833 2134 983 2194 nominati:
1005 2135 1082 2195 sudis
1096 2136 1147 2196 ha·

160 2219 218 2278 tine
234 2215 404 2294 appellatur,
417 2215 528 2275 Graece
545 2214 717 2292 sphyraena‚
734 2224 831 2277 rostro
845 2215 946 2278 similis
959 2219 1075 2295 nomini,
1090 2236 1147 2277 rna-

161 2299 307 2380 gnitndine
322 2298 396 2358 inter
411 2298 618 2376 amplissimos,
635 2316 716 2359 rarus
730 2300 772 2377 is,
793 2299 917 2360 sednon
933 2300 1071 2378 degener.
1099 2319 1147 2380 ap-

162 2383 306 2464 pellantur
320 2391 349 2441 et
364 2399 471 2459 pernae
488 2381 660 2442 concharum
680 2384 798 2459 generis
820 2385 897 2443 circa
911 2382 1027 2443 Pontias
1041 2384 1184 2446 insulasae

160 2466 419 2546 frequentissimae.
446 2474 524 2526 stant
539 2465 618 2525 velut
633 2465 719 2526 suillo
735 2485 819 2526 crure
834 2467 923 2544 longo
936 2468 965 2526 in
978 2466 1085 2526 harena
1099 2467 1148 2528 de-

161 2555 235 2613 fixae
244 2549 474 2628 hiantesquequa
483 2548 602 2610 latitudo
615 2558 661 2608 est
674 2549 771 2628 pedali
782 2551 937 2610 nonmiuus
949 2551 1043 2629 spatio
1056 2551 1148 2611 cibusn

160 2641 316 2708 venantur,
340 2633 434 2692 dentis
450 2633 569 2692 circuitu
591 2634 747 2710 marginum
767 2632 871 2693 hahent
885 2634 1051 2712 pectinatim
1074 2635 1147 2712 spis-

162 2730 255 2793 satos,
279 2718 353 2775 intus
371 2715 503 2795 spondyli
525 2715 643 2793 grandis
659 2734 728 2776 caro
747 2725 798 2775 est.
826 2725 856 2778 et
875 2717 1014 2792 hyaenam
1037 2719 1148 2798 piscem

161 2804 217 2862 vidi
235 2803 262 2859 in
281 2800 406 2860 Aenaria
421 2799 513 2859 insula
530 2810 652 2879 captum.
686 2799 800 2859 Exeunt
816 2809 932 2880 praeter
947 2801 1020 2861 haec
1041 2819 1146 2880 pnrga-
1158 2819 1184 2860 nc

161 2895 253 2946 menta
266 2883 358 2962 aliqua
372 2882 464 2943 relatu
477 2882 591 2961 indigna
608 2893 638 2943 et
652 2883 725 2959 algis
738 2884 833 2960 potius
845 2884 1053 2946 adnumeranda
1065 2901 1149 2963 quarn

162 2965 339 3030 animalibus.
