2484 3817
363 190 443 238 nar.
457 189 546 249 nasu.
561 189 658 237 mx.
673 190 699 241 1.
714 184 828 253 (a—o.)
1015 179 1076 241 209

91 342 621 421 lissitetiaciledisperdunt.
652 344 1078 423 nosquoquedictitant

91 427 273 489 barbaros
290 435 327 485 et
345 427 714 505 spurciusuosquam
736 428 835 489 alios
858 432 993 508 opicos
1013 447 1075 507 ap·

92 508 482 591 pellationeioedant.
510 510 1014 573 interdixitibidemedicis.

155 595 220 671 (8.)
241 593 338 670 Atque
369 592 417 651 bic
446 590 517 653 Cato
537 592 626 653 DGV.
650 610 723 652 anuo
752 594 831 655 urbis
851 605 966 656 nostrae
991 596 1073 675 obiit,
1086 606 1118 661 15

71 676 237 739 rtxxxv.
252 694 321 751 suo,
337 693 374 734 ne
392 676 457 753 quis
472 675 515 735 illi
528 675 655 735 defuisse
672 675 789 755 publice
807 688 936 757 tempora
958 688 1005 737 aut
1022 681 1077 758 pri·

92 763 180 821 vatim
206 761 282 819 vitae
306 760 399 836 spatia
417 758 453 818 ad
474 759 680 835 experiendum
702 759 864 821 arbitretur.
896 762 962 840 quid
985 760 1088 839 ergoi'

92 845 251 905 damnatam
270 842 306 901 ab
324 859 361 901 eo
381 860 444 901 rem
463 842 640 902 utilissimam
661 843 823 905 credimus?
850 846 988 919 minume,
1007 843 1077 906 Her·

94 927 184 988 cules.
214 925 319 987 subicit
344 926 419 985 euim
441 944 497 1003 qna
522 925 663 986 medicina
696 944 728 985 se
754 937 784 986 et
810 930 962 1005 coniugem
988 946 1078 1007 usque

93 1010 259 1086 adiungam
278 1018 424 1069 senectam
440 1008 623 1086 perduxerit,
645 1010 680 1069 iis
700 1012 771 1089 ipsis
788 1011 900 1071 scilicet
916 1028 990 1089 quae
1004 1029 1078 1071 nunc

60 1102 191 1155 ronostra
212 1095 349 1168 citamus,
375 1094 582 1169 profiteturque
605 1111 673 1153 esse
695 1096 925 1155 commentarium
945 1093 999 1155 sibi
1022 1112 1078 1173 quo

92 1176 240 1237 medeatur
261 1177 337 1252 lilio,
365 1177 474 1250 servis,
496 1176 699 1251 familiaribus,
726 1195 810 1254 quem
829 1193 882 1237 uos
901 1195 955 1257 per
969 1195 1079 1254 genera

93 1279 162 1321 usus
179 1261 223 1319 sui
239 1259 402 1335 digerimus.
429 1259 496 1319 Nou
509 1277 571 1318 rem
587 1261 695 1338 antiqui
709 1260 892 1337 damnabant,
908 1260 960 1320 sed
976 1270 1074 1338 artem,
1088 1272 1120 1325 16

92 1361 225 1403 maxume
246 1358 318 1400 vero
343 1352 492 1420 quaestum
512 1361 579 1402 esse
605 1344 776 1421 manipretio
797 1346 873 1405 vitae
897 1344 1078 1407 recusabant.

93 1426 158 1487 ideo
174 1426 311 1503 templum
324 1425 493 1503 Aesculapi,
510 1428 595 1486 etiam
611 1445 675 1486 cum
688 1428 871 1504 reciperetur
886 1430 910 1487 is
925 1426 1011 1503 deus,
1029 1447 1078 1487 ex-

64 1528 86 1566 is
95 1520 137 1570 tra
150 1510 251 1569 urbem
266 1508 374 1567 iecisse
385 1511 542 1587 iterumque
555 1510 582 1568 in
595 1509 688 1569 insula
701 1510 857 1588 traduntur,
877 1521 980 1571 etcum
993 1511 1077 1571 Grac

92 1612 143 1654 cos
160 1592 244 1652 ltalia
258 1591 401 1669 pellerent
417 1592 464 1651 diu
480 1595 564 1652 etiam
575 1602 642 1669 post
657 1592 805 1667 Catonem,
823 1594 976 1670 excepisse
991 1594 1077 1653 medi·

92 1694 155 1737 cos.
184 1676 299 1751 augebo
314 1674 520 1753 providentiam
535 1675 660 1734 illorum.
682 1676 773 1733 solam
787 1675 860 1734 banc
878 1676 977 1733 artium
990 1674 1075 1736 Grae·
1088 1688 1120 1743 17

92 1777 190 1821 carum
208 1758 330 1818 nondum
345 1767 465 1818 exercet
474 1758 602 1817 Romana
616 1758 743 1833 gravitas
758 1759 878 1817 intanto
894 1755 997 1832 lructu,
1013 1759 1079 1832 Qui·

93 1844 188 1903 titium
214 1841 377 1919 paucissimi
397 1842 520 1917 attigere
540 1848 569 1898 et
588 1840 644 1917 ipsi
666 1840 759 1899 statim
784 1839 819 1899 ad
841 1839 967 1899 Graecos
990 1849 1079 1899 trans-

59 1945 86 1984 eo
95 1926 194 2001 largae,
208 1928 290 1984 immo
306 1942 377 1984 vero
393 1924 547 1983 auctoritas
559 1923 644 1983 aliter
659 1940 742 2000 quam
755 1922 865 1983 Graece
883 1942 945 1983 cam
958 1932 1079 1985 tractan-

96 2008 174 2068 tibus
195 2011 275 2067 etiam
296 2007 371 2086 apud
391 2009 531 2087 inperitos
552 2008 740 2084 expertisque
755 2006 869 2084 linguae
884 2024 941 2065 uon
961 2016 1021 2083 est,
1045 2025 1080 2069 ac

92 2093 188 2151 minus
199 2092 315 2151 creduut
329 2109 404 2169 quae
418 2089 583 2150 adsalutem
594 2108 674 2150 suam
689 2092 842 2169 pertinent,
859 2091 883 2149 si
899 2090 1079 2168 intellegunt.

92 2177 203 2252 itaque,
216 2174 369 2250 Hercules,
384 2176 413 2234 iu
428 2173 481 2235 bac
492 2174 592 2234 artium
607 2173 672 2235 sola
684 2174 779 2233 evenit
793 2182 822 2232 ut
838 2175 1005 2253 cuicumque
1020 2193 1079 2234 me·

93 2259 189 2319 dicum
198 2276 233 2317 se
244 2258 378 2335 professo
394 2258 488 2318 statim
502 2257 645 2329 credatur,
659 2274 722 2316 cum
736 2257 774 2317 sit
788 2257 946 2335 periculum
960 2260 989 2317 in
1000 2258 1078 2318 nullo

60 2341 246 2401 esmeudacio
261 2342 360 2399 maius.
392 2359 450 2401 uon
467 2351 560 2402 tamen
575 2339 645 2400 illud
659 2341 812 2415 intuemur,
829 2340 903 2400 adeo
915 2340 1018 2401 blanda
1033 2350 1078 2401 cst
1091 2351 1133 2404 18.

93 2423 230 2502 sperandi
252 2442 306 2502 pro
329 2442 362 2482 sc
383 2426 485 2502 cuique
506 2424 640 2485 dulcedo.
669 2424 746 2483 nulla
768 2432 920 2503 praeterea
941 2425 990 2483 lex
1007 2441 1079 2502 quae

94 2508 196 2587 puniat
208 2508 350 2567 inscitiam
365 2523 444 2581 eam,
469 2506 594 2586 capitale
615 2507 722 2567 nullum
744 2507 906 2587 exemplum
928 2507 1079 2566 vindictae.

92 2592 207 2651 discunt
228 2590 365 2667 periculis
384 2592 489 2665 nostris
513 2600 543 2649 et
564 2590 759 2667 experimenta
782 2608 834 2669 per
861 2592 960 2649 mortis
981 2596 1079 2665 agunt,

92 2674 267 2751 medicoque
282 2682 387 2732 tautum
408 2673 551 2733 hominem
571 2673 714 2733 occidisse
736 2674 876 2751 inpunitas
898 2689 1004 2731 somma
1026 2679 1079 2730 est.

61 2765 85 2807 ³⁰
95 2759 165 2837 quin
178 2757 264 2815 immo
281 2758 383 2816 transit
398 2758 551 2816 convitium
564 2766 593 2816 et
607 2758 822 2834 intemperantia
845 2755 974 2833 culpatur
993 2753 1080 2812 ultro-

93 2859 152 2919 que
167 2841 216 2918 qui
232 2842 348 2917 periere
364 2850 527 2916 arguuntur.
556 2840 609 2899 sed
628 2839 762 2899 decuriae
781 2856 834 2918 pro
855 2856 934 2897 more
953 2838 1080 2898 censuris

94 2927 257 3003 principum
269 2924 473 2998 examinantur,
492 2924 635 3003 inquisitio
652 2940 703 2999 per
716 2924 842 3001 parietes
856 2920 964 2997 agitur,
986 2928 1015 2979 et
1032 2922 1080 2998 qui

95 3008 133 3067 de
147 3025 261 3067 nummo
276 3006 383 3065 iudicet
407 3006 564 3067 aGadibus
583 3005 778 3081 columnisque
803 3002 934 3063 Herculis
957 3004 1079 3062 arcessi·
1173 3044 1188 3063 s

94 3100 151 3165 tur,
172 3091 209 3150 de
223 3089 329 3149 exsilio
346 3106 417 3148 vero
431 3108 488 3149 uon
504 3090 558 3147 nisi
572 3087 648 3147 XLV
662 3088 764 3147 electis
781 3088 849 3145 viris
863 3083 944 3143 datur
963 3084 1079 3145 tabella.

63 3183 125 3233 mat
142 3174 180 3233 de
200 3173 296 3233 iudice
322 3172 386 3248 ipso
404 3173 504 3249 quales
526 3172 554 3229 iu
570 3172 719 3231 consilium
739 3179 806 3228 eunt
827 3168 920 3227 statim
936 3168 1123 3234 occisuril19

95 3259 210 3331 merito,
226 3256 292 3317 dum
307 3254 410 3315 nemini
425 3264 553 3315 nostrum
566 3253 638 3312 libet
650 3254 727 3311 scire
745 3250 811 3329 quid
827 3248 909 3309 saluti
923 3269 992 3312 suae
1007 3269 1081 3330 opus

96 3341 143 3399 sit.
179 3341 282 3401 alienis
303 3336 422 3417 pedibus
444 3336 632 3409 ambulamus,
659 3334 758 3393 alienis
778 3333 869 3392 oculis
888 3336 1079 3411 agnoscimus,

96 3423 190 3485 aberra
204 3423 342 3483 memoria
363 3420 532 3495 salutamus,
554 3417 648 3479 abeua
664 3425 693 3477 et
713 3416 832 3475 vivimus
852 3434 957 3495 opera,
985 3418 1079 3497 peric·

145 3528 214 3571 euru.
233 3527 297 3567 aar.
316 3525 385 3565 ursa.
401 3508 450 3563 lV.
886 3500 924 3560 14
