2484 3817
275 162 356 211 1161.
376 162 607 214 1116666611.
627 162 671 214 aa.
692 149 840 232 (te—to.)
1004 147 1069 214 1352

76 317 206 384 accidat.
218 315 363 380 Invenere
377 324 409 377 et
421 315 507 377 alium
522 316 643 376 usumin
657 317 794 376 ramentis
809 331 994 396 squamaque,
1008 319 1067 378 cir·

76 420 138 462 cum
151 418 310 460 maxumum
324 399 398 460 ludis
414 397 601 460 Circensibus
615 398 765 485 sternendi
781 406 812 456 ut
826 401 865 458 sit
879 401 909 459 iu
923 418 1064 474 commen·

76 485 190 546 datione
205 483 321 543 candor.
411 529 415 537 .
453 504 461 515 *
651 511 655 518 ¹

136 566 217 645 (46.)
235 566 355 628 Nerone
370 567 502 644 principe
517 566 547 626 in
558 562 741 642 Cappadocia
756 573 892 643 repertus
908 575 953 626 est
968 567 1041 647 lapis
1056 579 1107 634 163

54 651 361 726 61611116661616116,
381 648 516 708 candidus
539 656 625 724 atque
649 648 791 708 tralucens
809 649 894 708 etiam
912 667 967 726 qua
982 661 1064 727 parte

77 734 170 794 161166
184 733 344 794 1661161661
358 750 469 807 venae,
486 750 524 791 cx
537 739 707 808 argomento
722 731 878 809 phengites
892 732 1064 811 appellatus.
1146 759 1150 769 *

76 818 131 877 hoc
147 824 350 877 construxerat
374 812 476 874 aedem
489 815 635 874 Fortunae
656 832 739 892 quam
754 814 849 874 Seiam
863 815 1027 893 appellant,
1050 835 1075 877 a.

78 901 180 960 Servio
198 916 271 974 rege
287 907 442 971 sacratam,
464 897 613 975 amplexus
633 916 721 958 aurea
742 898 845 974 domo,
866 915 954 976 quare
981 901 1082 958 etiam.

77 983 187 1044 loribus
207 983 319 1058 opertis
340 981 467 1041 interdiu
487 980 602 1041 claritas
632 981 672 1040 ihi
695 981 795 1042 diurna
817 989 890 1042 erat.
903 981 961 1043 alio
984 1000 1066 1060 quam

42 1088 68 1129 16
78 1064 266 1145 specularium
280 1064 367 1124 modo
382 1073 522 1141 tamquam
536 1063 645 1124 inclusa
659 1063 741 1142 luce,
756 1083 814 1125 non
829 1067 1004 1126 transmissa.
1034 1065 1068 1125 ln

21 1170 23 1175 ¹
77 1148 183 1208 Arabia
198 1164 315 1225 quoque
333 1166 402 1207 esse
416 1146 539 1226 lapidem
556 1150 622 1207 vitri
633 1147 719 1209 modo
735 1148 900 1210 tralucidum
915 1167 972 1228 quo
988 1157 1068 1209 utan-

78 1241 124 1290 tur
141 1246 194 1307 pro
210 1228 409 1307 specularibus
425 1230 496 1292 luba
508 1240 609 1291 auctor
625 1240 690 1298 est„

140 1314 222 1391 (47.)
236 1311 318 1373 11666
330 1314 365 1373 ad
380 1316 531 1393 operarios
543 1315 656 1394 lapides
672 1318 812 1377 transisse
821 1318 978 1382 6611161161
990 1319 1048 1395 pri·
1059 1327 1111 1381 164

77 1415 208 1474 mumque
222 1405 305 1456 cotes
320 1397 401 1458 16116
414 1399 555 1459 acuendo.
576 1399 666 1458 multa
681 1417 778 1458 earum
791 1418 916 1474 genera:
934 1397 1068 1461 Creticae

42 1505 68 1545 16
78 1481 124 1540 diu
135 1498 299 1549 ,maxumam
321 1481 434 1542 laudem
450 1481 597 1558 habuere,
621 1481 774 1542 secundam
788 1479 947 1542 laconicae
964 1482 1068 1560 6161-

78 1573 147 1641 geto
164 1573 272 1642 monte,
289 1565 357 1625 oleo
372 1575 514 1643 utraeque
525 1565 699 1640 indigentes.
720 1564 797 1623 inter
812 1567 943 1643 aquarias
957 1564 1067 1627 Naxiae

78 1648 139 1709 laus
153 1666 280 1708 maxuma
294 1649 364 1722 fuit,
386 1666 454 1706 mox
468 1647 675 1721 Armeniacae,
692 1645 727 1706 de
746 1647 849 1724 quibus
870 1647 999 1710 diximus.
1027 1669 1066 1710 ex
1087 1671 1111 1706 61

79 1730 147 1791 6166
160 1739 190 1791 61
201 1747 272 1806 aqua
284 1727 404 1789 Ciliciae
415 1729 541 1808 pollent,
554 1747 593 1788 ex
604 1747 677 1807 aqua
688 1729 894 1792 Arsinoiticae.
911 1743 1047 1810 repertae
1060 1747 1109 1800 166

79 1821 191 1891 suntet
208 1811 333 1872 initalia
347 1829 420 1889 aqua
439 1811 589 1872 trahentes
605 1814 696 1872 aciem
711 1817 852 1875 acerrimo
868 1815 993 1896 6116616,
1014 1837 1069 1880 666

42 1904 191 1957 concoct
215 1903 292 1954 11666
308 1894 395 1973 Alpis
415 1912 485 1973 quas
509 1897 694 1972 passernices
714 1907 829 1959 vocant.
872 1908 971 1978 quarta
994 1903 1068 1962 ratio

82 1986 128 2038 est
145 1976 236 2037 saliva
250 1977 371 2037 hominis
387 1978 600 2065 proficientium
613 1981 644 2040 in
659 1983 863 2042 tonstrinarum
878 1983 1012 2061 cilicinis,
1028 1987 1070 2045 in-

72 2061 159 2123 utilis
182 2060 275 2137 lragili
298 2062 427 2139 mollitia.
465 2060 659 2124 laminitanae
681 2064 869 2143 exflispania
884 2068 1023 2128 citeriore
1041 2071 1070 2130 in
1121 2123 1130 2139 ,

81 2162 118 2206 66
133 2162 245 2222 genere
258 2147 439 2224 praecipuae.
730 2165 735 2172 ’

142 2227 225 2306 (48.)
245 2226 270 2286 Ε
290 2229 403 2307 reliqua
417 2229 597 2306 multitudine
612 2229 737 2308 lapidum
751 2232 828 2291 tolus
847 2232 990 2298 aediliciis,
1007 2235 1049 2294 in·
1061 2242 1111 2300 166

41 2313 159 2374 16611116
186 2321 232 2371 661
256 2313 445 2388 mortalitate,
473 2313 603 2376 mollitia.
651 2313 789 2392 quaedam
813 2325 908 2376 tamen
927 2317 992 2376 loca
1012 2334 1070 2376 non

82 2395 167 2453 alium
179 2393 295 2473 habent,
305 2397 389 2456 sicuti
402 2394 548 2473 Carthago
561 2397 712 2469 indicina.
742 2407 862 2459 exestur
873 2399 962 2459 halitu
972 2402 1069 2477 maris,
1085 2402 1091 2413 ²

81 2478 199 2536 iricatur
215 2487 319 2557 vento,
336 2480 526 2540 everberatur
539 2480 632 2540 imbri.
662 2482 715 2541 sed
733 2500 801 2544 cura
817 2491 933 2542 1666161
947 2484 1067 2560 picando

82 2561 230 2638 parietes,
250 2566 382 2638 quoniam
402 2572 432 2624 et
449 2565 555 2623 tectori
571 2563 652 2624 66166
667 2563 796 2644 roditur,
818 2567 948 2642 sciteque
965 2565 1070 2626 dictum

84 2641 181 2702 estad
196 2650 273 2703 tecta
288 2663 338 2706 eos
354 2649 437 2724 pice,
457 2646 494 2706 ad
511 2649 576 2706 vina
596 2647 676 2708 66166
690 2651 749 2725 611,
772 2649 905 2727 quoniam
921 2649 964 2708 sio
979 2658 1070 2710 musta

43 2724 229 2801 6666611661.
264 2727 328 2787 ntia
350 2730 471 2791 mollitia
490 2732 567 2790 circa
584 2729 705 2792 Romam
727 2731 857 2792 Fidenati
880 2739 909 2790 et
925 2732 1047 2793 Albano.
1061 2743 1110 2799 167

82 2812 114 2873 16
127 2805 246 2869 Umbria
259 2826 373 2888 quoque
389 2820 420 2871 et
434 2812 560 2874 Venetia
573 2814 656 2873 albus
673 2815 746 2893 lapis
763 2815 878 2874 dentata
893 2832 974 2876 serra
991 2833 1071 2876 seca·

83 2901 138 2952 tur.
167 2891 196 2950 hi
225 2893 389 2956 tractabiles
406 2894 436 2953 in
457 2913 548 2974 opere
563 2897 695 2957 lahorem
716 2915 830 2976 quoque
852 2897 995 2974 tolerant,
1017 2900 1070 2960 sub
1165 2909 1167 2915 ’

21 3037 25 3042 ,
83 2983 164 3034 16616
182 2975 333 3038 dumtaxat.
366 2982 523 3055 aspergine
542 2988 573 3040 61
591 2979 660 3058 gelu
676 2982 843 3058 pruinisque
859 2989 1028 3057 rumpuntur
1042 2984 1071 3042 in

83 3066 194 3136 testas,
208 3077 263 3118 occ
278 3069 377 3121 contra
391 3066 586 3124 aurammaris
602 3063 724 3124 robusti.
756 3062 897 3122 Tiburtini
912 3062 947 3123 ad
960 3063 1071 3142 reliqua

44 3162 74 3204 as
84 3142 179 3201 iortes
197 3161 306 3221 vapore
321 3143 472 3205 dissiliunt.
691 3159 692 3166 ¹

149 3225 231 3303 (49.)
248 3225 332 3303 Nigri
346 3227 444 3288 silices
456 3231 575 3307 optumi,
586 3227 755 3310 quib'usdam
771 3230 800 3289 in
815 3228 889 3288 16616
905 3239 936 3291 61
949 3231 1053 3291 ruben·
1063 3241 1115 3298 168

85 3316 141 3382 tes,
171 3327 364 3389 nonnusquam
378 3329 450 3373 vero
466 3320 497 3372 61
511 3311 585 3387 albi,
604 3316 679 3374 sicut
693 3315 722 3372 in
740 3310 941 3391 Tarquiniensi
957 3313 1072 3376 Anicia-

84 3391 131 3450 nis
157 3385 318 3471 lapicidinis
347 3397 422 3458 circa
443 3395 536 3456 lacum
556 3393 774 3458 Volsiniensem
794 3405 824 3458 et
844 3398 874 3457 io
894 3396 1092 3470 Statoniensi,
1169 3463 1172 3466 ,
