2484 3817
294 169 373 219 usu.
393 169 485 219 ursa.
503 168 610 217 xxxv.
629 167 655 220 a
670 136 698 219 o.
718 152 850 235 (6-10.)
1033 156 1072 217 71
1150 237 1153 244 Ι

144 323 205 409 (8.)
225 324 341 385 'labulis
357 332 452 384 autem
467 322 596 383 externis
611 324 813 403 auctoritatem
826 320 937 383 Romae
953 322 1070 401 publice
1081 332 1117 387 24

82 414 152 474 iecit
165 411 272 488 primus
292 410 415 468 omniurn
425 406 530 466 lucius
546 404 696 465 Mummius
716 406 760 465 cui
778 422 941 482 cognomen
954 407 1073 467 Achaici

82 495 203 556 victoria
219 492 305 553 dedit.
337 507 458 567 namque
474 509 536 550 curn
555 490 584 547 iu
600 490 708 564 praeda
725 487 875 548 vendenda
889 508 944 549 rer
957 490 1072 550 Attalus
1097 534 1104 551 ,

82 578 140 641 Xur
155 578 275 637 emisset
288 574 413 635 tabulam
427 573 585 649 Aristidis,
599 570 734 631 liberum
749 581 871 650 patrem,
886 574 1010 650 pretium
1024 570 1076 633 mil

60 670 159 726 eratus
175 662 395 739 suspicatusque
411 656 518 734 aliquid
532 658 562 715 in
577 673 613 714 ea
627 656 741 715 virtutis
762 654 839 733 quod
854 657 918 733 ipse
934 658 1073 734 nesciret,

81 746 231 807 revocavit
253 742 377 802 tabulam
392 740 493 799 Attalo
508 738 626 798 multum
640 747 782 815 querente
798 739 872 797 etin
889 736 1007 799 Cereris
1025 739 1073 800 de·

81 829 165 890 lubro
184 828 298 905 posuit,
321 825 540 903 quamprimum
556 821 684 882 arbitror
698 825 835 898 picturam
850 830 1000 881 externam
1016 821 1074 882 Ro·

80 930 143 972 mae
169 909 351 989 publicatam.
395 906 508 969 Deinde
526 905 613 965 video
639 913 670 964 et
695 907 724 965 in
749 906 816 965 ioro
838 907 950 984 positas
973 906 1073 981 volgo.

81 997 146 1055 bino
167 995 243 1054 enim
264 991 316 1051 ille
335 989 433 1051 Crassi
450 991 576 1050 oratoris
596 989 681 1066 lepos
697 991 811 1065 agentis
828 989 880 1048 sub
900 987 1116 1066 Veteribus‚25

46 1104 71 1145 10
81 1098 144 1139 oum
156 1078 241 1135 testis
252 1073 434 1153 conpellatus
449 1076 589 1134 instaret:
606 1072 652 1132 dio
668 1090 753 1149 ergo,
767 1070 885 1150 Crasse,
900 1072 1013 1149 qualem
1028 1090 1074 1133 me

80 1157 182 1221 noris?
207 1158 315 1235 talem,
338 1159 446 1235 inquit,
469 1156 626 1217 osteudens
644 1158 673 1215 in
693 1157 790 1215 tabula
813 1158 920 1233 pictum
939 1156 1075 1216 inficetis·

82 1246 154 1304 sime
166 1240 276 1301 Gallum
288 1248 474 1301 exserentem
486 1240 618 1316 linguam.
650 1242 679 1298 in
693 1241 759 1301 foro
775 1241 828 1299 luit
840 1247 870 1299 et
884 1239 934 1298 illa
948 1241 1074 1317 pastoris

82 1328 161 1387 senis
179 1324 376 1400 cumbadum,
399 1324 435 1383 de
453 1342 508 1401 qua
523 1323 722 1383 Teutonorum
737 1323 850 1400 legatus
866 1322 1021 1402 respondit
1034 1324 1075 1382 in-

82 1417 265 1485 terrogatus,
280 1408 414 1486 quantine
430 1426 494 1468 eum
509 1408 691 1483 aestimaret,
707 1408 762 1465 sibi
778 1407 878 1466 donari
893 1406 974 1466 nolle
987 1406 1075 1466 talem

48 1495 353 1570 tsvivomverumque.
587 1548 590 1553 Α

144 1577 203 1656 (9.)
225 1574 284 1635 Sed
306 1576 491 1654 praecipuam
513 1577 714 1633 auctoritatem
732 1571 848 1649 publice
872 1572 977 1631 tabulis
1000 1574 1119 1639 fecitne

82 1658 191 1719 Caesar
207 1659 332 1719 dictator
346 1657 438 1716 Aiace
457 1664 488 1715 et
505 1655 599 1715 bledla
615 1665 683 1715 ante
699 1654 825 1715 Veneris
846 1653 1009 1715 Genetricis
1027 1674 1074 1716 ae·

81 1743 146 1803 dem
172 1742 290 1815 dicatis,
318 1748 387 1818 post
412 1756 476 1797 cunr
499 1737 536 1797 Μ.
552 1739 686 1816 Agrippa
710 1740 756 1797 vir
774 1740 927 1798 rusticitati
948 1741 1075 1817 'propior

81 1844 164 1904 quam
179 1825 301 1885 deliciis.
335 1828 431 1882 exstat
446 1828 528 1881 certe
544 1823 606 1880 eius
624 1823 717 1881 oratio
732 1823 881 1899 magnilica
897 1830 927 1882 et
943 1840 1074 1882 maxumo

46 1930 72 1970 ao
81 1911 185 1968 civium
201 1907 287 1983 digua
304 1905 340 1966 de
356 1903 460 1964 tabulis
478 1905 609 1964 omnibus
625 1907 774 1984 signisque
791 1906 981 1983 publicandis,
997 1906 1074 1983 quod
1156 1890 1164 1947 A

82 1992 146 2051 fieri
173 1992 263 2049 satius
289 1989 392 2075 luisset
417 2003 499 2064 quam
524 1990 554 2047 in
571 1988 701 2048 villarum
724 1990 828 2049 exsilia
849 1989 927 2067 pelli.
974 2007 1074 2049 verum
1122 2018 1126 2027 ·

82 2074 183 2135 eadem
202 2072 253 2132 illa
272 2073 391 2131 torvitas
414 2070 525 2131 tabulas
545 2070 614 2131 duas
636 2072 735 2131 Aiacis
757 2081 788 2132 et
803 2073 929 2133 Veneris
948 2081 1074 2133 mercata

81 2167 128 2221 est
143 2176 159 2217 a
176 2154 328 2232 Cyzicenis
344 2154 400 2216 llS.
414 2152 491 2237 lx'r'rl
526 2157 556 2214 in
567 2155 753 2215 Thermarum
770 2174 886 2234 quoque
901 2156 1073 2216 calidissima

81 2251 165 2323 parte
177 2238 366 2299 marmoribus
380 2238 538 2299 incluserat
551 2256 656 2316 parvas
673 2239 795 2299 tabellas
810 2240 896 2317 paulo
912 2249 995 2317 ante,
1010 2258 1073 2299 curn

51 2326 294 2398 asrelicerentur‚
310 2321 445 2381 sublatas.
473 2320 475 2325 ’

145 2407 227 2485 (lo.)
246 2406 340 2483 Super
363 2407 453 2465 omnis
473 2406 556 2465 divos
571 2405 720 2483 Augustus
740 2409 770 2466 in
784 2408 851 2467 ioro
868 2424 921 2467 suo
937 2404 1068 2466 celeber·
1080 2415 1113 2470 at
1140 2442 1143 2451 v

82 2494 153 2552 rima
173 2491 203 2547 iu
219 2496 301 2567 parte
317 2492 414 2567 posuit
437 2488 548 2567 tabulas
570 2489 639 2551 duas
661 2508 734 2567 quae
755 2490 834 2550 Belli.
846 2492 949 2550 faciem
968 2491 1073 2567 pictam

82 2575 190 2634 babent
205 2579 235 2631 et
250 2570 440 2651 Triumphum.
468 2572 544 2631 idem
556 2570 695 2633 Castores
711 2590 746 2633 ac
756 2574 914 2633 Victoriam
928 2572 1026 2650 posuit
1041 2578 1072 2629 et

83 2673 152 2734 quas
168 2654 294 2713 dicemus
309 2655 361 2714 sub
377 2656 513 2715 artificum
531 2658 678 2715 mentione
697 2657 851 2748 intemplo
869 2653 1002 2715 Caesaris
1018 2672 1067 2733 pa·
1079 2673 1100 2707 m

48 2764 75 2804 ³0
84 2742 146 2798 tris.
179 2736 254 2797 idem
267 2738 385 2796 incuria
398 2756 513 2816 quoque
526 2756 607 2816 quam
619 2740 649 2797 in
666 2741 782 2799 comitio
798 2738 988 2799 consecrabat
1002 2738 1071 2797 duas

85 2819 195 2881 tabulas
212 2821 351 2897 inpressit
369 2823 490 2897 parieti,
522 2820 651 2881 Nemean
673 2822 822 2883 sedentem
843 2838 930 2899 supra
957 2821 1072 2880 leonem

84 2904 269 2983 palmigeram
283 2904 374 2980 ipsam
388 2903 518 2963 adstante
533 2922 596 2963 curn
612 2904 716 2964 baculo
734 2924 806 2964 seue
821 2906 902 2964 cuius
923 2922 1009 2981 supra
1026 2921 1072 2962 ca·

84 2995 136 3066 put
159 2985 255 3046 tabula
286 2986 373 3062 bigae
399 2985 552 3063 dependet.
598 2986 697 3047 Nicias
722 2989 839 3065 scripsit
860 3006 893 3047 se
918 2988 1070 3061 inussisse,

85 3069 135 3129 tali
159 3071 235 3129 enirn
262 3087 329 3129 usus
351 3076 398 3127 est
423 3069 524 3128 verbo.
572 3070 692 3130 alterius
716 3069 830 3130 tabulae
851 3070 1000 3130 admiratio
1022 3076 1113 3130 estas

32 3171 77 3213 sss
86 3152 226 3231 puberem
239 3151 327 3211 lilium
338 3153 400 3211 seui
415 3152 491 3229 patri
506 3152 627 3212 similem
640 3171 708 3213 esse
723 3155 827 3213 aetatis
842 3154 921 3213 salva
935 3152 1070 3213 differen-

86 3236 128 3316 tia¹
144 3235 348 3313 supervolante
358 3233 454 3312 aquila
465 3233 618 3295 draconem
631 3235 783 3313 conplexa.
817 3235 1003 3296 Philocbares
1015 3233 1072 3293 boc

87 3334 168 3377 suurn
184 3334 256 3395 opus
276 3330 344 3378 esse
361 3326 482 3379 testatus
500 3327 554 3377 est.
588 3320 734 3395 inmensa,
761 3319 807 3379 vel
826 3338 908 3379 uuam
922 3321 947 3378 si
964 3326 1070 3378 tantum

87 3400 160 3461 banc
179 3400 302 3461 tabulam
321 3400 422 3481 aliquis
445 3403 593 3480 aestimet,
611 3404 742 3479 potentia
760 3404 847 3479 artis,
870 3420 934 3463 cunr
948 3409 1070 3480 propter
