2484 3817
323 196 403 242 usu.
422 193 511 244 rursu.
527 197 621 244 nvo
637 193 665 248 t.
679 193 707 250 a
724 187 869 263 (ta-m
1030 189 1091 251 tov

95 347 183 428 (25.)
209 349 278 406 item
297 347 387 408 herba
414 348 573 408 chalcetum
594 351 759 412 erinaceis
784 353 908 412 connita
933 354 1092 431 inponitur.

94 433 193 492 lacilis
210 433 527 508 praestat-vomitiones
545 432 626 491 radix
647 435 829 508 vettonicae,
843 434 990 496 hellebori
1003 438 1091 499 modo

94 515 149 575 llll
178 514 322 574 drachmis
346 517 375 573 in
401 531 489 593 passo
518 525 565 574 aut
593 516 703 590 mulso,
732 517 875 594 hysopum
901 520 997 578 tritum
1017 539 1090 580 cum

93 598 183 658 melle
208 597 305 656 utilius
330 607 514 676 praesumpto
531 601 674 659 numenio
693 609 742 658 aut
757 600 866 675 irione,
887 601 1091 664 molemonium

75 682 197 742 sdeuari
229 680 362 758 pondera
386 691 415 740 et
443 679 586 754 sillybus,
620 681 732 742 lacteas
760 700 847 742 suom
875 685 925 760 qui
952 685 1091 746 densatus

95 767 123 823 in
147 766 280 824 cummim
300 764 418 824 sumitur
439 781 501 822 cum
527 763 614 823 melle
638 765 827 842 supradicto
852 766 984 842 pondere
1004 786 1090 846 prae·

96 851 242 926 cipueque
267 847 353 906 bilem
385 847 478 907 trahit.
524 848 633 906 Rursus
661 849 764 908 sistunt
791 849 977 908 vomitionem
1000 854 1133 916 cami-tl

95 949 159 990 uum
174 931 323 1006 silvestro,
339 931 512 990 Vettonicae
527 931 626 1005 larisa,
642 940 787 991 sumuntur
801 949 839 990 ex
852 949 937 1010 aqua.
978 932 1091 993 abster-

94 1022 163 1092 gent
177 1014 295 1073 iastidia
325 1013 537 1091 cruditatesque
551 1013 685 1090 digerunt
699 1015 836 1089 dauon,
856 1014 1030 1075 Vettonicae
1047 1018 1089 1076 ia·

64 1101 155 1158 surina
170 1115 211 1156 ex
226 1113 301 1175 aqua
313 1097 415 1171 mulsa,
432 1097 568 1174 plantago
582 1097 706 1158 decocta
718 1098 840 1158 caulium
853 1098 950 1157 modo.
974 1099 1091 1174 Singul-

94 1191 139 1240 tus
155 1181 331 1238 hemionium
345 1179 443 1254 scdat,
468 1181 535 1238 item
556 1180 758 1255 aristolochia,
781 1183 907 1259 suspiria
926 1181 1090 1254 clymenus.

94 1265 260 1323 Pleuriticis
274 1270 304 1322 et
322 1263 575 1342 peripleumouicis
592 1265 767 1324 centaurium
781 1267 893 1341 maius,
909 1267 980 1325 item
1001 1265 1090 1340 hyso-

94 1365 160 1426 pum
176 1346 292 1422 bibitur,
308 1346 467 1424 pleuriticis
482 1345 641 1423 peucedani
656 1365 761 1406 sucos.-

156 1429 243 1507 (26.)
259 1428 474 1505 llalusautem,
495 1446 578 1507 quam
600 1428 673 1490 Galli
692 1429 728 1488 sil
742 1439 865 1504 vocant,
885 1431 989 1492 Veneti
1003 1442 1133 1495 coto-42

63 1530 192 1587 laneam,
210 1513 341 1572 medetur
355 1512 453 1588 lateri,
475 1514 543 1572 item
563 1513 681 1572 renibus
703 1515 910 1589 convolsisque
932 1523 962 1574 et
984 1517 1088 1593 ruptis.

93 1595 195 1656 similis
219 1604 266 1655 est
289 1595 400 1654 cunilae
423 1594 563 1669 bubulae,
591 1596 785 1656 cacuminibus
803 1597 919 1672 thymo,
945 1597 1040 1657 dulcis
1058 1607 1089 1656 et

93 1681 168 1740 sitim
185 1679 301 1754 sedans,
317 1678 421 1737 radicis
438 1678 505 1738 alibi
521 1677 617 1751 albae,
633 1678 702 1738 alibi
715 1681 827 1754 nigrae.

158 1761 244 1840 (Ἠ.)
266 1761 393 1820 Eosdem
417 1762 538 1820 effectus
558 1762 587 1819 iu
611 1760 712 1819 lateris
735 1759 885 1820 doloribus
908 1759 997 1818 habet
1021 1762 1089 1822 cha·

93 1862 232 1922 maerops
248 1847 366 1918 myrteis
384 1847 461 1902 circa
483 1843 573 1902 caulis
593 1844 717 1918 geminis
734 1843 830 1915 loliis,
844 1840 986 1919 capitibus
1000 1843 1089 1902 lirae·

61 1949 88 1989 20
98 1928 185 1986 culae
199 1942 294 2003 rosae,
312 1945 349 1985 ex
363 1928 428 1985 vinu
446 1935 525 2004 pota,
560 1924 737 1984 Ischiadicos
752 1925 872 1984 dolores
886 1933 916 1984 et
929 1926 1032 2002 spinae
1046 1925 1088 1986 le-

96 2020 146 2070 vat
162 2012 305 2084 agaricum
321 2019 418 2088 potum
437 2019 465 2068 ut
480 2011 507 2067 iu
530 2012 611 2085 tussi,
630 2011 699 2067 item
713 2007 879 2069 stoechadis
897 2017 946 2069 ant
956 2007 1123 2069 Vettonia

97 2111 151 2152 cae
173 2093 262 2152 iarina
276 2109 313 2152 cx
333 2110 407 2170 aqua
423 2093 523 2151 mulsa.

159 2177 189 2238 8.
212 2175 295 2254 (28.)
316 2176 476 2236 Plurumum
496 2185 589 2234 tamen
610 2175 715 2236 homiui
738 2176 837 2252 negoti
851 2175 936 2236 alvos
956 2175 1133 2249 exhibeat-’s

1 2273 2 2278 ’
98 2263 177 2319 cuius
199 2271 286 2318 causa
306 2262 397 2338 maior
418 2277 484 2337 pars
506 2259 666 2319 mortalium
686 2261 766 2318 vivit.
813 2259 884 2318 alias
908 2261 983 2318 euim
1003 2258 1088 2318 cibos

64 2359 152 2402 arnon
168 2342 342 2418 transmittit,
358 2341 430 2402 alias
445 2360 501 2401 uon
515 2345 651 2416 continet,
672 2342 815 2401 aliusnon
831 2343 927 2420 capit,
942 2342 1089 2402 aliusnon

99 2427 229 2500 coniicit,
251 2441 346 2502 eoque
360 2441 456 2484 mores
470 2443 579 2484 venere
596 2435 626 2484 ut
641 2426 728 2484 homo
742 2443 873 2484 maxume
888 2425 957 2485 cibo
973 2433 1087 2500 pereat.

96 2525 259 2586 pessumum
281 2524 435 2587 corporum
458 2525 509 2568 vas
528 2511 614 2568 instat
638 2518 668 2567 ut
694 2508 821 2568 creditor
846 2517 876 2567 et
896 2507 1014 2585 saepius
1040 2504 1088 2564 die

97 2592 235 2670 appellat.
267 2591 349 2650 huius
361 2594 453 2668 mutia
469 2594 626 2669 praecipue
641 2593 760 2652 avaritia
778 2593 905 2669 expetit,
925 2590 993 2649 huic
1006 2589 1088 2647 luxu-

95 2677 137 2734 ria
153 2674 262 2750 condit,
278 2674 345 2734 huic
357 2677 509 2752 navigatur
524 2675 559 2734 ad
573 2675 697 2750 Phasim,
712 2673 780 2733 huic
797 2673 931 2752 profundi
946 2670 1019 2731 vada
1036 2689 1088 2728 ex·

62 2759 253 2834 acquiruntur.
299 2767 327 2816 ct
341 2775 425 2816 nemo
448 2758 583 2818 vilitatem
601 2759 664 2816 eius
685 2759 816 2816 aestimat
836 2754 1090 2817 cousummationis

94 2840 245 2900 foeditate.
289 2857 361 2918 ergo
389 2843 621 2900 numerosissima
652 2850 697 2899 est
724 2841 801 2900 circa
828 2841 904 2899 hauc
927 2836 1088 2922 medicinae

95 2938 195 3002 opera.
213 2923 296 2982 Sistit
309 2937 372 2982 enar
387 2925 530 2984 scordotis
541 2941 647 2983 roccus
659 2923 793 2984 drachma
805 2939 869 2982 cum
880 2923 949 2980 vino
962 2920 1028 2979 trita
1037 2917 1087 2977 vel
1095 2929 1131 2982 ts

94 3007 219 3066 decocta
242 3015 330 3084 potu,
353 3006 517 3067 Polemonia
541 3025 615 3085 quae
640 3002 866 3081 etdpsintericis
887 3022 926 3062 ex
944 3003 1014 3062 viuo
1037 3001 1087 3060 da·

92 3098 147 3164 tur,
166 3088 303 3150 verbasci
317 3091 399 3150 radix
413 3100 481 3168 pota
494 3107 532 3148 ex
552 3107 625 3167 aqua
641 3089 760 3149 duomm
779 3088 932 3163 digitorum
946 3086 1088 3162 maguitu-

59 3172 171 3249 scdiue,
189 3172 371 3252 nymphaeae
390 3172 541 3233 Heracliae
569 3189 668 3231 semen
689 3189 753 3230 cum
773 3172 841 3229 vino
867 3177 982 3246 potum,
1005 3167 1088 3228 radix

93 3258 228 3334 superior
244 3275 262 3316 c
278 3255 378 3333 xiphio
393 3255 545 3315 drachmae
560 3254 691 3334 pondere
712 3271 751 3314 ex
769 3260 872 3325 aceto,
893 3269 994 3311 seuseu
1006 3251 1089 3328 plau·

93 3339 199 3415 tagiuis
212 3341 242 3398 in
258 3341 326 3398 vino
342 3341 438 3397 tritum
458 3337 507 3398 vel
524 3340 588 3414 ipsa
608 3354 648 3396 ex
667 3345 753 3396 aceto
778 3343 864 3394 cocta
880 3343 929 3394 aut
947 3333 1026 3394 alica
1048 3350 1088 3390 ex

93 3437 167 3482 suco
186 3424 250 3481 eius
264 3430 395 3501 sumpta,
411 3422 478 3480 item
492 3437 555 3479 cum
571 3420 706 3480 lenticula
720 3425 805 3476 cocta
818 3417 867 3476 vel
882 3417 981 3476 aridae
995 3415 1089 3475 iarius
