2484 3817
154 220 217 280 244
367 274 370 279 .
490 233 523 283 c.
539 232 635 278 annu
651 220 802 279 saeuum

109 419 114 432 ·
154 384 218 447 dam
238 384 394 463 adalligant
414 404 451 447 ex
472 386 527 446 bae
548 400 653 459 causa,
682 382 734 443 sed
756 384 923 444 continuare
949 382 1147 463 nordebert,

111 479 143 533 61
153 470 273 530 maciem
288 466 363 529 enim
375 470 454 546 iacit,
472 470 545 529 sistit
562 477 591 526 et
606 475 720 526 anatum
734 468 924 529 mascularum
941 468 1069 544 sanguis.
1099 468 1147 529 ln·

152 553 297 615 dationem
312 554 427 613 discutit
444 553 609 613 coclearum
620 548 715 627 cibus,
732 553 852 610 tormina
867 550 925 610 lien
942 554 1037 611 ovium
1054 560 1148 612 tostus

153 644 241 715 atque
255 654 272 695 e
285 639 352 697 vino
369 646 464 715 potus,
481 634 631 715 palumbus
646 634 727 693 ierus
740 653 777 694 ex
791 651 882 714 posca
897 635 1046 713 decoctus,
1063 636 1148 713 adips

153 719 238 780 otidis
253 738 291 779 ex
307 722 392 794 vino,
410 722 481 779 ciuis
496 718 580 777 ibidis
595 718 659 776 sine
674 718 765 796 pinnis
782 726 926 777 crematae
944 727 1038 797 potus.
1069 719 1172 797 quoda

153 813 307 881 praeterea
323 803 443 863 traditur
464 805 493 861 iu
508 799 677 861 torminibus
695 802 795 861 mirum
820 810 880 876 est,
907 810 990 861 anate
1014 802 1148 882 adposita

110 895 144 949 62
155 888 248 947 venui
263 888 389 947 transire
404 885 534 945 morbum
548 893 720 965 *anatemque
741 885 823 944 mori.
861 884 994 945 'l'ormina
1011 895 1039 945 et
1058 885 1148 945 melle

154 979 287 1031 curantur
302 972 332 1029 in
347 987 404 1047 quo
416 978 480 1030 sunt
495 985 566 1045 apes
585 976 732 1027 emortuae
752 967 885 1029 decocto.
919 968 977 1028 coli
991 970 1089 1029 vitium
1105 968 1148 1029 ei·

151 1054 323 1113 licaolssimc
336 1062 452 1112 sanatur
467 1069 522 1109 avc
537 1051 661 1127 galerita
677 1070 742 1111 assa
758 1054 785 1110 in
804 1051 869 1110 cibo
886 1059 1008 1131 sumpta.
1033 1052 1148 1131 quidam

151 1139 181 1195 in
195 1155 265 1196 vase
280 1152 359 1196 novo
379 1152 443 1193 cum
455 1134 559 1212 plumis
576 1134 659 1193 exuri
673 1134 771 1194 iubent
787 1136 957 1215 conterique
975 1138 1004 1194 in
1018 1140 1147 1195 cinerem
1159 1156 1186 1198 ro

149 1220 268 1297 bibique
286 1236 323 1278 ex
338 1236 413 1296 aqua
430 1218 612 1278 coclearibus
628 1220 718 1276 ternis
740 1237 793 1297 per
816 1218 1011 1295 quatriduum,
1033 1220 1148 1297 quidam

152 1318 204 1363 oor
218 1303 282 1360 eius
297 1301 449 1378 adalligari
464 1302 572 1377 femini,
588 1302 637 1361 alil
652 1319 756 1360 reeens
772 1311 933 1380 tepensque
950 1302 1043 1362 adhuc
1057 1303 1147 1363 devo-

108 1385 218 1446 liitrari.
250 1385 411 1446 consularis
425 1383 619 1463 Asprenatum
636 1384 735 1444 domus
751 1394 797 1444 est
812 1387 840 1444 iu
856 1402 910 1462 qua
926 1386 1000 1445 alter
1018 1404 1035 1445 e
1050 1387 1147 1447 iratri-

148 1468 203 1528 bus
219 1467 287 1527 colo
303 1468 441 1529 liberatus
458 1478 503 1528 est
517 1486 573 1529 ave
588 1468 644 1528 hac
659 1470 688 1526 in
703 1467 769 1526 cibo
792 1477 904 1546 sumpta
926 1478 955 1529 et
976 1469 1066 1530 corde
1083 1472 1148 1531 eius

149 1551 260 1611 armilla
283 1570 370 1612 aurea
385 1552 516 1629 incluso,
537 1552 612 1612 alter
633 1552 776 1610 saerilicio
800 1552 923 1629 quodam
948 1552 1026 1613 lacto
1050 1554 1186 1614 crudisns

149 1635 297 1695 laterculis
316 1635 352 1696 ad
369 1637 490 1696 formam
505 1636 607 1696 camini
625 1644 730 1713 atque,
755 1644 784 1693 ut
806 1636 977 1695 sacrificium
998 1646 1148 1716 peractum

151 1728 224 1794 erat,
235 1719 386 1780 obstructo
400 1719 522 1781 sacello.
539 1719 631 1779 Unum
643 1728 688 1779 est
700 1718 846 1797 ossifrago
859 1721 1020 1780 intestinum
1032 1721 1148 1781 mirabi-

148 1802 170 1862 li
185 1811 286 1863 natura
300 1806 394 1863 omnia
411 1801 549 1863 devorata
567 1802 741 1863 conficienti.
772 1801 854 1862 buius
868 1813 978 1883 partem
989 1812 1148 1865 extremam
1236 1880 1237 1889 ἵ

106 1894 141 1949 ol
151 1884 335 1963 adalligatam
350 1888 493 1964 prodesse
509 1897 610 1946 eontra
632 1886 726 1946 colum
741 1895 863 1946 constat.
897 1887 968 1947 Sunt
983 1887 1090 1947 occulti
1104 1889 1147 1947 in-

148 1980 333 2030 teraneorum
352 1970 445 2030 morbi
467 1970 621 2048 dequibus
638 1972 737 2029 mirum
754 1970 892 2047 proditur.
912 1971 936 2029 si
952 1971 1038 2030 catull
1053 1973 1147 2050 prius·
1159 1992 1185 2034 ac

148 2052 356 2131 quamvideant
367 2053 549 2133 adplicentur
563 2052 657 2112 triduo
675 2053 825 2112 stomacho
837 2070 970 2112 maxume
980 2071 1014 2113 ac
1030 2057 1147 2132 pectori
1233 2112 1234 2126 ,

148 2143 178 2195 et
195 2153 233 2194 ex
248 2153 300 2194 ore
315 2137 397 2212 aegri
413 2146 525 2195 suctum
541 2136 625 2195 lactis
647 2137 806 2215 accipiant,
828 2137 952 2201 transire
968 2138 1025 2195 vim
1040 2136 1148 2215 morbi,
1232 2180 1233 2206 ,

147 2227 297 2296 postremo
321 2220 477 2279 exanimari
502 2219 696 2297 dissectisque
720 2219 815 2298 palam
840 2220 904 2279 lieri
933 2221 1016 2297 aegri
1042 2238 1148 2281 causas
1231 2250 1232 2284 l

146 2301 250 2375 morbi,
268 2311 297 2361 et
308 2300 417 2362 humari
431 2302 541 2362 debere
556 2320 608 2361 eos
620 2302 739 2362 obrutos
755 2312 841 2361 terra.
873 2301 951 2380 biugi
964 2303 1077 2381 quidem
1095 2322 1147 2363 ve·
1230 2326 1231 2364 l

146 2384 325 2463 spertilionis
339 2387 478 2461 sanguiue
496 2394 631 2445 contacto
647 2395 749 2445 ventre
765 2389 793 2445 in
805 2394 865 2445 toto
882 2404 957 2447 auno
974 2388 1071 2447 caveri
1087 2394 1183 2447 tra-as
1229 2388 1230 2442 l

147 2469 226 2544 dunt,
240 2478 288 2528 aut
301 2469 330 2527 in
345 2468 447 2528 dolore
463 2470 487 2528 si
504 2470 569 2547 quis
585 2487 687 2547 aquam
702 2487 756 2547 per
773 2469 864 2547 pedes
879 2469 1015 2529 fluentem
1027 2470 1147 2531 haurire

145 2553 295 2611 sustineat.

103 2644 137 2698 65
201 2635 230 2695 8.
252 2632 335 2713 (21.)
357 2633 469 2695 llurino
497 2636 563 2694 limo
591 2644 693 2695 contra
714 2635 843 2694 calculos
871 2634 992 2695 inlinere
1012 2643 1147 2696 ventrem
1225 2620 1227 2693 l

146 2717 277 2796 prodest.
302 2716 433 2777 irenacei
450 2735 565 2778 carnem
578 2718 728 2777 iucundam
743 2736 811 2777 esse
826 2720 913 2795 aiunt,
926 2720 950 2778 si
966 2718 1061 2798 capite
1077 2736 1146 2796 per-

146 2816 233 2860 cusso
249 2818 306 2861 uno
323 2803 381 2860 iotu
402 2803 588 2861 interficiatur
603 2804 683 2880 prius
699 2818 784 2877 quam
801 2802 827 2860 in
849 2820 882 2861 se
904 2803 1011 2861 urinam
1030 2800 1184 2864 reddatur
1224 2786 1225 2836 ¹

144 2884 219 2943 baec
231 2900 301 2943 caro
316 2884 352 2944 ad
369 2885 444 2943 buno
455 2884 569 2943 modum
582 2886 674 2943 occisi
688 2884 833 2945 stillicidia
844 2888 873 2943 in
883 2886 984 2944 vesica
999 2886 1147 2962 emendat,
1223 2860 1224 2914 ¹

144 2969 211 3027 item
229 2967 342 3027 suilitus
356 2986 393 3027 ex
410 2968 523 3027 eodem.
555 2967 671 3046 quodsi
690 2969 799 3026 urinam
810 2970 838 3026 in
854 2985 887 3026 se
903 2968 1070 3045 reddiderit,
1091 2984 1148 3029 eos

144 3052 192 3129 qui
209 3068 325 3111 carnem
342 3050 522 3112 comederint
541 3053 721 3126 stranguriae
740 3050 869 3111 morbum
891 3050 1062 3112 contrahere
1087 3060 1147 3112 lra-

102 3134 231 3198 ooditn.
263 3132 366 3195 lubent
387 3146 415 3195 et
432 3137 539 3196 vermis
560 3143 694 3193 terrenos
711 3132 770 3193 bibi
796 3152 833 3194 ex
849 3135 915 3194 vino
937 3142 983 3193 aut
1000 3151 1092 3212 passo
1108 3136 1149 3196 ad
1217 3162 1220 3235 p

113 3218 370 3280 raconminuendos
392 3221 522 3283 calculos
538 3218 586 3276 vel
606 3218 724 3277 cocleas
742 3217 880 3277 decoctas
901 3226 931 3276 ut
950 3218 979 3275 iu
1001 3218 1184 3297 suspirio-aa

150 3301 201 3376 sis,
214 3302 331 3377 easdem
347 3314 496 3384 exemptas
512 3304 596 3361 testis
612 3302 663 3359 tris
680 3304 819 3378 tritasque
835 3302 863 3360 in
874 3302 931 3359 vini
948 3301 1053 3375 cyatho
1069 3302 1148 3380 bibi,

144 3388 276 3462 sequenti
288 3388 334 3446 die
349 3387 428 3464 duas,
442 3388 526 3446 tertia
538 3384 585 3443 die
597 3402 690 3459 unam,
703 3394 733 3443 ut
744 3384 918 3445 stillicidium
929 3386 1029 3445 urinae
1045 3402 1148 3446 ernen-

145 3466 227 3545 dent,
242 3477 379 3529 testarum
396 3488 469 3530 vero
482 3468 606 3527 inanium
623 3468 750 3526 cinerem
766 3468 801 3528 ad
822 3466 951 3528 calculos
975 3468 1148 3549 pellendos,
