<?xml version="1.0" encoding="UTF-8"?>
<!DOCTYPE html PUBLIC "-//W3C//DTD XHTML 1.0 Transitional//EN"
    "http://www.w3.org/TR/xhtml1/DTD/xhtml1-transitional.dtd">
<html xmlns="http://www.w3.org/1999/xhtml" xml:lang="en" lang="en">
 <head>
  <title>
</title>
<meta http-equiv="Content-Type" content="text/html;charset=utf-8" />
  <meta name='ocr-system' content='tesseract 3.04.00' />
  <meta name='ocr-capabilities' content='ocr_page ocr_carea ocr_par ocr_line ocrx_word'/>
</head>
<body>
  <div class='ocr_page' id='page_1' title='image "./cplinisecundina24plingoog_0647.png"; bbox 0 0 2484 3817; ppageno 0'>
   <div class='ocr_carea' id='block_1_1' title="bbox 301 125 1083 242">
    <p class='ocr_par' dir='ltr' id='par_1_1' title="bbox 301 125 1083 242">
     <span class='ocr_line' id='line_1_1' title="bbox 301 125 1083 242; baseline -0.001 -53"><span class='ocrx_word' id='word_1_1' title='bbox 301 142 382 189; x_wconf 78' lang='lat' dir='ltr'><strong>usu.</strong></span> <span class='ocrx_word' id='word_1_2' title='bbox 404 139 649 190; x_wconf 60' lang='lat' dir='ltr'><strong>mccxxxvii.</strong></span> <span class='ocrx_word' id='word_1_3' title='bbox 669 141 695 193; x_wconf 82' lang='lat' dir='ltr'><strong>s.</strong></span> <span class='ocrx_word' id='word_1_4' title='bbox 717 129 867 207; x_wconf 83' lang='lat' dir='ltr'><strong>(lo—19.)</strong></span> <span class='ocrx_word' id='word_1_5' title='bbox 922 219 927 242; x_wconf 47' lang='grc' dir='ltr'><strong><em>Ι</em></strong></span> <span class='ocrx_word' id='word_1_6' title='bbox 1023 125 1083 188; x_wconf 70' lang='lat' dir='ltr'><strong>itt</strong></span> 
     </span>
    </p>
   </div>
   <div class='ocr_carea' id='block_1_2' title="bbox 6 291 1196 2546">
    <p class='ocr_par' dir='ltr' id='par_1_2' title="bbox 48 291 1125 1292">
     <span class='ocr_line' id='line_1_2' title="bbox 84 291 1083 374; baseline -0.002 -18"><span class='ocrx_word' id='word_1_7' title='bbox 84 296 195 374; x_wconf 84' lang='lat' dir='ltr'><strong>excipit</strong></span> <span class='ocrx_word' id='word_1_8' title='bbox 213 295 244 354; x_wconf 89' lang='lat' dir='ltr'><strong>in</strong></span> <span class='ocrx_word' id='word_1_9' title='bbox 258 294 316 355; x_wconf 89' lang='lat' dir='ltr'><strong>line</strong></span> <span class='ocrx_word' id='word_1_10' title='bbox 330 296 424 354; x_wconf 83' lang='lat' dir='ltr'><strong>risum</strong></span> <span class='ocrx_word' id='word_1_11' title='bbox 437 294 546 354; x_wconf 87' lang='lat' dir='ltr'><strong>candor</strong></span> <span class='ocrx_word' id='word_1_12' title='bbox 560 293 617 355; x_wconf 78' lang='lat' dir='ltr'><strong>liic.</strong></span> <span class='ocrx_word' id='word_1_13' title='bbox 655 291 765 353; x_wconf 89' lang='lat' dir='ltr'><strong>coloris</strong></span> <span class='ocrx_word' id='word_1_14' title='bbox 783 301 850 352; x_wconf 89' lang='lat' dir='ltr'><strong>sunt</strong></span> <span class='ocrx_word' id='word_1_15' title='bbox 869 295 939 352; x_wconf 90' lang='lat' dir='ltr'><strong>item</strong></span> <span class='ocrx_word' id='word_1_16' title='bbox 951 295 1022 354; x_wconf 86' lang='lat' dir='ltr'><strong>vitia</strong></span> <span class='ocrx_word' id='word_1_17' title='bbox 1037 311 1083 354; x_wconf 84' lang='lat' dir='ltr'><strong>ca-</strong></span> 
     </span>
     <span class='ocr_line' id='line_1_3' title="bbox 84 377 1125 458; baseline -0.002 -20"><span class='ocrx_word' id='word_1_18' title='bbox 84 379 297 458; x_wconf 86' lang='lat' dir='ltr'><strong>pillamentum,</strong></span> <span class='ocrx_word' id='word_1_19' title='bbox 315 378 375 456; x_wconf 91' lang='lat' dir='ltr'><strong>sal,</strong></span> <span class='ocrx_word' id='word_1_20' title='bbox 395 377 569 456; x_wconf 74' lang='lat' dir='ltr'><strong>plumbago,</strong></span> <span class='ocrx_word' id='word_1_21' title='bbox 584 395 660 455; x_wconf 89' lang='lat' dir='ltr'><strong>quae</strong></span> <span class='ocrx_word' id='word_1_22' title='bbox 674 377 834 436; x_wconf 89' lang='lat' dir='ltr'><strong>communia</strong></span> <span class='ocrx_word' id='word_1_23' title='bbox 851 378 917 438; x_wconf 89' lang='lat' dir='ltr'><strong>fere</strong></span> <span class='ocrx_word' id='word_1_24' title='bbox 931 387 1005 438; x_wconf 89' lang='lat' dir='ltr'><strong>sunt.</strong></span> <span class='ocrx_word' id='word_1_25' title='bbox 1034 377 1125 444; x_wconf 75' lang='lat' dir='ltr'><strong>Anco</strong></span> 
     </span>
     <span class='ocr_line' id='line_1_4' title="bbox 83 459 1082 541; baseline -0.004 -17"><span class='ocrx_word' id='word_1_26' title='bbox 83 465 130 524; x_wconf 85' lang='lat' dir='ltr'><strong>his</strong></span> <span class='ocrx_word' id='word_1_27' title='bbox 144 462 312 541; x_wconf 72' lang='lat' dir='ltr'><strong>Aethiopici</strong></span> <span class='ocrx_word' id='word_1_28' title='bbox 330 461 480 523; x_wconf 77' lang='lat' dir='ltr'><strong>laudantur</strong></span> <span class='ocrx_word' id='word_1_29' title='bbox 493 462 530 520; x_wconf 88' lang='lat' dir='ltr'><strong>ab</strong></span> <span class='ocrx_word' id='word_1_30' title='bbox 545 459 642 539; x_wconf 76' lang='lat' dir='ltr'><strong>Copto</strong></span> <span class='ocrx_word' id='word_1_31' title='bbox 660 459 771 520; x_wconf 89' lang='lat' dir='ltr'><strong>dierum</strong></span> <span class='ocrx_word' id='word_1_32' title='bbox 790 461 915 537; x_wconf 91' lang='lat' dir='ltr'><strong>itinere,</strong></span> <span class='ocrx_word' id='word_1_33' title='bbox 933 470 964 520; x_wconf 95' lang='lat' dir='ltr'><strong>ut</strong></span> <span class='ocrx_word' id='word_1_34' title='bbox 978 470 1082 522; x_wconf 87' lang='lat' dir='ltr'><strong>auctor</strong></span> 
     </span>
     <span class='ocr_line' id='line_1_5' title="bbox 83 543 1083 624; baseline -0.002 -16"><span class='ocrx_word' id='word_1_35' title='bbox 83 557 131 609; x_wconf 91' lang='lat' dir='ltr'><strong>est</strong></span> <span class='ocrx_word' id='word_1_36' title='bbox 146 546 230 624; x_wconf 84' lang='lat' dir='ltr'><strong>laba,</strong></span> <span class='ocrx_word' id='word_1_37' title='bbox 244 545 340 622; x_wconf 84' lang='lat' dir='ltr'><strong>XXV,</strong></span> <span class='ocrx_word' id='word_1_38' title='bbox 355 547 464 606; x_wconf 87' lang='lat' dir='ltr'><strong>acriter</strong></span> <span class='ocrx_word' id='word_1_39' title='bbox 477 545 603 621; x_wconf 85' lang='lat' dir='ltr'><strong>virides,</strong></span> <span class='ocrx_word' id='word_1_40' title='bbox 624 543 677 603; x_wconf 87' lang='lat' dir='ltr'><strong>sed</strong></span> <span class='ocrx_word' id='word_1_41' title='bbox 698 561 757 604; x_wconf 90' lang='lat' dir='ltr'><strong>non</strong></span> <span class='ocrx_word' id='word_1_42' title='bbox 770 543 856 604; x_wconf 91' lang='lat' dir='ltr'><strong>facile</strong></span> <span class='ocrx_word' id='word_1_43' title='bbox 871 546 935 622; x_wconf 90' lang='lat' dir='ltr'><strong>puri</strong></span> <span class='ocrx_word' id='word_1_44' title='bbox 951 552 999 603; x_wconf 92' lang='lat' dir='ltr'><strong>aut</strong></span> <span class='ocrx_word' id='word_1_45' title='bbox 1015 563 1083 606; x_wconf 85' lang='lat' dir='ltr'><strong>con·</strong></span> 
     </span>
     <span class='ocr_line' id='line_1_6' title="bbox 61 627 1082 706; baseline 0 -18"><span class='ocrx_word' id='word_1_46' title='bbox 61 632 213 692; x_wconf 82' lang='lat' dir='ltr'><strong>scolores.</strong></span> <span class='ocrx_word' id='word_1_47' title='bbox 235 631 444 690; x_wconf 71' lang='lat' dir='ltr'><strong>Democritus</strong></span> <span class='ocrx_word' id='word_1_48' title='bbox 435 646 466 688; x_wconf 93' lang='grc' dir='ltr'><strong>ιιι</strong></span> <span class='ocrx_word' id='word_1_49' title='bbox 482 628 540 688; x_wconf 91' lang='lat' dir='ltr'><strong>hoc</strong></span> <span class='ocrx_word' id='word_1_50' title='bbox 553 645 666 706; x_wconf 78' lang='lat' dir='ltr'><strong>genere</strong></span> <span class='ocrx_word' id='word_1_51' title='bbox 683 630 765 705; x_wconf 90' lang='lat' dir='ltr'><strong>ponit</strong></span> <span class='ocrx_word' id='word_1_52' title='bbox 781 627 951 688; x_wconf 87' lang='lat' dir='ltr'><strong>Hermiaeos</strong></span> <span class='ocrx_word' id='word_1_53' title='bbox 967 636 997 686; x_wconf 87' lang='lat' dir='ltr'><strong>et</strong></span> <span class='ocrx_word' id='word_1_54' title='bbox 1012 628 1082 688; x_wconf 83' lang='lat' dir='ltr'><strong>l’er·</strong></span> 
     </span>
     <span class='ocr_line' id='line_1_7' title="bbox 84 709 1083 793; baseline -0.006 -17"><span class='ocrx_word' id='word_1_55' title='bbox 84 719 179 793; x_wconf 86' lang='lat' dir='ltr'><strong>sicos,</strong></span> <span class='ocrx_word' id='word_1_56' title='bbox 200 713 269 773; x_wconf 88' lang='lat' dir='ltr'><strong>illos</strong></span> <span class='ocrx_word' id='word_1_57' title='bbox 289 713 509 772; x_wconf 86' lang='lat' dir='ltr'><strong>intumescentis</strong></span> <span class='ocrx_word' id='word_1_58' title='bbox 523 714 687 791; x_wconf 79' lang='lat' dir='ltr'><strong>pinguiter,</strong></span> <span class='ocrx_word' id='word_1_59' title='bbox 710 709 847 771; x_wconf 89' lang='lat' dir='ltr'><strong>Persicos</strong></span> <span class='ocrx_word' id='word_1_60' title='bbox 861 729 934 771; x_wconf 88' lang='lat' dir='ltr'><strong>vcro</strong></span> <span class='ocrx_word' id='word_1_61' title='bbox 952 729 1010 770; x_wconf 91' lang='lat' dir='ltr'><strong>non</strong></span> <span class='ocrx_word' id='word_1_62' title='bbox 1026 721 1083 770; x_wconf 89' lang='lat' dir='ltr'><strong>tra·</strong></span> 
     </span>
     <span class='ocr_line' id='line_1_8' title="bbox 83 789 1082 873; baseline -0.008 -13"><span class='ocrx_word' id='word_1_63' title='bbox 83 798 197 860; x_wconf 90' lang='lat' dir='ltr'><strong>lucidos</strong></span> <span class='ocrx_word' id='word_1_64' title='bbox 214 797 268 857; x_wconf 87' lang='lat' dir='ltr'><strong>sed</strong></span> <span class='ocrx_word' id='word_1_65' title='bbox 288 796 402 856; x_wconf 88' lang='lat' dir='ltr'><strong>iucundi</strong></span> <span class='ocrx_word' id='word_1_66' title='bbox 422 797 535 855; x_wconf 89' lang='lat' dir='ltr'><strong>tenoris</strong></span> <span class='ocrx_word' id='word_1_67' title='bbox 548 798 642 855; x_wconf 93' lang='lat' dir='ltr'><strong>visum</strong></span> <span class='ocrx_word' id='word_1_68' title='bbox 663 793 779 872; x_wconf 89' lang='lat' dir='ltr'><strong>inplere</strong></span> <span class='ocrx_word' id='word_1_69' title='bbox 800 813 885 873; x_wconf 90' lang='lat' dir='ltr'><strong>quem</strong></span> <span class='ocrx_word' id='word_1_70' title='bbox 904 812 963 854; x_wconf 91' lang='lat' dir='ltr'><strong>non</strong></span> <span class='ocrx_word' id='word_1_71' title='bbox 983 789 1082 853; x_wconf 90' lang='lat' dir='ltr'><strong>admit·</strong></span> 
     </span>
     <span class='ocr_line' id='line_1_9' title="bbox 84 877 1082 959; baseline -0.006 -16"><span class='ocrx_word' id='word_1_72' title='bbox 84 890 165 958; x_wconf 88' lang='lat' dir='ltr'><strong>tant,</strong></span> <span class='ocrx_word' id='word_1_73' title='bbox 186 881 286 940; x_wconf 89' lang='lat' dir='ltr'><strong>felium</strong></span> <span class='ocrx_word' id='word_1_74' title='bbox 301 879 561 959; x_wconf 82' lang='lat' dir='ltr'><strong>pantherarumque</strong></span> <span class='ocrx_word' id='word_1_75' title='bbox 577 879 670 939; x_wconf 90' lang='lat' dir='ltr'><strong>oculis</strong></span> <span class='ocrx_word' id='word_1_76' title='bbox 687 878 806 955; x_wconf 90' lang='lat' dir='ltr'><strong>similis,</strong></span> <span class='ocrx_word' id='word_1_77' title='bbox 829 896 950 956; x_wconf 89' lang='lat' dir='ltr'><strong>namque</strong></span> <span class='ocrx_word' id='word_1_78' title='bbox 967 887 997 938; x_wconf 88' lang='lat' dir='ltr'><strong>et</strong></span> <span class='ocrx_word' id='word_1_79' title='bbox 1013 877 1082 938; x_wconf 88' lang='lat' dir='ltr'><strong>illos</strong></span> 
     </span>
     <span class='ocr_line' id='line_1_10' title="bbox 83 961 1082 1043; baseline -0.007 -17"><span class='ocrx_word' id='word_1_80' title='bbox 83 967 198 1027; x_wconf 89' lang='lat' dir='ltr'><strong>radiare</strong></span> <span class='ocrx_word' id='word_1_81' title='bbox 217 981 273 1024; x_wconf 89' lang='lat' dir='ltr'><strong>nec</strong></span> <span class='ocrx_word' id='word_1_82' title='bbox 294 965 434 1043; x_wconf 76' lang='lat' dir='ltr'><strong>perspici.</strong></span> <span class='ocrx_word' id='word_1_83' title='bbox 478 962 626 1022; x_wconf 89' lang='lat' dir='ltr'><strong>eosdem</strong></span> <span class='ocrx_word' id='word_1_84' title='bbox 616 982 648 1022; x_wconf 89' lang='grc' dir='ltr'><strong>ιιι</strong></span> <span class='ocrx_word' id='word_1_85' title='bbox 672 962 738 1022; x_wconf 90' lang='lat' dir='ltr'><strong>sole</strong></span> <span class='ocrx_word' id='word_1_86' title='bbox 761 961 942 1040; x_wconf 88' lang='lat' dir='ltr'><strong>hebetari,</strong></span> <span class='ocrx_word' id='word_1_87' title='bbox 933 982 963 1022; x_wconf 91' lang='lat' dir='ltr'><strong>m</strong></span> <span class='ocrx_word' id='word_1_88' title='bbox 983 962 1082 1020; x_wconf 91' lang='lat' dir='ltr'><strong>umbra</strong></span> 
     </span>
     <span class='ocr_line' id='line_1_11' title="bbox 48 1045 1125 1126; baseline -0.004 -18"><span class='ocrx_word' id='word_1_89' title='bbox 48 1051 200 1126; x_wconf 76' lang='lat' dir='ltr'><strong>refulgere</strong></span> <span class='ocrx_word' id='word_1_90' title='bbox 227 1056 258 1107; x_wconf 90' lang='lat' dir='ltr'><strong>et</strong></span> <span class='ocrx_word' id='word_1_91' title='bbox 283 1048 399 1124; x_wconf 89' lang='lat' dir='ltr'><strong>longius</strong></span> <span class='ocrx_word' id='word_1_92' title='bbox 428 1064 512 1124; x_wconf 91' lang='lat' dir='ltr'><strong>quam</strong></span> <span class='ocrx_word' id='word_1_93' title='bbox 533 1054 652 1106; x_wconf 88' lang='lat' dir='ltr'><strong>ceteros</strong></span> <span class='ocrx_word' id='word_1_94' title='bbox 677 1049 783 1107; x_wconf 86' lang='lat' dir='ltr'><strong>nitere.</strong></span> <span class='ocrx_word' id='word_1_95' title='bbox 822 1045 953 1107; x_wconf 86' lang='lat' dir='ltr'><strong>Omnium</strong></span> <span class='ocrx_word' id='word_1_96' title='bbox 978 1047 1125 1112; x_wconf 73' lang='lat' dir='ltr'><strong>horumto</strong></span> 
     </span>
     <span class='ocr_line' id='line_1_12' title="bbox 84 1129 1081 1208; baseline -0.005 -15"><span class='ocrx_word' id='word_1_97' title='bbox 84 1135 238 1194; x_wconf 80' lang='lat' dir='ltr'><strong>etiamnum</strong></span> <span class='ocrx_word' id='word_1_98' title='bbox 258 1133 358 1189; x_wconf 90' lang='lat' dir='ltr'><strong>vitium</strong></span> <span class='ocrx_word' id='word_1_99' title='bbox 381 1131 458 1208; x_wconf 93' lang='lat' dir='ltr'><strong>quod</strong></span> <span class='ocrx_word' id='word_1_100' title='bbox 479 1129 558 1189; x_wconf 90' lang='lat' dir='ltr'><strong>fellis</strong></span> <span class='ocrx_word' id='word_1_101' title='bbox 576 1129 708 1190; x_wconf 89' lang='lat' dir='ltr'><strong>colorem</strong></span> <span class='ocrx_word' id='word_1_102' title='bbox 729 1140 777 1190; x_wconf 90' lang='lat' dir='ltr'><strong>aut</strong></span> <span class='ocrx_word' id='word_1_103' title='bbox 796 1133 871 1191; x_wconf 89' lang='lat' dir='ltr'><strong>acris</strong></span> <span class='ocrx_word' id='word_1_104' title='bbox 887 1131 946 1191; x_wconf 91' lang='lat' dir='ltr'><strong>olei</strong></span> <span class='ocrx_word' id='word_1_105' title='bbox 962 1131 1081 1206; x_wconf 89' lang='lat' dir='ltr'><strong>hubent,</strong></span> 
     </span>
     <span class='ocr_line' id='line_1_13' title="bbox 83 1213 1081 1292; baseline -0.003 -17"><span class='ocrx_word' id='word_1_106' title='bbox 83 1215 200 1276; x_wconf 81' lang='lat' dir='ltr'><strong>dilucidi</strong></span> <span class='ocrx_word' id='word_1_107' title='bbox 215 1213 332 1292; x_wconf 91' lang='lat' dir='ltr'><strong>quidem</strong></span> <span class='ocrx_word' id='word_1_108' title='bbox 345 1231 380 1273; x_wconf 90' lang='lat' dir='ltr'><strong>ac</strong></span> <span class='ocrx_word' id='word_1_109' title='bbox 396 1213 508 1292; x_wconf 79' lang='lat' dir='ltr'><strong>liquidi,</strong></span> <span class='ocrx_word' id='word_1_110' title='bbox 523 1213 576 1274; x_wconf 90' lang='lat' dir='ltr'><strong>sed</strong></span> <span class='ocrx_word' id='word_1_111' title='bbox 589 1227 648 1273; x_wconf 87' lang='lat' dir='ltr'><strong>non</strong></span> <span class='ocrx_word' id='word_1_112' title='bbox 659 1213 778 1274; x_wconf 87' lang='lat' dir='ltr'><strong>virides.</strong></span> <span class='ocrx_word' id='word_1_113' title='bbox 809 1215 882 1274; x_wconf 90' lang='lat' dir='ltr'><strong>hacc</strong></span> <span class='ocrx_word' id='word_1_114' title='bbox 895 1218 966 1274; x_wconf 91' lang='lat' dir='ltr'><strong>vitia</strong></span> <span class='ocrx_word' id='word_1_115' title='bbox 986 1217 1015 1274; x_wconf 90' lang='lat' dir='ltr'><strong>in</strong></span> <span class='ocrx_word' id='word_1_116' title='bbox 1031 1215 1081 1272; x_wconf 86' lang='grc' dir='ltr'><strong>Αι-</strong></span> 
     </span>
    </p>

    <p class='ocr_par' dir='ltr' id='par_1_3' title="bbox 8 1298 1081 1378">
     <span class='ocr_line' id='line_1_14' title="bbox 8 1298 1081 1378; baseline 0 -19"><span class='ocrx_word' id='word_1_117' title='bbox 8 1336 12 1347; x_wconf 90' lang='lat'>·</span> <span class='ocrx_word' id='word_1_118' title='bbox 83 1301 150 1360; x_wconf 90' lang='lat' dir='ltr'><strong>ticis</strong></span> <span class='ocrx_word' id='word_1_119' title='bbox 170 1316 302 1358; x_wconf 87' lang='lat' dir='ltr'><strong>maxume</strong></span> <span class='ocrx_word' id='word_1_120' title='bbox 324 1299 489 1358; x_wconf 89' lang='lat' dir='ltr'><strong>sentiuntur</strong></span> <span class='ocrx_word' id='word_1_121' title='bbox 508 1299 538 1357; x_wconf 92' lang='lat' dir='ltr'><strong>in</strong></span> <span class='ocrx_word' id='word_1_122' title='bbox 557 1299 731 1375; x_wconf 82' lang='lat' dir='ltr'><strong>argentariis</strong></span> <span class='ocrx_word' id='word_1_123' title='bbox 755 1298 879 1358; x_wconf 84' lang='lat' dir='ltr'><strong>metallis</strong></span> <span class='ocrx_word' id='word_1_124' title='bbox 902 1301 1030 1378; x_wconf 88' lang='lat' dir='ltr'><strong>repertis</strong></span> <span class='ocrx_word' id='word_1_125' title='bbox 1052 1301 1081 1359; x_wconf 92' lang='lat' dir='ltr'><strong>in</strong></span> 
     </span>
    </p>

    <p class='ocr_par' dir='ltr' id='par_1_4' title="bbox 6 1381 1083 1461">
     <span class='ocr_line' id='line_1_15' title="bbox 6 1381 1083 1461; baseline 0 -19"><span class='ocrx_word' id='word_1_126' title='bbox 6 1384 7 1457; x_wconf 81' lang='lat'><em>3</em></span> <span class='ocrx_word' id='word_1_127' title='bbox 83 1383 152 1445; x_wconf 92' lang='lat' dir='ltr'><strong>loco</strong></span> <span class='ocrx_word' id='word_1_128' title='bbox 175 1385 222 1461; x_wconf 90' lang='lat' dir='ltr'><strong>qui</strong></span> <span class='ocrx_word' id='word_1_129' title='bbox 238 1381 381 1443; x_wconf 84' lang='lat' dir='ltr'><strong>Thoricos</strong></span> <span class='ocrx_word' id='word_1_130' title='bbox 403 1389 539 1459; x_wconf 87' lang='lat' dir='ltr'><strong>vocatur,</strong></span> <span class='ocrx_word' id='word_1_131' title='bbox 561 1400 679 1460; x_wconf 88' lang='lat' dir='ltr'><strong>semper</strong></span> <span class='ocrx_word' id='word_1_132' title='bbox 699 1383 791 1441; x_wconf 88' lang='lat' dir='ltr'><strong>minus</strong></span> <span class='ocrx_word' id='word_1_133' title='bbox 811 1385 952 1459; x_wconf 81' lang='lat' dir='ltr'><strong>pingues,</strong></span> <span class='ocrx_word' id='word_1_134' title='bbox 976 1383 1083 1442; x_wconf 83' lang='lat' dir='ltr'><strong>sodex</strong></span> 
     </span>
    </p>

    <p class='ocr_par' dir='ltr' id='par_1_5' title="bbox 48 1465 1123 1878">
     <span class='ocr_line' id='line_1_16' title="bbox 48 1465 1079 1546; baseline -0.002 -18"><span class='ocrx_word' id='word_1_135' title='bbox 48 1487 74 1528; x_wconf 84' lang='grc' dir='ltr'><strong>ιι</strong></span> <span class='ocrx_word' id='word_1_136' title='bbox 84 1468 244 1545; x_wconf 88' lang='lat' dir='ltr'><strong>longinquo</strong></span> <span class='ocrx_word' id='word_1_137' title='bbox 267 1467 479 1546; x_wconf 88' lang='lat' dir='ltr'><strong>speciosiores.</strong></span> <span class='ocrx_word' id='word_1_138' title='bbox 513 1467 655 1545; x_wconf 84' lang='lat' dir='ltr'><strong>frequens</strong></span> <span class='ocrx_word' id='word_1_139' title='bbox 681 1473 727 1524; x_wconf 89' lang='lat' dir='ltr'><strong>est</strong></span> <span class='ocrx_word' id='word_1_140' title='bbox 753 1467 781 1523; x_wconf 90' lang='lat' dir='ltr'><strong>in</strong></span> <span class='ocrx_word' id='word_1_141' title='bbox 799 1465 890 1525; x_wconf 89' lang='lat' dir='ltr'><strong>biset</strong></span> <span class='ocrx_word' id='word_1_142' title='bbox 911 1466 1079 1543; x_wconf 80' lang='lat' dir='ltr'><strong>plumbago,</strong></span> 
     </span>
     <span class='ocr_line' id='line_1_17' title="bbox 82 1548 1082 1628; baseline -0.001 -17"><span class='ocrx_word' id='word_1_143' title='bbox 82 1551 141 1611; x_wconf 92' lang='lat' dir='ltr'><strong>hoc</strong></span> <span class='ocrx_word' id='word_1_144' title='bbox 155 1560 202 1611; x_wconf 92' lang='lat' dir='ltr'><strong>est</strong></span> <span class='ocrx_word' id='word_1_145' title='bbox 220 1560 251 1610; x_wconf 90' lang='lat' dir='ltr'><strong>ut</strong></span> <span class='ocrx_word' id='word_1_146' title='bbox 271 1554 300 1611; x_wconf 90' lang='lat' dir='ltr'><strong>in</strong></span> <span class='ocrx_word' id='word_1_147' title='bbox 317 1551 383 1611; x_wconf 90' lang='lat' dir='ltr'><strong>solo</strong></span> <span class='ocrx_word' id='word_1_148' title='bbox 398 1550 526 1628; x_wconf 90' lang='lat' dir='ltr'><strong>plumbei</strong></span> <span class='ocrx_word' id='word_1_149' title='bbox 540 1550 700 1609; x_wconf 87' lang='lat' dir='ltr'><strong>videantur.</strong></span> <span class='ocrx_word' id='word_1_150' title='bbox 728 1548 798 1609; x_wconf 91' lang='lat' dir='ltr'><strong>illud</strong></span> <span class='ocrx_word' id='word_1_151' title='bbox 813 1549 980 1627; x_wconf 88' lang='lat' dir='ltr'><strong>peculiare,</strong></span> <span class='ocrx_word' id='word_1_152' title='bbox 1004 1551 1082 1626; x_wconf 91' lang='lat' dir='ltr'><strong>quod</strong></span> 
     </span>
     <span class='ocr_line' id='line_1_18' title="bbox 83 1632 1082 1714; baseline 0.001 -20"><span class='ocrx_word' id='word_1_153' title='bbox 83 1634 197 1714; x_wconf 90' lang='lat' dir='ltr'><strong>quidam</strong></span> <span class='ocrx_word' id='word_1_154' title='bbox 212 1654 250 1695; x_wconf 87' lang='lat' dir='ltr'><strong>cx</strong></span> <span class='ocrx_word' id='word_1_155' title='bbox 265 1635 309 1694; x_wconf 90' lang='lat' dir='ltr'><strong>his</strong></span> <span class='ocrx_word' id='word_1_156' title='bbox 325 1642 493 1709; x_wconf 86' lang='lat' dir='ltr'><strong>senescunt,</strong></span> <span class='ocrx_word' id='word_1_157' title='bbox 503 1633 650 1710; x_wconf 88' lang='lat' dir='ltr'><strong>paullatim</strong></span> <span class='ocrx_word' id='word_1_158' title='bbox 661 1632 807 1693; x_wconf 84' lang='lat' dir='ltr'><strong>viriditate</strong></span> <span class='ocrx_word' id='word_1_159' title='bbox 824 1632 955 1708; x_wconf 78' lang='lat' dir='ltr'><strong>evanida,</strong></span> <span class='ocrx_word' id='word_1_160' title='bbox 971 1641 1001 1692; x_wconf 94' lang='lat' dir='ltr'><strong>et</strong></span> <span class='ocrx_word' id='word_1_161' title='bbox 1017 1634 1082 1696; x_wconf 87' lang='lat' dir='ltr'><strong>sole</strong></span> 
     </span>
     <span class='ocr_line' id='line_1_19' title="bbox 83 1715 1123 1797; baseline -0.001 -19"><span class='ocrx_word' id='word_1_162' title='bbox 83 1733 203 1797; x_wconf 81' lang='lat' dir='ltr'><strong>quoque</strong></span> <span class='ocrx_word' id='word_1_163' title='bbox 227 1718 388 1777; x_wconf 91' lang='lat' dir='ltr'><strong>laeduntur</strong></span> <span class='ocrx_word' id='word_1_164' title='bbox 430 1716 502 1775; x_wconf 86' lang='lat' dir='ltr'><strong>Post</strong></span> <span class='ocrx_word' id='word_1_165' title='bbox 527 1715 581 1775; x_wconf 88' lang='lat' dir='ltr'><strong>hos</strong></span> <span class='ocrx_word' id='word_1_166' title='bbox 608 1715 714 1776; x_wconf 84' lang='lat' dir='ltr'><strong>lledioi</strong></span> <span class='ocrx_word' id='word_1_167' title='bbox 742 1716 901 1795; x_wconf 77' lang='lat' dir='ltr'><strong>plurumum</strong></span> <span class='ocrx_word' id='word_1_168' title='bbox 928 1719 1123 1784; x_wconf 75' lang='lat' dir='ltr'><strong>varietatistl</strong></span> 
     </span>
     <span class='ocr_line' id='line_1_20' title="bbox 83 1798 1081 1878; baseline 0 -16"><span class='ocrx_word' id='word_1_169' title='bbox 83 1803 208 1878; x_wconf 89' lang='lat' dir='ltr'><strong>habent,</strong></span> <span class='ocrx_word' id='word_1_170' title='bbox 233 1799 375 1860; x_wconf 89' lang='lat' dir='ltr'><strong>interdum</strong></span> <span class='ocrx_word' id='word_1_171' title='bbox 396 1798 504 1878; x_wconf 89' lang='lat' dir='ltr'><strong>aliquid</strong></span> <span class='ocrx_word' id='word_1_172' title='bbox 520 1807 551 1858; x_wconf 91' lang='lat' dir='ltr'><strong>et</strong></span> <span class='ocrx_word' id='word_1_173' title='bbox 568 1818 585 1858; x_wconf 91' lang='lat' dir='ltr'><strong>e</strong></span> <span class='ocrx_word' id='word_1_174' title='bbox 600 1801 728 1878; x_wconf 88' lang='lat' dir='ltr'><strong>sappiro.</strong></span> <span class='ocrx_word' id='word_1_175' title='bbox 763 1801 798 1860; x_wconf 90' lang='lat' dir='ltr'><strong>hi</strong></span> <span class='ocrx_word' id='word_1_176' title='bbox 814 1809 881 1861; x_wconf 86' lang='lat' dir='ltr'><strong>suut</strong></span> <span class='ocrx_word' id='word_1_177' title='bbox 898 1800 1031 1860; x_wconf 87' lang='lat' dir='ltr'><strong>fluctuosi</strong></span> <span class='ocrx_word' id='word_1_178' title='bbox 1048 1820 1081 1862; x_wconf 92' lang='lat' dir='ltr'><strong>ac</strong></span> 
     </span>
    </p>

    <p class='ocr_par' dir='ltr' id='par_1_6' title="bbox 46 1882 1082 2047">
     <span class='ocr_line' id='line_1_21' title="bbox 46 1882 1082 1982; baseline -0.002 -36"><span class='ocrx_word' id='word_1_179' title='bbox 46 1904 181 1946; x_wconf 78' lang='lat' dir='ltr'><strong>uorerum</strong></span> <span class='ocrx_word' id='word_1_180' title='bbox 195 1887 336 1962; x_wconf 87' lang='lat' dir='ltr'><strong>imagines</strong></span> <span class='ocrx_word' id='word_1_181' title='bbox 352 1882 506 1982; x_wconf 82' lang='lat' dir='ltr'><strong>conplexi,</strong></span> <span class='ocrx_word' id='word_1_182' title='bbox 522 1900 699 1962; x_wconf 87' lang='lat' dir='ltr'><strong>papaverum</strong></span> <span class='ocrx_word' id='word_1_183' title='bbox 713 1885 797 1946; x_wconf 84' lang='lat' dir='ltr'><strong>verbi</strong></span> <span class='ocrx_word' id='word_1_184' title='bbox 815 1887 910 1962; x_wconf 88' lang='lat' dir='ltr'><strong>gratia</strong></span> <span class='ocrx_word' id='word_1_185' title='bbox 926 1893 973 1944; x_wconf 89' lang='lat' dir='ltr'><strong>aut</strong></span> <span class='ocrx_word' id='word_1_186' title='bbox 988 1887 1082 1944; x_wconf 90' lang='lat' dir='ltr'><strong>avium</strong></span> 
     </span>
     <span class='ocr_line' id='line_1_22' title="bbox 84 1959 1080 2047; baseline 0.001 -19"><span class='ocrx_word' id='word_1_187' title='bbox 84 1969 302 2045; x_wconf 88' lang='lat' dir='ltr'><strong>catulorumque</strong></span> <span class='ocrx_word' id='word_1_188' title='bbox 313 1966 361 2026; x_wconf 88' lang='lat' dir='ltr'><strong>vel</strong></span> <span class='ocrx_word' id='word_1_189' title='bbox 376 1959 533 2045; x_wconf 85' lang='lat' dir='ltr'><strong>pinuar‘um</strong></span> <span class='ocrx_word' id='word_1_190' title='bbox 549 1969 598 2044; x_wconf 92' lang='lat' dir='ltr'><strong>qui</strong></span> <span class='ocrx_word' id='word_1_191' title='bbox 613 1976 709 2028; x_wconf 90' lang='lat' dir='ltr'><strong>tamen</strong></span> <span class='ocrx_word' id='word_1_192' title='bbox 720 1968 829 2028; x_wconf 87' lang='lat' dir='ltr'><strong>virides</strong></span> <span class='ocrx_word' id='word_1_193' title='bbox 844 1987 923 2039; x_wconf 80' lang='lat' dir='ltr'><strong>nasci</strong></span> <span class='ocrx_word' id='word_1_194' title='bbox 915 1969 1080 2047; x_wconf 87' lang='lat' dir='ltr'><strong>videntur,</strong></span> 
     </span>
    </p>

    <p class='ocr_par' dir='ltr' id='par_1_7' title="bbox 6 2049 1123 2298">
     <span class='ocr_line' id='line_1_23' title="bbox 6 2049 1079 2150; baseline -0.001 -36"><span class='ocrx_word' id='word_1_195' title='bbox 6 2106 9 2114; x_wconf 93' lang='lat'>.</span> <span class='ocrx_word' id='word_1_196' title='bbox 85 2053 220 2131; x_wconf 88' lang='lat' dir='ltr'><strong>quoniam</strong></span> <span class='ocrx_word' id='word_1_197' title='bbox 240 2050 309 2110; x_wconf 90' lang='lat' dir='ltr'><strong>oleo</strong></span> <span class='ocrx_word' id='word_1_198' title='bbox 328 2050 468 2111; x_wconf 87' lang='lat' dir='ltr'><strong>meliores</strong></span> <span class='ocrx_word' id='word_1_199' title='bbox 490 2051 577 2150; x_wconf 87' lang='lat' dir='ltr'><strong>liunt,</strong></span> <span class='ocrx_word' id='word_1_200' title='bbox 599 2049 695 2129; x_wconf 87' lang='lat' dir='ltr'><strong>nequ&#39;e</strong></span> <span class='ocrx_word' id='word_1_201' title='bbox 711 2061 758 2112; x_wconf 90' lang='lat' dir='ltr'><strong>cst</strong></span> <span class='ocrx_word' id='word_1_202' title='bbox 774 2052 895 2112; x_wconf 91' lang='lat' dir='ltr'><strong>aliorum</strong></span> <span class='ocrx_word' id='word_1_203' title='bbox 913 2053 1079 2129; x_wconf 88' lang='lat' dir='ltr'><strong>magnitudo</strong></span> 
     </span>
     <span class='ocr_line' id='line_1_24' title="bbox 83 2132 1123 2214; baseline 0.002 -20"><span class='ocrx_word' id='word_1_204' title='bbox 83 2135 216 2214; x_wconf 90' lang='lat' dir='ltr'><strong>amplior</strong></span> <span class='ocrx_word' id='word_1_205' title='bbox 246 2132 435 2194; x_wconf 76' lang='lat' dir='ltr'><strong>Calchedonii</strong></span> <span class='ocrx_word' id='word_1_206' title='bbox 453 2136 554 2194; x_wconf 90' lang='lat' dir='ltr'><strong>nescio</strong></span> <span class='ocrx_word' id='word_1_207' title='bbox 568 2151 606 2193; x_wconf 87' lang='lat' dir='ltr'><strong>an</strong></span> <span class='ocrx_word' id='word_1_208' title='bbox 621 2136 651 2195; x_wconf 92' lang='lat' dir='ltr'><strong>in</strong></span> <span class='ocrx_word' id='word_1_209' title='bbox 666 2144 758 2196; x_wconf 89' lang='lat' dir='ltr'><strong>totum</strong></span> <span class='ocrx_word' id='word_1_210' title='bbox 774 2137 967 2196; x_wconf 86' lang='lat' dir='ltr'><strong>exoleverunt</strong></span> <span class='ocrx_word' id='word_1_211' title='bbox 974 2146 1078 2214; x_wconf 87' lang='lat' dir='ltr'><strong>,post</strong></span> <span class='ocrx_word' id='word_1_212' title='bbox 1067 2148 1123 2202; x_wconf 78' lang='lat'><strong>72</strong></span> 
     </span>
     <span class='ocr_line' id='line_1_25' title="bbox 85 2218 1082 2320; baseline -0.001 -41"><span class='ocrx_word' id='word_1_213' title='bbox 85 2236 168 2320; x_wconf 83' lang='lat' dir='ltr'><strong>quam</strong></span> <span class='ocrx_word' id='word_1_214' title='bbox 188 2218 305 2280; x_wconf 90' lang='lat' dir='ltr'><strong>metalla</strong></span> <span class='ocrx_word' id='word_1_215' title='bbox 325 2220 403 2279; x_wconf 89' lang='lat' dir='ltr'><strong>aeris</strong></span> <span class='ocrx_word' id='word_1_216' title='bbox 428 2218 469 2278; x_wconf 91' lang='lat' dir='ltr'><strong>ibi</strong></span> <span class='ocrx_word' id='word_1_217' title='bbox 488 2219 676 2295; x_wconf 86' lang='lat' dir='ltr'><strong>defecerunt,</strong></span> <span class='ocrx_word' id='word_1_218' title='bbox 698 2227 729 2279; x_wconf 92' lang='lat' dir='ltr'><strong>et</strong></span> <span class='ocrx_word' id='word_1_219' title='bbox 749 2238 867 2306; x_wconf 88' lang='lat' dir='ltr'><strong>semper</strong></span> <span class='ocrx_word' id='word_1_220' title='bbox 886 2229 980 2280; x_wconf 86' lang='lat' dir='ltr'><strong>tamen</strong></span> <span class='ocrx_word' id='word_1_221' title='bbox 1002 2221 1082 2279; x_wconf 90' lang='lat' dir='ltr'><strong>vilis·</strong></span> 
     </span>
    </p>

    <p class='ocr_par' dir='ltr' id='par_1_8' title="bbox 44 2299 1196 2546">
     <span class='ocr_line' id='line_1_26' title="bbox 44 2299 1196 2388; baseline 0.003 -29"><span class='ocrx_word' id='word_1_222' title='bbox 44 2305 147 2362; x_wconf 81' lang='lat' dir='ltr'><strong>assimi</strong></span> <span class='ocrx_word' id='word_1_223' title='bbox 169 2303 253 2364; x_wconf 89' lang='lat' dir='ltr'><strong>fuer&#39;e</strong></span> <span class='ocrx_word' id='word_1_224' title='bbox 276 2303 462 2386; x_wconf 80' lang='lat' dir='ltr'><strong>minumique,</strong></span> <span class='ocrx_word' id='word_1_225' title='bbox 485 2302 573 2362; x_wconf 85' lang='lat' dir='ltr'><strong>iidem</strong></span> <span class='ocrx_word' id='word_1_226' title='bbox 589 2303 712 2380; x_wconf 84' lang='lat' dir='ltr'><strong>fragiles</strong></span> <span class='ocrx_word' id='word_1_227' title='bbox 738 2313 770 2362; x_wconf 91' lang='lat' dir='ltr'><strong>et</strong></span> <span class='ocrx_word' id='word_1_228' title='bbox 794 2299 903 2364; x_wconf 90' lang='lat' dir='ltr'><strong>coloris</strong></span> <span class='ocrx_word' id='word_1_229' title='bbox 924 2306 1028 2364; x_wconf 91' lang='lat' dir='ltr'><strong>incerti</strong></span> <span class='ocrx_word' id='word_1_230' title='bbox 1050 2313 1081 2363; x_wconf 89' lang='lat' dir='ltr'><strong>et</strong></span> <span class='ocrx_word' id='word_1_231' title='bbox 1191 2365 1196 2388; x_wconf 76' lang='lat'><strong>,</strong></span> 
     </span>
     <span class='ocr_line' id='line_1_27' title="bbox 82 2381 1080 2484; baseline 0.002 -40"><span class='ocrx_word' id='word_1_232' title='bbox 82 2388 260 2446; x_wconf 83' lang='lat' dir='ltr'><strong>virentium</strong></span> <span class='ocrx_word' id='word_1_233' title='bbox 251 2406 282 2446; x_wconf 89' lang='lat' dir='ltr'><strong>m</strong></span> <span class='ocrx_word' id='word_1_234' title='bbox 294 2386 392 2446; x_wconf 90' lang='lat' dir='ltr'><strong>caudis</strong></span> <span class='ocrx_word' id='word_1_235' title='bbox 406 2403 552 2464; x_wconf 87' lang='lat' dir='ltr'><strong>pavonum</strong></span> <span class='ocrx_word' id='word_1_236' title='bbox 571 2381 825 2484; x_wconf 75' lang='lat' dir='ltr'><strong>columbarumque</strong></span> <span class='ocrx_word' id='word_1_237' title='bbox 845 2405 863 2447; x_wconf 89' lang='lat' dir='ltr'><strong>e</strong></span> <span class='ocrx_word' id='word_1_238' title='bbox 878 2388 955 2448; x_wconf 93' lang='lat' dir='ltr'><strong>collo</strong></span> <span class='ocrx_word' id='word_1_239' title='bbox 976 2388 1080 2465; x_wconf 87' lang='lat' dir='ltr'><strong>plumis</strong></span> 
     </span>
     <span class='ocr_line' id='line_1_28' title="bbox 84 2468 1079 2546; baseline 0 -16"><span class='ocrx_word' id='word_1_240' title='bbox 84 2468 219 2530; x_wconf 88' lang='lat' dir='ltr'><strong>similiter</strong></span> <span class='ocrx_word' id='word_1_241' title='bbox 243 2471 279 2528; x_wconf 89' lang='lat' dir='ltr'><strong>ad</strong></span> <span class='ocrx_word' id='word_1_242' title='bbox 304 2469 520 2537; x_wconf 84' lang='lat' dir='ltr'><strong>inclinationem</strong></span> <span class='ocrx_word' id='word_1_243' title='bbox 544 2471 636 2546; x_wconf 87' lang='lat' dir='ltr'><strong>magis</strong></span> <span class='ocrx_word' id='word_1_244' title='bbox 660 2479 708 2530; x_wconf 91' lang='lat' dir='ltr'><strong>aut</strong></span> <span class='ocrx_word' id='word_1_245' title='bbox 733 2473 825 2530; x_wconf 90' lang='lat' dir='ltr'><strong>minus</strong></span> <span class='ocrx_word' id='word_1_246' title='bbox 847 2471 950 2546; x_wconf 89' lang='lat' dir='ltr'><strong>lucidi,</strong></span> <span class='ocrx_word' id='word_1_247' title='bbox 975 2473 1079 2530; x_wconf 89' lang='lat' dir='ltr'><strong>venosi</strong></span> 
     </span>
    </p>
   </div>
   <div class='ocr_carea' id='block_1_3' title="bbox 83 2552 1215 2636">
    <p class='ocr_par' dir='ltr' id='par_1_9' title="bbox 83 2552 1215 2636">
     <span class='ocr_line' id='line_1_29' title="bbox 83 2552 1215 2636; baseline 0.004 -24"><span class='ocrx_word' id='word_1_248' title='bbox 83 2552 172 2612; x_wconf 90' lang='lat' dir='ltr'><strong>iidem</strong></span> <span class='ocrx_word' id='word_1_249' title='bbox 192 2555 406 2631; x_wconf 86' lang='lat' dir='ltr'><strong>squamosique</strong></span> <span class='ocrx_word' id='word_1_250' title='bbox 442 2561 506 2614; x_wconf 88' lang='lat' dir='ltr'><strong>erat</strong></span> <span class='ocrx_word' id='word_1_251' title='bbox 525 2561 556 2612; x_wconf 88' lang='lat' dir='ltr'><strong>et</strong></span> <span class='ocrx_word' id='word_1_252' title='bbox 575 2553 752 2631; x_wconf 84' lang='lat' dir='ltr'><strong>peculiare</strong></span> <span class='ocrx_word' id='word_1_253' title='bbox 743 2573 773 2614; x_wconf 91' lang='grc' dir='ltr'><strong>ιιι</strong></span> <span class='ocrx_word' id='word_1_254' title='bbox 794 2557 830 2614; x_wconf 92' lang='lat' dir='ltr'><strong>iis</strong></span> <span class='ocrx_word' id='word_1_255' title='bbox 847 2558 945 2614; x_wconf 88' lang='lat' dir='ltr'><strong>vitium</strong></span> <span class='ocrx_word' id='word_1_256' title='bbox 961 2557 1123 2636; x_wconf 70' lang='lat' dir='ltr'><strong>sancionis</strong></span> <span class='ocrx_word' id='word_1_257' title='bbox 1211 2622 1215 2634; x_wconf 53' lang='grc'><em>,</em></span> 
     </span>
    </p>
   </div>
   <div class='ocr_carea' id='block_1_4' title="bbox 46 2634 1174 3470">
    <p class='ocr_par' dir='ltr' id='par_1_10' title="bbox 46 2634 1174 3470">
     <span class='ocr_line' id='line_1_30' title="bbox 84 2634 1079 2716; baseline 0.003 -21"><span class='ocrx_word' id='word_1_258' title='bbox 84 2634 275 2714; x_wconf 88' lang='lat' dir='ltr'><strong>appellatum,</strong></span> <span class='ocrx_word' id='word_1_259' title='bbox 291 2635 349 2695; x_wconf 91' lang='lat' dir='ltr'><strong>hoo</strong></span> <span class='ocrx_word' id='word_1_260' title='bbox 368 2647 415 2698; x_wconf 91' lang='lat' dir='ltr'><strong>est</strong></span> <span class='ocrx_word' id='word_1_261' title='bbox 429 2637 569 2716; x_wconf 89' lang='lat' dir='ltr'><strong>quaedam</strong></span> <span class='ocrx_word' id='word_1_262' title='bbox 584 2655 715 2714; x_wconf 87' lang='lat' dir='ltr'><strong>gemmae</strong></span> <span class='ocrx_word' id='word_1_263' title='bbox 730 2657 808 2699; x_wconf 89' lang='lat' dir='ltr'><strong>caro.</strong></span> <span class='ocrx_word' id='word_1_264' title='bbox 836 2655 918 2697; x_wconf 87' lang='lat' dir='ltr'><strong>mous</strong></span> <span class='ocrx_word' id='word_1_265' title='bbox 937 2646 983 2698; x_wconf 89' lang='lat' dir='ltr'><strong>est</strong></span> <span class='ocrx_word' id='word_1_266' title='bbox 1000 2639 1079 2698; x_wconf 89' lang='lat' dir='ltr'><strong>iuxta</strong></span> 
     </span>
     <span class='ocr_line' id='line_1_31' title="bbox 46 2717 1174 2798; baseline 0.006 -23"><span class='ocrx_word' id='word_1_267' title='bbox 46 2733 75 2775; x_wconf 86' lang='lat' dir='ltr'><strong>so</strong></span> <span class='ocrx_word' id='word_1_268' title='bbox 86 2717 329 2779; x_wconf 78' lang='lat' dir='ltr'><strong>Calchedonem</strong></span> <span class='ocrx_word' id='word_1_269' title='bbox 320 2737 350 2777; x_wconf 92' lang='lat' dir='ltr'><strong>m</strong></span> <span class='ocrx_word' id='word_1_270' title='bbox 365 2738 424 2798; x_wconf 94' lang='lat' dir='ltr'><strong>quo</strong></span> <span class='ocrx_word' id='word_1_271' title='bbox 439 2721 614 2798; x_wconf 88' lang='lat' dir='ltr'><strong>legebantur</strong></span> <span class='ocrx_word' id='word_1_272' title='bbox 628 2719 826 2798; x_wconf 85' lang='lat' dir='ltr'><strong>Zmaragditcs</strong></span> <span class='ocrx_word' id='word_1_273' title='bbox 840 2729 970 2781; x_wconf 89' lang='lat' dir='ltr'><strong>vocatus.</strong></span> <span class='ocrx_word' id='word_1_274' title='bbox 1009 2721 1080 2782; x_wconf 90' lang='lat' dir='ltr'><strong>Iuba</strong></span> <span class='ocrx_word' id='word_1_275' title='bbox 1171 2751 1174 2758; x_wconf 91' lang='lat'><em>·</em></span> 
     </span>
     <span class='ocr_line' id='line_1_32' title="bbox 73 2803 1080 2882; baseline 0.001 -19.011"><span class='ocrx_word' id='word_1_276' title='bbox 73 2810 187 2863; x_wconf 86' lang='lat' dir='ltr'><strong>auctor</strong></span> <span class='ocrx_word' id='word_1_277' title='bbox 204 2811 252 2862; x_wconf 90' lang='lat' dir='ltr'><strong>est</strong></span> <span class='ocrx_word' id='word_1_278' title='bbox 272 2803 452 2879; x_wconf 81' lang='lat' dir='ltr'><strong>zmaragdum</strong></span> <span class='ocrx_word' id='word_1_279' title='bbox 469 2822 555 2882; x_wconf 86' lang='lat' dir='ltr'><strong>quam</strong></span> <span class='ocrx_word' id='word_1_280' title='bbox 572 2803 692 2864; x_wconf 87' lang='lat' dir='ltr'><strong>chloran</strong></span> <span class='ocrx_word' id='word_1_281' title='bbox 705 2807 841 2865; x_wconf 88' lang='lat' dir='ltr'><strong>vocent</strong></span> <span class='ocrx_word' id='word_1_282' title='bbox 833 2823 862 2863; x_wconf 92' lang='grc' dir='ltr'><strong>ιιι</strong></span> <span class='ocrx_word' id='word_1_283' title='bbox 878 2804 987 2864; x_wconf 79' lang='lat' dir='ltr'><strong>Arabia</strong></span> <span class='ocrx_word' id='word_1_284' title='bbox 1002 2805 1080 2865; x_wconf 86' lang='lat' dir='ltr'><strong>acdi-</strong></span> 
     </span>
     <span class='ocr_line' id='line_1_33' title="bbox 84 2887 1079 2965; baseline 0.002 -19"><span class='ocrx_word' id='word_1_285' title='bbox 84 2887 216 2946; x_wconf 88' lang='lat' dir='ltr'><strong>dciorum</strong></span> <span class='ocrx_word' id='word_1_286' title='bbox 243 2888 418 2945; x_wconf 87' lang='lat' dir='ltr'><strong>ornamentis</strong></span> <span class='ocrx_word' id='word_1_287' title='bbox 443 2887 550 2948; x_wconf 89' lang='lat' dir='ltr'><strong>includi</strong></span> <span class='ocrx_word' id='word_1_288' title='bbox 578 2896 609 2948; x_wconf 92' lang='lat' dir='ltr'><strong>et</strong></span> <span class='ocrx_word' id='word_1_289' title='bbox 634 2887 758 2965; x_wconf 90' lang='lat' dir='ltr'><strong>lapidem</strong></span> <span class='ocrx_word' id='word_1_290' title='bbox 782 2905 866 2965; x_wconf 89' lang='lat' dir='ltr'><strong>quem</strong></span> <span class='ocrx_word' id='word_1_291' title='bbox 892 2887 1079 2949; x_wconf 88' lang='lat' dir='ltr'><strong>alabastriten</strong></span> 
     </span>
     <span class='ocr_line' id='line_1_34' title="bbox 84 2969 1079 3049; baseline 0.002 -19"><span class='ocrx_word' id='word_1_292' title='bbox 84 2969 227 3048; x_wconf 69' lang='lat' dir='ltr'><strong>Aegyptii</strong></span> <span class='ocrx_word' id='word_1_293' title='bbox 246 2977 370 3045; x_wconf 88' lang='lat' dir='ltr'><strong>vocent,</strong></span> <span class='ocrx_word' id='word_1_294' title='bbox 390 2970 547 3048; x_wconf 81' lang='lat' dir='ltr'><strong>conplures</strong></span> <span class='ocrx_word' id='word_1_295' title='bbox 568 2987 641 3029; x_wconf 88' lang='lat' dir='ltr'><strong>vero</strong></span> <span class='ocrx_word' id='word_1_296' title='bbox 664 2973 744 3031; x_wconf 89' lang='lat' dir='ltr'><strong>etin</strong></span> <span class='ocrx_word' id='word_1_297' title='bbox 764 2973 911 3049; x_wconf 88' lang='lat' dir='ltr'><strong>proxumis</strong></span> <span class='ocrx_word' id='word_1_298' title='bbox 933 2973 1079 3032; x_wconf 90' lang='lat' dir='ltr'><strong>montibus</strong></span> 
     </span>
     <span class='ocr_line' id='line_1_35' title="bbox 85 3052 946 3130; baseline -0.001 -16"><span class='ocrx_word' id='word_1_299' title='bbox 85 3062 117 3115; x_wconf 92' lang='lat' dir='ltr'><strong>et</strong></span> <span class='ocrx_word' id='word_1_300' title='bbox 131 3056 162 3114; x_wconf 93' lang='lat' dir='ltr'><strong>in</strong></span> <span class='ocrx_word' id='word_1_301' title='bbox 178 3052 310 3130; x_wconf 70' lang='lat' dir='ltr'><strong>Taygeto</strong></span> <span class='ocrx_word' id='word_1_302' title='bbox 328 3055 390 3112; x_wconf 88' lang='lat' dir='ltr'><strong>erui</strong></span> <span class='ocrx_word' id='word_1_303' title='bbox 405 3052 526 3112; x_wconf 71' lang='lat' dir='ltr'><strong>Medicis</strong></span> <span class='ocrx_word' id='word_1_304' title='bbox 542 3054 643 3113; x_wconf 91' lang='lat' dir='ltr'><strong>similis</strong></span> <span class='ocrx_word' id='word_1_305' title='bbox 660 3062 690 3112; x_wconf 90' lang='lat' dir='ltr'><strong>et</strong></span> <span class='ocrx_word' id='word_1_306' title='bbox 705 3053 779 3112; x_wconf 88' lang='lat' dir='ltr'><strong>alios</strong></span> <span class='ocrx_word' id='word_1_307' title='bbox 796 3056 824 3113; x_wconf 91' lang='lat' dir='ltr'><strong>in</strong></span> <span class='ocrx_word' id='word_1_308' title='bbox 838 3055 946 3115; x_wconf 87' lang='lat' dir='ltr'><strong>Sicilia.</strong></span> 
     </span>
     <span class='ocr_line' id='line_1_36' title="bbox 48 3136 1120 3217; baseline 0.005 -24"><span class='ocrx_word' id='word_1_309' title='bbox 48 3151 75 3193; x_wconf 81' lang='lat' dir='ltr'><strong>sc</strong></span> <span class='ocrx_word' id='word_1_310' title='bbox 142 3137 227 3217; x_wconf 83' lang='lat'>(19.)</span> <span class='ocrx_word' id='word_1_311' title='bbox 246 3137 389 3197; x_wconf 82' lang='lat' dir='ltr'><strong>Inseritur</strong></span> <span class='ocrx_word' id='word_1_312' title='bbox 403 3136 562 3214; x_wconf 78' lang='lat' dir='ltr'><strong>smaragdis</strong></span> <span class='ocrx_word' id='word_1_313' title='bbox 577 3147 608 3197; x_wconf 90' lang='lat' dir='ltr'><strong>st</strong></span> <span class='ocrx_word' id='word_1_314' title='bbox 623 3153 697 3215; x_wconf 87' lang='lat' dir='ltr'><strong>quac</strong></span> <span class='ocrx_word' id='word_1_315' title='bbox 710 3145 929 3204; x_wconf 80' lang='lat' dir='ltr'><strong>vocaturtanos</strong></span> <span class='ocrx_word' id='word_1_316' title='bbox 947 3137 1074 3198; x_wconf 83' lang='lat' dir='ltr'><strong>el’ersis</strong></span> <span class='ocrx_word' id='word_1_317' title='bbox 1085 3148 1120 3204; x_wconf 77' lang='lat' dir='ltr'><strong>tt</strong></span> 
     </span>
     <span class='ocr_line' id='line_1_37' title="bbox 83 3220 1079 3299; baseline -0.001 -17"><span class='ocrx_word' id='word_1_318' title='bbox 83 3223 206 3282; x_wconf 86' lang='lat' dir='ltr'><strong>veniens</strong></span> <span class='ocrx_word' id='word_1_319' title='bbox 229 3238 341 3298; x_wconf 86' lang='lat' dir='ltr'><strong>gemma</strong></span> <span class='ocrx_word' id='word_1_320' title='bbox 364 3222 479 3297; x_wconf 87' lang='lat' dir='ltr'><strong>ingrate</strong></span> <span class='ocrx_word' id='word_1_321' title='bbox 498 3220 599 3280; x_wconf 86' lang='lat' dir='ltr'><strong>viridis</strong></span> <span class='ocrx_word' id='word_1_322' title='bbox 624 3229 711 3298; x_wconf 92' lang='lat' dir='ltr'><strong>atque</strong></span> <span class='ocrx_word' id='word_1_323' title='bbox 730 3223 806 3281; x_wconf 90' lang='lat' dir='ltr'><strong>intus</strong></span> <span class='ocrx_word' id='word_1_324' title='bbox 828 3222 960 3299; x_wconf 87' lang='lat' dir='ltr'><strong>sordida,</strong></span> <span class='ocrx_word' id='word_1_325' title='bbox 978 3221 1079 3281; x_wconf 90' lang='lat' dir='ltr'><strong>itidem</strong></span> 
     </span>
     <span class='ocr_line' id='line_1_38' title="bbox 83 3303 1142 3384; baseline 0 -19"><span class='ocrx_word' id='word_1_326' title='bbox 83 3304 355 3382; x_wconf 73' lang='lat' dir='ltr'><strong>chalcosmaragdos</strong></span> <span class='ocrx_word' id='word_1_327' title='bbox 366 3303 501 3383; x_wconf 73' lang='lat' dir='ltr'><strong>eGypro,</strong></span> <span class='ocrx_word' id='word_1_328' title='bbox 513 3303 625 3363; x_wconf 91' lang='lat' dir='ltr'><strong>turbida</strong></span> <span class='ocrx_word' id='word_1_329' title='bbox 638 3306 734 3364; x_wconf 89' lang='lat' dir='ltr'><strong>aereis</strong></span> <span class='ocrx_word' id='word_1_330' title='bbox 745 3307 836 3365; x_wconf 91' lang='lat' dir='ltr'><strong>venis.</strong></span> <span class='ocrx_word' id='word_1_331' title='bbox 859 3305 1078 3384; x_wconf 81' lang='lat' dir='ltr'><strong>Theophrastus</strong></span> <span class='ocrx_word' id='word_1_332' title='bbox 1136 3331 1142 3342; x_wconf 35' lang='lat' dir='ltr'><strong>s</strong></span> 
     </span>
     <span class='ocr_line' id='line_1_39' title="bbox 84 3388 1079 3470; baseline 0.002 -22"><span class='ocrx_word' id='word_1_333' title='bbox 84 3388 171 3449; x_wconf 88' lang='lat' dir='ltr'><strong>tradit</strong></span> <span class='ocrx_word' id='word_1_334' title='bbox 190 3391 220 3448; x_wconf 90' lang='lat' dir='ltr'><strong>iu</strong></span> <span class='ocrx_word' id='word_1_335' title='bbox 239 3388 453 3470; x_wconf 72' lang='lat' dir='ltr'><strong>Aegyptiorum</strong></span> <span class='ocrx_word' id='word_1_336' title='bbox 477 3389 690 3448; x_wconf 86' lang='lat' dir='ltr'><strong>commentariis</strong></span> <span class='ocrx_word' id='word_1_337' title='bbox 712 3389 837 3467; x_wconf 87' lang='lat' dir='ltr'><strong>reperiri</strong></span> <span class='ocrx_word' id='word_1_338' title='bbox 858 3390 923 3466; x_wconf 82' lang='lat' dir='ltr'><strong>regi</strong></span> <span class='ocrx_word' id='word_1_339' title='bbox 945 3407 1079 3450; x_wconf 87' lang='lat' dir='ltr'><strong>eoruma</strong></span> 
     </span>
    </p>
   </div>
   <div class='ocr_carea' id='block_1_5' title="bbox 0 0 1246 3817">
    <p class='ocr_par' dir='ltr' id='par_1_11' title="bbox 0 0 1246 3817">
     <span class='ocr_line' id='line_1_40' title="bbox 0 0 1246 3817; baseline 0 0"><span class='ocrx_word' id='word_1_340' title='bbox 0 0 1246 3817; x_wconf 95' lang='lat' dir='ltr'><strong> </strong></span> 
     </span>
    </p>
   </div>
  </div>
 </body>
</html>
