2484 3817
156 208 219 269 256
494 215 524 266 ct
542 217 637 265 annu
654 214 804 264 sucum

155 374 192 434 ad
210 374 374 433 cicatricem
388 369 556 450 perducunt.
594 369 672 429 lacte
686 378 809 430 evocem
830 370 890 447 poti
907 382 969 427 curn
983 366 1086 427 mulso.
1108 366 1151 425 in-

127 466 132 473 ·
156 459 305 516 veniuntur
322 463 351 515 et
365 453 513 513 vermiculi
536 455 583 531 qui
604 452 749 529 adalligati
767 452 845 511 collo
865 452 1011 510 continent
1025 459 1150 529 partum,

155 540 341 600 detrahuntur
354 547 447 598 autem
459 536 511 595 sub
523 546 618 615 partu,
636 536 706 596 alias
718 536 787 615 eniti
799 532 1020 612 conpatiuntur.
1044 550 1149 594 caven·

156 624 221 683 dum
236 630 266 682 et
280 640 318 681 ne
331 624 360 682 in
373 632 451 681 terra
462 629 614 698 ponantur,
633 628 794 696 conceptus
812 616 929 697 quoque
945 634 1031 677 causa
1047 618 1151 677 dantur

111 709 200 771 'liiiio
219 716 289 785 potu
312 706 389 784 quini
405 713 452 764 aut
467 706 592 781 septeni.
626 704 746 763 cocleae
767 704 795 760 in
808 702 1019 783 eibosnmptae
1034 700 1179 760 aeccle-a

154 798 218 849 rant
232 798 353 869 partum,
365 790 433 848 item
446 795 617 864 conceptum
626 787 768 865 inpositae
784 803 846 866 curn
858 800 957 865 croco.
981 784 1102 845 eaedem
1114 802 1152 843 ex

117 870 122 909 ·’
154 873 249 948 amylo
265 882 295 932 et
307 870 494 947 tragacantha
510 869 607 929 inlitae
620 869 761 948 profluvia
774 870 885 927 sistunt.
905 877 1026 946 prosunt
1040 876 1069 927 et
1084 884 1152 946 pur·

155 956 320 1034 gationibus
333 963 463 1032 sumptae
476 954 506 1011 in
520 952 586 1011 cibo
600 961 630 1011 et
643 950 759 1011 vairam
774 968 907 1011 aversam
924 954 1073 1027 corrigunt
1087 968 1151 1009 cum

153 1040 278 1099 medulla
296 1039 413 1098 cervina
428 1038 466 1095 ita
487 1044 517 1094 ut
531 1038 578 1094 uni
600 1035 721 1095 cocleae
742 1035 840 1095 denari
856 1030 968 1113 pondus
985 1034 1105 1094 addatur
1121 1036 1153 1107 'et

156 1125 248 1202 cypri.
279 1122 441 1179 inflationes
458 1135 573 1198 quoque
595 1119 746 1179 volvarum
763 1118 918 1177 discutiunt
933 1127 1087 1195 exemptae
1108 1126 1151 1177 te·
1163 1134 1191 1177 aa

156 1209 209 1266 stis
224 1208 309 1264 tritae
325 1220 390 1261 cum
407 1218 543 1262 rosaceo.
572 1201 694 1262 adhaec
710 1200 935 1279 Astypalaeicae
950 1217 1081 1261 maxume
1100 1200 1152 1260 eli·

114 1300 164 1355 127
176 1298 291 1365 guntur.
323 1285 381 1345 alio
404 1286 489 1345 modo
505 1285 661 1345 Africanae
682 1285 766 1345 binae
786 1287 869 1345 tritae
891 1302 953 1345 cum
972 1284 1032 1343 leni
1048 1284 1152 1345 Graeci

157 1371 234 1450 quod
248 1369 338 1429 tribus
346 1368 442 1445 digitis
456 1370 594 1446 capiatur,
605 1368 702 1428 addito
715 1368 802 1427 melle
814 1367 997 1427 coclearibus
1006 1375 1151 1445 quattuor,

112 1493 116 1503 ι
155 1455 309 1514 inlinuntur
329 1452 396 1512 alvo
413 1453 492 1531 prius
508 1453 581 1510 irino
597 1467 669 1511 suco
685 1461 854 1530 perunctae.
886 1460 951 1510 suut
967 1459 996 1509 et
1010 1452 1150 1510 minumae

156 1538 345 1615 lubricaeque
370 1535 508 1595 candidae
528 1534 649 1595 cocleae
668 1536 776 1614 passim
796 1534 976 1593 oberrantes.
1004 1530 1063 1594 bae
1088 1549 1191 1593 are-15

155 1622 250 1681 iactae
263 1620 367 1679 selein
380 1619 488 1697 tegulis
504 1626 662 1695 tonsaeque
675 1619 702 1677 in
718 1618 837 1679 farinam
849 1619 1006 1679 miscentur
1023 1618 1150 1677 lomento

155 1704 256 1781 aequis
276 1702 405 1781 partibus
427 1701 639 1782 candoremque
658 1711 686 1761 et
706 1701 854 1761 laevorem
875 1702 1001 1780 corpori
1009 1700 1151 1761 adierunt.

115 1786 471 1856 128scabendidesideria
486 1785 591 1845 tollunt
604 1787 728 1843 minutae
744 1795 773 1845 et
789 1785 864 1847 latae
877 1782 1085 1863 cum'poleuta.
1101 1785 1151 1844 lli·

155 1889 256 1954 peram
271 1869 374 1928 mulier
389 1886 533 1947 praegnas
548 1871 573 1928 si
588 1868 808 1945 transcenderit,
825 1868 957 1929 abortum
971 1868 1069 1943 faciet,
1083 1869 1153 1927 item

157 1950 407 2033 amphisbaenam,
422 1961 561 2014 mortuam
577 1951 739 2028 dumtaxat,
759 1970 824 2011 nam
844 1953 938 2012 vivam
958 1949 1100 2011 babentes
1123 1952 1191 2013 inae

156 2037 266 2117 pyxide
289 2040 395 2113 inpune
417 2042 580 2111 transeunt,
603 2035 687 2095 etiam
709 2036 734 2093 si
754 2043 867 2095 mortua
888 2035 926 2093 sit
946 2043 1032 2112 atque
1053 2035 1152 2094 adser-

157 2130 233 2180 vata.
265 2129 363 2197 partus
377 2118 473 2178 facilis
496 2126 625 2196 praestat
644 2118 692 2177 vel
706 2126 827 2177 mortua.
855 2119 969 2193 mirum,
992 2119 1017 2177 si
1030 2134 1087 2177 non
1103 2117 1155 2201 ad3

156 2211 302 2263 servatam
320 2202 533 2261 transcenderit
554 2200 689 2277 gravida,
711 2202 857 2261 innoxium
871 2200 951 2275 beri,
976 2202 1002 2260 si
1023 2202 1153 2278 protinus

156 2284 342 2347 transcendat
366 2282 556 2345 adservatam.
583 2283 696 2359 Anguis
715 2285 867 2345 inveterati
888 2283 984 2343 suiiitu
1006 2292 1152 2348 menstrua

157 2370 301 2429 adiuvant.
696 2376 700 2399 l
1161 2386 1189 2427 aa

117 2464 167 2519 129
228 2452 311 2530 (44.)
328 2449 470 2525 Auguinm
484 2459 620 2516 senectus
635 2448 790 2527 adalligata
807 2450 909 2511 lumbis
924 2450 1070 2509 faciliores
1086 2467 1150 2527 par·

158 2546 205 2595 tus
219 2535 305 2608 iacit,
323 2535 453 2611 protinus
472 2537 660 2612 apnerperio
676 2535 862 2594 removenda.
892 2534 960 2593 dant
981 2542 1011 2593 et
1032 2535 1060 2593 in
1082 2534 1151 2593 vino

158 2617 311 2679 bibendam
326 2634 390 2676 curn
401 2626 472 2693 ture,
488 2618 572 2678 aliter
585 2627 697 2696 sumpta
712 2617 842 2679 abortum
854 2618 933 2677 iacit.
950 2616 1152 2694 baculumque

158 2702 244 2778 angui
258 2718 328 2760 rana
343 2716 466 2760 excussa
481 2703 519 2760 sit
533 2704 717 2778 parturientis
731 2700 861 2778 adiuuat,
887 2698 1060 2759 trixallidum
1079 2700 1152 2761 ciuis

157 2786 255 2845 inlitus
270 2802 333 2843 cnm
348 2782 434 2842 melle
446 2785 645 2861 purgationes,
660 2787 728 2853 item
744 2801 865 2844 araneus
880 2784 928 2861 qui
943 2783 1020 2843 iilum
1035 2783 1191 2843 deducitao

160 2886 199 2928 ex
216 2868 286 2927 alto.
317 2868 383 2945 capi
398 2866 485 2926 debet
500 2886 584 2928 manu
598 2885 671 2928 caua
686 2869 826 2944 tritusque
848 2867 1010 2943 admoveri,
1032 2865 1110 2945 quod
1125 2868 1152 2927 si

118 2950 347 3017 laoredeuntenr
372 2950 535 3028 prenderit,
561 2950 701 3011 inhibebit
724 2951 799 3010 idem
822 2952 1019 3028 purgationes.
1062 2948 1151 3031 Lapis

159 3036 263 3095 aetites
277 3035 306 3091 in
320 3033 434 3113 aquilae
449 3043 583 3114 repertus
600 3033 668 3094 nido
690 3032 927 3111 custoditpartus
943 3041 1042 3093 eontra
1056 3034 1151 3093 omnis

159 3118 309 3179 abortuum
326 3117 455 3178 insidias.
486 3120 570 3197 pinna
586 3117 726 3177 volturina
742 3116 870 3177 subiecta
892 3116 1013 3195 pedibus
1037 3115 1152 3175 adiuvat

117 3241 122 3253 .
161 3201 353 3280 parturientis.
375 3202 549 3263 oromcorui
564 3200 720 3270 cauendum
733 3200 860 3276 gravidis
879 3208 1000 3273 constat,
1016 3200 1152 3276 quodiana
1162 3208 1190 3251 ³⁵

159 3286 351 3359 transgressis
366 3284 496 3345 abortum
509 3301 564 3364 per
577 3301 611 3343 os
628 3284 723 3343 iaciat.
744 3284 836 3343 limum
852 3283 998 3359 accipitris
1012 3284 1040 3341 in
1055 3281 1151 3341 mulso

160 3376 257 3445 potum
271 3369 384 3428 ridetur
398 3369 535 3429 fecundas
549 3367 658 3426 iacere.
687 3366 836 3428 volvarum
853 3366 980 3441 duritias,
998 3363 1152 3426 collectic-

158 3468 214 3511 nes
228 3449 310 3530 adips
323 3455 472 3515 anserinus
486 3459 536 3511 ant
552 3451 638 3527 cygni
653 3450 770 3511 emollit.
