2484 3817
199 222 205 230 Ι
277 141 768 196 nur.fflsr.xxxv11.10-m.
793 131 930 210 (ot-74.)
1043 129 1097 188 177

108 294 1100 379 mmssmmfflwmmwmmmffiffimm

110 389 202 447 omnia
224 384 334 447 similis.
369 392 433 443 taos
451 385 556 463 pavoni
569 391 615 442 est
631 380 731 442 similis
748 380 875 457 itemque
902 379 994 458 aspidi
1017 395 1101 458 quam

110 466 548 531 mmmmm.
1096 509 1101 518 .

166 551 251 630 (73.)
271 550 447 610 ilarenarum
469 545 625 608 similitudo
648 553 694 605 est
714 545 744 605 in
763 543 982 621 hammochryso
1000 544 1080 606 velut
1094 553 1144 608 188

89 653 178 696 sauro
203 635 318 695 harenis
347 633 446 690 mixto.
485 630 641 691 cenchritis
665 629 772 706 sparsis
799 627 858 686 mili
880 630 976 705 granis
1000 627 1101 688 similis

110 729 172 797 εει,
192 719 294 794 dryitis
313 716 420 776 truncis
436 715 582 789 arborum,
598 729 671 789 quae
687 720 717 771 et
737 711 807 787 ligni
822 711 907 770 modo
923 711 1014 770 ardet.
1047 713 1102 770 cis·

109 805 172 863 sitis
193 803 221 860 in
242 798 362 860 candido
383 798 516 876 perlucet
535 796 662 857 hederae
687 794 766 854 ioliis
786 811 860 872 quae
880 801 969 852 totam
992 802 1100 854 tenent.

108 885 268 946 narcissitis
291 883 372 954 venis
398 888 429 941 ει
450 879 541 941 odore
563 879 757 955 distinguitur.
797 878 920 953 cyamias
941 878 1024 954 nigra
1046 885 1102 952 εει,

110 959 1103 1040 mMmmmoemoemfflfflwmmhwmmee
1205 981 1209 988 ¹

77 1051 232 1116 ronuculeo
250 1050 340 1125 diota,
364 1048 430 1125 huic
452 1047 605 1125 aliquando
626 1046 725 1104 inesse
739 1045 867 1122 ‘piscium
886 1045 986 1121 spinae
1005 1044 1102 1102 viden-

110 1144 171 1210 tur,
194 1132 369 1212 phoenicitis
381 1140 412 1190 ut
428 1131 556 1190 balanus.
586 1128 726 1189 chalazias
744 1126 911 1204 grandinum
935 1135 964 1189 et
979 1125 1081 1186 cando·
1095 1135 1145 1190 189

109 1211 1103 1290 mmemmmmmmmmdeumwm

114 1303 142 1362 in
169 1302 245 1377 ignis
280 1302 367 1360 etiam
387 1298 503 1377 additae
521 1313 639 1355 manere
659 1312 739 1354 suum
760 1293 860 1370 irigus.
893 1295 996 1371 pyritis
1021 1294 1102 1370 nigra

101 1376 1103 1459 qmmffimwmwmmmmmmmmh

75 1467 212 1524 instincta
227 1463 303 1522 liniis
318 1463 454 1523 candicat.
487 1471 657 1540 astrapaeae
673 1463 701 1552 ip
723 1460 842 1520 candido
858 1467 906 1519 aut
920 1477 1031 1535 cyaneo
1047 1461 1103 1520 dis·

108 1554 226 1608 currunt
248 1565 265 1606 e
286 1544 381 1605 medio
404 1545 530 1605 fulminis
551 1545 633 1606 radii.
664 1546 693 1602 in
716 1542 876 1621 phlogitide
898 1544 973 1602 intus
995 1542 1104 1602 llamma

107 1632 222 1691 videtur
239 1629 343 1689 ardere
359 1647 432 1705 quae
446 1646 505 1688 non
521 1636 625 1703 exeat,
643 1628 671 1685 in
684 1625 873 1685 anthracitide
886 1625 1029 1685 scintillae
1046 1625 1103 1686 dis-

108 1731 238 1787 currere.
263 1711 410 1788 enhygros
425 1729 542 1789 semper
554 1709 738 1770 rotunditatis
754 1708 904 1770 absolutae
915 1710 944 1769 in
957 1708 1082 1770 caudore
1096 1719 1146 1776 190

110 1794 1104 1870 emmmmsmadmmmflmmmmmsmeamhhmomssi

75 1875 1103 1955 mmnwfflmmffihmfflmmwmmmmfflwo

108 1977 216 2018 marum
229 1961 327 2019 iacere
339 1959 452 2020 dicitur.
478 1969 543 2020 sunt
556 1969 586 2020 et
599 1978 614 2019 a
626 1960 720 2020 leonis
733 1960 811 2038 pelle
826 1969 856 2020 ει
868 1979 883 2020 a
894 1960 1033 2039 panthera
1051 1979 1102 2022 no-

108 2044 231 2103 minatae
246 2043 397 2120 [leontios‚
413 2043 579 2123 pardaliosl.
608 2041 699 2102 Golos
711 2044 867 2120 appellavit
883 2043 1084 2122 drosolithum,
1097 2057 1143 2111 191

107 2125 1103 2203 ·fflmmmmemfflmm

108 2211 257 2286 geminus,
275 2207 482 2286 panciores,
502 2217 585 2286 parte
602 2209 725 2268 melleus
743 2244 798 2285 -‚
819 2213 935 2270 crocian
949 2213 1046 2288 croci,
1067 2213 1104 2271 si·

73 2290 295 2356 similitudinem
310 2291 448 2369 quandam
467 2301 654 2370 spargentem
669 2293 766 2370 polian
789 2295 926 2371 canities,
952 2303 1104 2373 spartopo-

109 2376 171 2434 lion
183 2377 287 2435 rarior.
312 2374 437 2435 rhoditis
452 2392 539 2434 rosae
554 2375 656 2435 similis
673 2385 736 2450 est,
761 2376 890 2437 chalcitis
905 2379 984 2453 aeri,
1003 2381 1103 2454 sycitis

109 2457 177 2532 lico,
188 2457 375 2532 bostrychitis
390 2459 419 2516 in
430 2460 515 2534 nigro
527 2475 640 2518 ramosa
652 2459 777 2519 candidis
789 2460 836 2520 vel
849 2462 1014 2538 sanguineis
1026 2462 1104 2521 fron·

109 2541 210 2616 dibus,
237 2540 376 2599 chernitis
403 2540 483 2600 velut
508 2542 538 2598 in
561 2551 644 2619 petra
667 2542 793 2602 candidis
815 2544 943 2602 manibus
971 2545 1048 2604 inter
1067 2563 1103 2618 sc

109 2621 270 2700 conplexis.
297 2622 469 2703 hnancitide
483 2625 512 2682 in
526 2623 724 2700 hydromantia
739 2625 835 2684 dicunt
854 2628 970 2686 evocari
986 2628 1083 2704 imagi·
1095 2639 1145 2693 192

73 2723 161 2767 sones
177 2705 314 2779 deorum,
335 2706 516 2781 synochitide
532 2709 626 2767 teneri
642 2709 754 2768 umbras
776 2708 934 2769 inferorum
955 2719 1103 2788 evocatas,
1196 2764 1203 2768 .

108 2787 271 2850 dendritide
292 2787 358 2847 alba
378 2789 495 2848 defossa
517 2789 570 2849 sub
593 2791 699 2850 arbore
720 2791 943 2867 quae-caedatur
959 2795 1102 2853 securium

108 2873 200 2933 aciem
217 2887 275 2928 non
292 2869 434 2930 hebetari.
456 2872 540 2931 'Sunt
561 2873 649 2932 multo
669 2870 767 2952 plures
785 2875 934 2951 magisque
949 2877 1103 2936 monstrifi-

108 2975 161 3016 cae
191 2953 295 3031 quibus
315 2953 439 3013 barbara
464 2954 581 3026 dedere¹
599 2958 713 3015 nomina
740 2957 867 3016 confessi
890 2957 1001 3035 lapides
1023 2979 1102 3036 esse,

108 3056 166 3099 nou
180 3054 317 3114 gemmas.
339 3036 424 3096 nohis
441 3039 510 3097 satis
523 3040 579 3099 erit
592 3040 622 3096 in
633 3039 677 3112 his
693 3041 862 3116 coarguisse
873 3041 934 3100 dira
946 3043 1100 3104 mendacia.

74 3143 99 3186 as
174 3121 221 3181 12.
245 3121 326 3198 (74.)
349 3116 482 3180 Gemmae
505 3130 536 3180 et
561 3129 716 3181 nascuntur
740 3133 863 3199 repente
893 3142 987 3185 novae
1004 3128 1081 3186 ‘sine
1094 3137 1142 3190 193

108 3203 288 3279 nominibus,
319 3203 394 3262 sicut
417 3202 485 3262 olim
507 3206 537 3267 in
556 3204 680 3264 metallis
702 3207 823 3264 aurariis
844 3206 992 3286 Lampsaci
1019 3228 1101 3269 unam

108 3291 252 3349 inventam
270 3305 345 3364 quae
361 3294 483 3364 propter
498 3287 735 3366 pulchritudinem
752 3287 919 3351 Alexandro
933 3294 996 3370 regi
1012 3294 1100 3354 missa

108 3375 145 3432 sit
164 3378 266 3430 auctor
281 3379 327 3431 est
342 3369 570 3447 Theophrastus.
601 3371 748 3430 cochlides
763 3390 878 3450 quoque
893 3393 966 3436 nunc
982 3376 1079 3454 volga·
1091 3386 1142 3442 194

150 3470 226 3514 rursu
241 3470 309 3513 nar.
325 3471 401 3515 nisu.
417 3453 454 3512 V.
515 3488 530 3506 ω
666 3519 675 3532 y
907 3469 940 3520 la
