2484 3817
34 230 37 237 ,
109 247 112 254 ,
152 189 231 238 aaa.
251 185 343 235 msa.
365 183 472 233 xxxv.
495 179 537 236 17.
561 166 634 251 (5⁷.)
654 201 697 212 —
714 181 835 230 xxxvl.
855 180 881 232 a.
903 168 959 250 (a.)
988 169 1064 230 1105

338 473 375 556 0.
403 471 550 556 Phidi
579 470 806 555 aaudiat

160 641 546 742 Ndhllhhhld
590 630 976 734 hididltldli

106 842 110 847 »
386 818 753 886 ursusxxxvr.

520 976 669 985 ———

42 1091 75 1161 ao¹
140 1096 208 1176 Cap.
225 1097 252 1156 1.
270 1095 363 1174 (Sect.
381 1094 424 1172 1.)
437 1091 574 1170 hapidum
588 1098 689 1149 natura
704 1097 810 1166 restat,
825 1087 882 1146 hoc
897 1094 943 1147 est
958 1090 1096 1165 praeci-1

77 1200 132 1261 pua
148 1198 258 1239 morum
273 1178 400 1254 insania,
415 1176 501 1237 etiam
514 1183 546 1234 ut
560 1191 692 1252 gemmae
707 1191 771 1232 cnm
785 1172 892 1232 sucinis
907 1180 994 1248 atque
1008 1189 1071 1248 cry·

77 1264 200 1325 stallinis
226 1263 418 1338 murrinisque
434 1259 589 1318 sileantur.
628 1258 722 1317 omnia
741 1273 863 1334 namque
885 1272 959 1334 quae
979 1273 1072 1332 usque

76 1348 111 1408 ad
132 1348 189 1407 hoc
210 1347 347 1405 volumen
373 1344 557 1403 tractavimus
577 1341 845 1417 hominumgenita
871 1355 956 1398 causa
978 1336 1072 1398 videri

76 1439 214 1510 possunt,
228 1431 334 1488 montis
349 1435 448 1487 natura
461 1426 517 1485 sibi
531 1425 643 1486 fecerat
658 1432 689 1484 et
708 1422 842 1499 quasdam
857 1439 1004 1499 conpages
1019 1422 1074 1482 tel-

43 1534 67 1574 15
76 1516 147 1574 luris
168 1513 332 1572 visceribus
355 1500 526 1585 densandis,
547 1509 631 1568 simul
652 1515 683 1566 et
706 1505 849 1564 fluminum
872 1507 997 1583 impetus
1022 1505 1072 1586 do-

75 1599 193 1658 mandos
225 1597 387 1673 fluctusque
416 1591 593 1668 frangendos
624 1609 657 1650 ac
685 1590 807 1648 minume
836 1589 949 1666 quietas
982 1591 1072 1668 partis

76 1681 254 1742 coercendas
271 1679 422 1737 durissima
438 1678 481 1734 sui
496 1677 625 1734 materia.
641 1672 793 1732 'caedimus
809 1671 863 1732 hos
876 1671 1072 1750 trahimusque

76 1765 154 1825 nulla
169 1764 226 1823 alia
241 1778 324 1838 quam
334 1759 502 1818 deliciarum
516 1774 619 1833 causa,
636 1773 709 1833 quos
725 1755 941 1816 transcendisse
956 1772 1072 1833 quoque

76 1851 177 1906 mirum
197 1846 260 1905 fuit.
298 1843 332 1901 ln
354 1847 610 1921 portento‘prope
631 1841 756 1899 maiores
774 1838 904 1900 habuere
927 1837 1012 1918 Alpis
1027 1840 1098 1903 aba

42 1950 68 1990 ao
76 1928 236 1989 Hannibale
255 1933 447 2005 exsuperatas
463 1926 613 2001 etpostea
632 1942 648 1983 a
664 1921 804 2001 Cimbris,
822 1926 896 1983 nurie
910 1924 992 2002 ipsae
1008 1939 1072 1984 oae-

78 2014 182 2072 duntur
201 2013 231 2069 in
250 2009 328 2068 mille
343 2025 454 2086 genera
474 2025 661 2084 marmorum,
684 2009 882 2084 promontoria
904 2009 1071 2085 aperiuntur

76 2097 165 2172 mari,
185 2102 215 2154 et
230 2111 326 2153 rerum
341 2102 439 2152 natura
455 2093 551 2169 agitur
567 2093 596 2151 in
614 2091 737 2169 planum.
782 2090 930 2151 evehimus
949 2108 1073 2170 eaquae

78 2177 247 2259 separandis
262 2176 399 2253 gentihus
414 2193 468 2253 pro
485 2176 615 2235 terminis
631 2176 787 2235 constituta
806 2182 904 2252 erant,
925 2191 1073 2252 navesque

77 2279 248 2322 marmorum
263 2278 349 2320 causa
364 2260 435 2318 flunt
449 2278 483 2319 ae
496 2277 552 2337 per
566 2258 688 2336 fluetus,
704 2260 900 2318 saevissimam
915 2277 1010 2318 rerum
1026 2277 1073 2318 na-

42 2367 68 2407 as
78 2356 160 2406 turae
174 2354 297 2424 partem,
310 2343 365 2403 huc
379 2342 448 2402 iiiuc
459 2350 611 2422 portantur
621 2345 689 2419 iuga
699 2335 808 2403 maiore
825 2343 976 2402 etiamnum
990 2343 1073 2401 venia

78 2447 163 2507 quam
182 2447 245 2487 cum
266 2428 302 2488 ad
325 2427 448 2505 frigidos
461 2427 558 2506 'potus
582 2444 634 2486 vas
652 2427 761 2504 petitur
775 2428 804 2486 in
818 2425 915 2500 nubila
930 2423 1072 2503 caeloque

2 2580 3 2589 χ
78 2528 237 2590 proxumae
254 2529 341 2590 rupes
358 2519 495 2571 cavantur
515 2519 547 2569 ut
564 2510 679 2570 bibatur
694 2510 798 2586 glaeie.
835 2526 933 2568 secum
949 2508 1100 2586 quisque3

2 2640 3 2675 3
78 2596 192 2672 cogitet
208 2603 238 2653 et
253 2613 327 2673 quae
338 2596 433 2674 pretia
448 2595 550 2654 horum
564 2592 669 2668 audiat,
681 2593 830 2670 quas-vehi
844 2590 976 2669 trahique
988 2591 1072 2652 molis
1115 2617 1120 2622 ·

80 2677 189 2752 videat,
201 2685 231 2736 et
243 2695 324 2755 quam
340 2681 403 2738 sine
418 2680 455 2737 iis
470 2677 622 2736 multorum
637 2676 675 2734 sit
689 2676 804 2737 heatior
814 2677 884 2750 vita,
896 2675 952 2735 ista
962 2676 1072 2752 iacere,

2 2805 3 2841 q
44 2763 166 2822 soimmo
183 2762 282 2819 verius
306 2763 365 2837 pati
381 2760 511 2820 mortalis
529 2776 602 2838 quos
624 2759 660 2819 oh
683 2777 752 2820 usus
768 2777 876 2838 quasve
894 2757 928 2817 ad
938 2760 1075 2838 volupta-

2 2922 3 2925 Ἴ
81 2854 128 2905 tes
144 2844 215 2903 alias
230 2844 285 2902 nisi
300 2852 332 2903 ut
347 2846 424 2903 inter
437 2843 561 2904 maculas
576 2843 700 2921 lapidum
714 2846 843 2919 iaceant,
859 2859 914 2902 ceu
927 2860 1000 2903 vero
1015 2861 1073 2904 non

2 2978 3 3013 q
80 2928 213 2988 tenebris
229 2928 373 3003 noctium,
388 2926 502 2986 dimidia
516 2935 600 3005 parte
614 2928 692 2986 vitae
711 2928 867 3004 cuiusque,
883 2924 986 3003 gaudia
1000 2926 1073 2988 haec
1090 2929 1092 2936 ’

80 3011 292 3072 auferentibus.
887 3055 890 3065 .

146 3095 207 3172 (2.)
219 3094 325 3171 ingens
334 3095 390 3152 ista
401 3100 583 3171 reputantem
594 3092 671 3152 suhit
682 3092 768 3152 etiam
780 3093 957 3171 antiquitatis
971 3093 1068 3154 rubor.
1081 3104 1099 3158 4

44 3199 72 3239 aa
82 3187 199 3239 exstant
212 3178 367 3237 censoriae
381 3177 464 3252 leges
481 3175 595 3253 glandia
611 3177 642 3235 in
660 3176 758 3251 cenis,
780 3175 863 3253 gliris
878 3186 908 3236 et
927 3177 982 3237 alia
996 3177 1072 3237 dictu

81 3264 193 3322 minora
213 3260 318 3339 adponi
339 3268 488 3337 vetantes,
514 3276 655 3320 marmora
676 3258 790 3337 invehi,
816 3261 902 3319 maria
923 3260 1006 3320 huius
1027 3263 1071 3322 rei

81 3363 169 3406 eausa
183 3346 298 3404 transiri
314 3361 388 3424 quae
406 3351 522 3404 vetaret
541 3342 591 3402 iex
609 3343 686 3403 nulia
705 3341 762 3402 lata
779 3352 833 3404 est.
877 3343 905 3403 2.
926 3345 1001 3404 dieat
1014 3345 1072 3404 ior·
1116 3341 1120 3350 '

81 3431 171 3490 tarsis
186 3428 305 3508 aliquis:
321 3445 380 3489 non
395 3429 469 3489 enim
483 3425 703 3489 invehebantur.
731 3426 759 3486 id
775 3427 889 3506 quidem
903 3427 985 3488 ialso.
1013 3437 1097 3491 tre-5
