2484 3817
816 84 835 123 θ

122 185 186 248 220
457 198 487 246 c.
509 196 605 243 amar
625 154 774 242 sudunor

123 351 217 411 herini
231 350 368 426 lentigine
385 348 511 409 obducit.
536 346 574 407 ob
591 346 647 407 hoc
661 346 690 405 in
706 354 851 423 unguento
865 354 968 406 necant
986 364 1049 406 enm
1064 346 1105 406 in·

126 434 262 495 sidiantes
276 433 412 512 pellicum
429 432 548 490 formae.
578 430 734 489 remedium
750 438 796 489 est
810 430 857 487 ovi
873 429 979 488 luteum
999 440 1028 489 et
1048 428 1106 489 mel

126 535 160 576 ac
174 519 285 576 nitrum.
311 516 353 575 fel
367 515 517 575 stelionum
532 516 626 573 tritum
642 514 670 572 in
687 530 760 591 aqua
774 512 911 571 mustelas
925 529 1107 589 congregare

125 599 236 659 dicitur.

82 692 118 747 74
179 681 262 761 (23.)
284 680 361 740 luter
375 680 466 741 omnia
477 687 619 738 venenata
635 677 828 738 salamandrae
838 678 935 739 scelus
948 696 1134 743 maxumnms

124 775 177 827 est.
219 774 316 824 cetera
331 766 403 823 euim
418 764 548 839 singulos
563 762 683 836 feriunt,
706 780 760 821 uec
773 762 864 839 pluris
880 765 988 839 pariter
1003 765 1107 821 intere·

123 858 219 924 munt,
244 858 274 907 ut
288 850 413 907 omittam
432 844 507 924 quod
529 845 626 923 perire
648 846 822 904 conscientia
846 845 975 911 dicuntur
993 846 1108 905 homine

123 948 263 1011 percusso
278 948 372 1008 neque
388 929 509 1008 amplius
524 928 631 987 admitti
645 928 679 986 ad
692 935 801 1003 terras,
822 928 1000 987 salamandra
1017 946 1107 1006 popu·

123 1017 169 1076 los
184 1016 291 1092 pariter
305 1031 411 1072 nccare
425 1012 592 1089 inprovidos
607 1018 713 1087 potest.
748 1028 811 1069 narn
828 1012 851 1069 si
866 1011 962 1071 arbori
977 1012 1107 1089 inrepsit,

124 1099 216 1158 omnia
231 1114 314 1173 poma
329 1096 417 1154 inlicit
438 1112 565 1171 veneno,
583 1103 612 1153 et
625 1111 676 1152 eos
697 1096 745 1170 qui
770 1095 880 1154 ederint
898 1103 985 1153 necat
1004 1094 1146 1171 frigidam

83 1190 116 1246 75
128 1184 155 1239 vi
173 1179 241 1238 nihil
256 1179 369 1237 aconito
385 1178 501 1237 distans.
534 1178 698 1257 quinimmo
714 1186 846 1236 contacto
860 1177 895 1237 ab
911 1196 945 1238 ea
959 1177 1038 1255 ligno
1060 1178 1107 1237 vel

124 1262 211 1341 lapidi
227 1264 250 1320 si
263 1270 358 1320 crusta
370 1267 452 1338 panis
465 1263 645 1338 incoquatur,
659 1260 732 1319 idem
745 1262 923 1336 veneficium,
940 1270 968 1321 et
977 1264 1002 1320 si
1018 1264 1046 1320 in
1058 1279 1108 1340 pu·

126 1352 202 1405 teum
218 1344 310 1418 cadat,
328 1346 435 1421 quippe
452 1362 514 1404 cum
529 1344 621 1402 saliva
637 1345 698 1401 eins
715 1361 891 1422 quacumque
906 1354 989 1421 parte
1004 1361 1108 1423 corpo·

123 1430 164 1488 ris
179 1426 227 1486 vel
247 1428 274 1484 in
296 1425 371 1503 pede
391 1428 446 1485 imo
469 1444 604 1505 respersa
620 1426 711 1484 omnis
727 1429 754 1484 in
777 1436 839 1485 toto
859 1444 985 1505 corpore
1004 1427 1109 1486 defluat

124 1511 209 1589 pilus.
239 1518 332 1568 tamen
353 1509 417 1568 talis
439 1528 474 1569 ac
491 1510 560 1568 tanti
583 1511 685 1568 veneni
710 1528 726 1567 a
749 1508 915 1585 quibusdam
938 1509 1106 1586 animalium,
1117 1527 1145 1569 1⁵

124 1602 156 1653 ut
169 1592 273 1667 subus,
296 1593 435 1652 manditur
452 1592 613 1652 dominante
636 1592 735 1651 eadem
750 1592 798 1651 illa
821 1610 919 1651 rerum
931 1593 1107 1652 dissidentia.

83 1685 266 1740 teveredum
281 1676 343 1735 eius
356 1678 496 1753 restingui
513 1679 632 1754 primum
648 1677 768 1733 omnium
787 1674 882 1735 abhis
899 1692 972 1753 qnae
988 1693 1107 1734 vescan-

124 1767 169 1819 tur
182 1758 232 1818 illa
242 1760 397 1819 verisimile
409 1769 462 1835 est,
474 1778 512 1819 ex
526 1759 569 1819 his
581 1776 652 1818 vero
666 1776 739 1835 quae
751 1760 907 1836 produntur
918 1758 1108 1818 cantharidum

124 1851 195 1921 potu
210 1851 258 1900 aut
275 1842 383 1901 lacerta
400 1844 429 1901 in
446 1844 511 1902 cibo
528 1851 648 1921 sumpta.
676 1850 773 1901 cetera
794 1842 972 1901 adversantia
987 1842 1108 1901 diximus

125 1925 309 2003 dicemusque
322 1926 471 1985 suislocis.
491 1944 529 1985 ex
540 1927 602 2004 ipsa
611 1925 885 2003 qnaelllagitradunt
898 1934 997 1983 contra
1009 1926 1106 1983 incen·
1115 1944 1145 1987 ro

125 2008 180 2083 dia,
196 2009 329 2083 quoniam
346 2009 421 2083 ignis
436 2010 499 2068 sola
514 2008 673 2068 animalium
690 2011 864 2084 exstinguat,
880 2008 904 2068 si
918 2007 1013 2065 forent
1027 2024 1106 2085 vera,

124 2092 180 2149 iam
196 2098 275 2148 esset
291 2100 410 2168 experta
425 2092 525 2151 Roma.
555 2092 673 2149 Sextius
687 2108 821 2149 venerem
836 2090 955 2150 accendi
979 2090 1044 2149 cibo
1060 2106 1105 2149 ea-

124 2190 197 2247 rum,
213 2174 237 2230 si
253 2172 390 2232 detractis
405 2174 560 2233 interaneis
576 2182 605 2231 et
619 2172 741 2251 pedihus
754 2182 782 2231 et
794 2175 887 2249 capite
901 2175 929 2232 in
943 2173 1029 2232 melle
1045 2190 1106 2231 ser·

100 2252 102 2257 ’
124 2262 237 2329 ventur,
253 2256 339 2314 tradit
353 2266 497 2334 negatque
516 2256 655 2332 restingui
670 2258 765 2331 ignem
777 2256 812 2315 ab
827 2258 871 2315 iis.

83 2348 116 2404 77
180 2334 263 2413 (24.)
285 2337 331 2396 Ex
351 2338 515 2397 volucribus
539 2341 568 2397 in
590 2336 722 2398 auxilium
742 2347 841 2399 contra
861 2340 1003 2417 serpentis
1024 2339 1106 2417 primi
1115 2356 1143 2397 aa

124 2418 263 2478 vultures.
300 2419 460 2480 adnotatum
475 2439 590 2500 quoque
607 2422 697 2481 minus
710 2422 811 2481 virium
826 2440 893 2482 esse
910 2422 1006 2498 nigris.
1046 2424 1106 2500 piu·

124 2520 223 2560 uarum
238 2521 275 2561 err
288 2502 332 2561 his
347 2503 458 2579 nidore,
479 2506 503 2563 si
522 2514 646 2578 urantur,
661 2506 755 2581 iugari
771 2505 944 2581 sandicum,
965 2506 1033 2563 item
1055 2520 1107 2565 cor

126 2586 188 2643 eius
203 2585 277 2645 alitis
296 2585 426 2645 habentis
440 2596 517 2647 tutos
532 2605 598 2646 esse
618 2586 654 2647 ab
674 2589 781 2667 impetu
801 2605 865 2647 uon.
879 2587 971 2647 solum
988 2605 1106 2667 serpeu-

125 2670 193 2727 tinm
210 2668 262 2727 sed
279 2671 363 2727 etiam
377 2669 499 2729 letarum
515 2671 712 2747 latronumque
726 2680 756 2729 et
770 2689 870 2747 regum
884 2672 935 2730 ira.

84 2761 119 2816 78
180 2750 263 2829 (25.)
284 2750 661 2828 ὓπηίὴυεςαίἰίιιεοεοτυιη
676 2754 714 2812 ita
728 2762 757 2812 ut
772 2754 909 2832 tepebunt
923 2753 1041 2813 avolsae
1057 2754 1105 2813 ad·
1116 2772 1145 2815 aa

126 2834 229 2912 positis
250 2852 361 2894 venena
381 2838 553 2913 serpentium
574 2837 736 2911 domantur,
762 2838 829 2895 item
850 2835 971 2896 cerebro
991 2838 1019 2895 in
1039 2838 1107 2896 vino

127 2924 209 2993 poto.
246 2916 341 2976 Parthi
360 2918 483 2993 gallinae
497 2920 603 2979 malunt
617 2918 766 2979 cerebrum
782 2920 877 2996 plagis
893 2921 1041 2997 inponere
1063 2919 1108 2978 ius

128 3000 243 3075 quoque
266 3017 304 3057 ex
327 2999 372 3058 his
390 3010 486 3078 potum
507 3001 658 3079 praeclare
680 3002 809 3062 medetur
830 3011 859 3061 et
880 3002 908 3060 in
927 3002 1020 3060 multis
1042 3002 1109 3061 aliis

125 3080 222 3139 usibus
237 3081 377 3142 mirabile.
405 3083 577 3160 Pantherae‚
599 3084 701 3144 leones
720 3102 777 3144 non
794 3086 933 3159 attingunt
952 3092 1108 3160 perunctos

84 3172 118 3228 ts
129 3180 176 3238 eo,
194 3168 349 3243 praecipue
367 3168 390 3227 si
407 3176 435 3226 et
451 3167 534 3227 alium
549 3168 635 3228 luerit
649 3168 800 3227 incoctum.
827 3167 921 3227 alvom
936 3165 1022 3225 solvit
1036 3167 1107 3226 vali·
1117 3181 1147 3225 as

127 3245 189 3305 dius
204 3264 222 3305 e
238 3257 338 3309 vetere
352 3249 525 3326 gallinaceo,
539 3250 659 3328 prodest
672 3260 701 3310 et
718 3260 816 3309 contra
829 3249 999 3327 longinquas
1016 3248 1108 3309 lehris

127 3338 157 3387 et
176 3332 355 3407 torpentibus
370 3334 503 3393 memhris
517 3333 702 3410 tremulisque
720 3341 748 3391 et
763 3332 931 3393 articulariis
945 3331 1063 3407 morbis,
1078 3333 1108 3391 in

127 3412 230 3489 capitis
244 3414 404 3493 doloribus,
418 3416 578 3496 epiphoris,
591 3415 793 3493 inlationibus,
807 3414 939 3492 fastidiis,
952 3416 1108 3495 incipiente
1145 3472 1148 3479 .
