2484 3817
151 221 171 283 8
474 234 505 282 o.
522 236 619 283 auno
634 236 784 286 sacuam

150 386 214 447 dius
240 386 296 447 hec
316 384 392 446 idem
413 396 544 465 praestat
566 387 752 466 nigrantis,
774 388 908 464 quoniam
929 387 993 447 alba
1009 388 1148 465 pruritum

149 470 250 530 adfert.

106 579 140 634 27
215 570 298 650 (17.)
332 566 387 630 rust
412 588 484 649 ergo
509 580 539 632 ct
561 572 658 645 nigra,
687 584 769 646 quam
789 570 909 647 proprie
929 570 1078 669 bryoniam
1097 588 1148 629 vo·

150 662 232 732 caut,
256 652 306 713 alii
326 651 506 731 Chironiam,
526 654 574 713 alii
589 652 810 727 gynaecanthen
825 662 873 713 aut
889 655 1053 731 antoniam,
1072 654 1148 712 simi-

149 738 207 797 lem
231 738 342 816 priori,
368 748 570 818 praeterquam
590 733 710 813 colore,
737 736 821 795 huius
846 737 922 796 euim
945 736 1058 813 nigrum
1078 755 1172 796 esses

106 831 142 884 24
154 821 285 881 diximus.
316 839 475 901 asparagos
495 821 556 878 eius
572 816 692 879 Diocles
708 818 847 897 praetulit
861 821 940 880 veris
954 820 1104 897 asparagis
1118 822 1148 879 iu

150 904 217 965 cibo
234 906 336 966 urinae
353 905 472 965 ciendae
487 901 615 979 lienique
628 903 791 963 minuendo
817 904 846 962 iu
858 902 992 963 frutectis
1004 910 1036 962 et
1046 902 1149 963 harun-

107 995 141 1045 28
153 989 261 1049 dinetis
273 1006 402 1049 maxume
414 986 547 1045 nascitur.
560 984 643 1044 radix
653 985 762 1045 ioris
734 1002 827 1063 mgra,
840 987 916 1045 intus
928 986 1025 1045 buxeo
1033 985 1146 1063 colore,

150 1090 220 1134 ossa
244 1072 364 1132 inhacta
381 1070 428 1129 vel
445 1068 591 1127 eillcacius
607 1069 734 1127 extrahit
748 1086 831 1145 quam
849 1086 938 1148 supra
952 1069 1036 1128 dicta.
1068 1078 1147 1128 cete·

149 1174 212 1216 rum
234 1154 327 1216 eidem
348 1150 495 1231 peculiare
518 1160 564 1210 est
585 1151 663 1229 quod
679 1154 870 1211 iumentorum
884 1152 1048 1211 cervicibus
1062 1155 1182 1211 uniceao

149 1238 289 1299 medetur.
320 1237 414 1309 aiunt,
431 1234 535 1311 siquis
553 1234 651 1293 villam
667 1252 702 1293 ea
716 1235 859 1310 cinxerit,
874 1235 978 1311 fugere
993 1236 1148 1313 accipitres

150 1327 283 1397 tutasque
302 1318 365 1377 lleri
385 1316 527 1377 villaticas
545 1317 639 1377 alites.
670 1318 771 1378 cadem
787 1319 817 1376 in
831 1318 959 1377 iumento
974 1318 1147 1395 homineque

149 1404 264 1462 demina
284 1408 333 1461 aut
350 1402 518 1477 sanguinem
533 1401 580 1477 qui
598 1418 631 1459 se
647 1399 683 1459 ad
702 1400 778 1460 talos
793 1400 935 1460 deiecerit
951 1400 1148 1477 circumligata

149 1490 238 1547 sanat.
264 1482 304 1543 llt
317 1483 455 1544 hacteuus
470 1484 507 1543 de
525 1485 625 1543 vitium
639 1484 805 1560 generibus.

106 1610 140 1663 29
211 1596 293 1679 (18.)
320 1594 414 1658 Masta
430 1596 608 1659 differentias
623 1598 732 1658 habent
751 1596 888 1658 naturalis
902 1598 970 1678 has,
988 1602 1066 1679 quod
1083 1611 1183 1661 suntas

149 1682 268 1742 candida
280 1690 328 1741 aut
339 1682 423 1757 nigra
436 1689 484 1740 aut
495 1682 572 1741 inter
584 1691 747 1760 utrumque,
763 1681 875 1759 aliaque
888 1684 1041 1763 exquibus
1053 1688 1150 1745 vinum

147 1766 214 1843 liat,
236 1765 292 1824 alia
314 1782 353 1824 ex
374 1764 477 1842 quibus
498 1783 621 1843 passum.
653 1784 721 1825 cura
739 1765 917 1827 differentias
933 1768 1148 1828 innumerabilis
1230 1793 1231 1798 ¹

148 1849 233 1924 iacit,
248 1850 278 1907 in
295 1846 411 1926 plenum
425 1866 499 1926 crgo
515 1846 587 1908 haec
605 1846 716 1909 dixisse
731 1851 901 1910 conveniat:
924 1846 1048 1910 blastum
1063 1869 1149 1911 omne

149 1930 297 1992 stomacho
323 1930 444 2008 inutile,
466 1933 550 1991 venis
571 1933 729 2012 iucundum.
760 1933 902 1993 abalucis
920 1936 1023 2013 raptim
1037 1943 1067 1994 et
1083 1937 1148 1995 sinc

147 2014 386 2092 interspiratione
397 2023 497 2093 potum
509 2024 599 2076 necat.
628 2016 821 2077 cantharidum
833 2026 951 2077 naturae
965 2018 1148 2095 adversatur,
1158 2036 1185 2076 ao

106 2099 218 2161 30item
233 2096 435 2174 serpentibus,
451 2115 580 2157 maxume
596 2098 810 2160 haemorrhoidi
827 2108 856 2159 et
871 2099 1073 2160 salamandrae.
1103 2119 1149 2160 ca·
1213 2118 1215 2120 ·

148 2179 216 2258 pitis
233 2178 353 2239 dolores
369 2181 453 2257 iacit,
477 2190 508 2241 et
523 2184 632 2259 gutturi
648 2181 767 2258 inutile,
784 2181 906 2279 prodest
921 2182 1059 2259 renibus,
1077 2186 1149 2243 ioci·

148 2264 211 2322 neri
229 2271 258 2321 et
273 2264 432 2325 interaneis
444 2265 580 2340 vesicae,
596 2263 732 2324 conlevat
746 2266 821 2323 enim
835 2282 878 2323 ea
903 2266 1035 2342 privatim
1047 2276 1150 2327 contra

148 2328 309 2423 buprestim
337 2347 433 2424 valet,
463 2355 562 2406 contra
588 2349 766 2423 meconium,
795 2345 878 2405 lactis
904 2348 1148 2428 coagulationem,

148 2427 286 2506 cicutam,
303 2430 414 2507 toxica,
431 2430 613 2505 dorycnium,
633 2448 672 2489 ex
686 2428 754 2489 olco
769 2438 869 2506 potum
885 2430 1084 2507 redditumque
1096 2449 1171 2491 vo·
1159 2459 1186 2499 25

148 2510 324 2573 mitioribus
362 2513 397 2572 ad
421 2514 515 2573 omnia
539 2512 677 2570 iuiirmius
693 2511 805 2589 album,
829 2512 977 2571 iucundius
994 2515 1072 2591 passi
1087 2532 1148 2573 ιιιιι

149 2600 241 2669 stum,
257 2603 288 2654 et
303 2594 380 2672 quod
393 2596 533 2655 minorem
548 2595 651 2672 capitis
665 2592 798 2655 dolorem
813 2594 932 2654 adierat.

108 2719 140 2773 31
216 2709 299 2807 (19.)
325 2709 393 2769 Vini
408 2728 519 2786 genera
533 2710 770 2789 differentiasque
785 2730 923 2790 perquam
936 2710 1039 2771 multas
1055 2730 1150 2791 expo·

108 2790 139 2875 ¹·⁴i
147 2792 169 2825 ⁵⁰
192 2795 298 2856 suimus
317 2800 348 2851 ct
362 2792 427 2851 lere
441 2795 581 2872 cuiusque
598 2796 803 2871 proprietates.
831 2811 928 2872 neque
943 2803 991 2855 est
1005 2795 1063 2855 ulla
1078 2814 1149 2874 pars

117 2840 296 2935 Ιειίῖ111111111οι
317 2882 440 2935 tractatu
462 2886 510 2937 aut
535 2879 735 2953 nurnerosior,
760 2879 869 2957 quippe
891 2897 956 2938 cum
975 2880 1015 2937 sit
1036 2880 1187 2945 tardumao

150 2957 229 3017 dictu
256 2958 386 3036 pluribus
412 2961 506 3037 prosit
531 2978 566 3020 an
592 2970 705 3021 noceat.
743 2970 896 3039 praeterea
924 2979 1007 3039 quam
1029 2964 1149 3039 ancipiti

150 3050 258 3101 eventu
282 3050 382 3119 potum
405 3044 500 3102 statim
520 3043 657 3103 auxilium
677 3045 710 3103 tt
729 3053 778 3103 aut
794 3044 953 3104 venenum!
982 3047 1089 3105 etenim
1108 3045 1149 3105 de

108 3132 142 3187 32
153 3131 254 3183 natura
276 3124 312 3185 ad
334 3126 460 3187 remedia
476 3134 582 3185 tantum
598 3128 763 3204 pertinente
779 3146 854 3187 nuuc
870 3129 1021 3205 loquimur.
1053 3127 1148 3187 Uuum

149 3207 186 3265 de
202 3206 295 3266 dando
312 3226 349 3267 eo
367 3210 500 3269 volumen
510 3208 702 3288 Asclepiades
715 3210 843 3271 condidit
856 3212 892 3271 ab
909 3227 947 3272 co
962 3213 1148 3287 cognomine·

149 3297 213 3363 tus,
236 3291 284 3366 qui
306 3301 411 3367 postea
427 3310 498 3353 vero
514 3292 550 3353 de
568 3294 713 3355 volumine
730 3294 781 3355 illo
802 3297 969 3356 disseruere
989 3296 1146 3354 innumera.
1157 3318 1188 3361 aa

150 3388 204 3431 uos
225 3374 291 3433 ista
305 3372 432 3436 Romana
454 3378 597 3453 gravitate
618 3379 778 3455 artiumque
800 3378 962 3439 liberalium
980 3377 1148 3454 adpetentia

149 3470 209 3517 nou
223 3464 254 3516 ut
269 3457 371 3520 medici
387 3460 440 3521 sed
451 3468 482 3529 ut
496 3460 606 3521 iudices
618 3460 719 3523 salutis
731 3463 868 3523 humanae
881 3461 1037 3537 diligenter
1048 3460 1148 3520 distin-
