2484 3817
168 157 228 220 108
341 174 345 185 ·
505 165 536 216 c.
556 166 653 215 sunu
675 131 876 214 suouuor'

1219 271 1220 296 l

126 335 160 391 17
173 326 268 385 suisse
283 322 393 383 dicitur.
422 319 560 381 Eiusdem
574 319 731 399 discipulus
748 319 802 378 luit
813 316 1003 394 Agoracritus
1016 316 1130 379 Parius
1148 329 1178 382 et
1219 391 1220 396 γ

168 415 266 468 aetate
282 415 400 483 gratus,
425 407 524 482 itaque
547 406 638 463 esuis
655 402 793 481 operibus
815 401 956 480 pleraque
974 403 1086 462 nomini
1107 406 1177 464 eius

170 492 297 551 donasse
322 490 424 550 iertur.
462 495 615 548 certavere
637 495 732 547 autem
756 487 833 545 inter
861 503 894 544 se
922 485 1005 544 ambo
1030 485 1177 567 discipuli
1219 535 1220 558 2

169 572 290 635 Venere
305 572 453 648 iaciendo,
474 571 603 649 vicitque
619 571 792 631 Alcamenes
813 585 872 627 non
890 585 981 646 opere
996 567 1049 629 sed
1068 572 1177 631 civitass
1219 607 1220 652 p

170 659 207 717 tis
225 653 372 734 sriliragiis
394 663 496 715 contra
511 655 696 731 peregrinum
711 671 764 712 sno
780 653 915 714 laventis.
945 669 1037 731 quare
1048 653 1193 730 Agora-s

169 743 259 801 oritus
277 758 311 800 ea
326 739 395 816 lege
412 740 525 815 signum
541 756 623 797 suum
638 736 805 797 vendidisse
824 735 961 812 traditur,
986 755 1023 796 nc
1039 736 1174 799 Athenis

170 832 269 901 esset,
292 831 322 883 et
341 822 508 901 appellasse
526 818 673 881 Nemesin.
715 819 744 879 id
770 821 897 897 positum
918 827 965 879 est
983 818 1174 882 Rhamnunte

130 943 134 952 ·
169 925 246 986 pago
266 907 402 976 Atticae,
433 904 511 982 quod
531 902 626 965 Varro
655 903 786 963 omnibus
816 903 907 980 signis
930 903 1080 980 praetulit.
1126 915 1175 966 est

88 1029 92 1046 .
170 999 200 1050 et
234 991 264 1049 in
292 986 393 1049 blatris
420 1009 541 1069 magnae
572 991 696 1054 delubro
725 986 825 1048 eadem
856 987 974 1046 civitate
995 986 1172 1063 Agoracriti

127 1085 163 1139 18
176 1091 260 1151 opus.
306 1072 349 1150 {4}
370 1070 489 1130 Phidian
503 1072 693 1130 clarissimum
710 1088 778 1129 esse
795 1086 849 1147 per
865 1071 956 1128 omnis
972 1073 1074 1146 gentis
1097 1090 1199 1150 quaero

169 1156 250 1217 lovis
264 1153 389 1234 Olympii
406 1155 506 1213 lamam
519 1152 695 1230 intellegunt
710 1170 794 1212 nemo
810 1151 931 1229 dubitat,
947 1154 999 1212 sed
1013 1162 1044 1213 ut
1057 1153 1173 1215 laudari

170 1241 277 1298 merito
300 1239 391 1297 sciant
409 1239 495 1296 etiarn
510 1238 557 1313 qui
572 1253 664 1314 opera
681 1238 742 1295 eius
765 1254 823 1295 non
839 1235 958 1313 videre,
979 1237 1172 1314 proferemus

170 1330 339 1397 argumenta
365 1339 455 1400 parva
480 1329 509 1379 et
535 1321 635 1396 ingeni
665 1327 780 1379 tanturn.
824 1337 920 1396 neque
947 1320 982 1379 ad
1008 1320 1068 1382 hoc
1089 1321 1172 1382 Iovis

172 1404 296 1483 Olympii
313 1403 524 1482 pulchritudine
539 1411 669 1479 utemur,
692 1420 749 1462 nou
765 1401 914 1462 Minervae
930 1403 1055 1464 Athenis
1073 1406 1172 1466 iactae

171 1487 368 1565 amplitudine,
381 1506 444 1548 cum
460 1489 499 1546 sit
514 1504 549 1546 ea
560 1487 723 1546 cubitorum
736 1487 839 1562 viginti
854 1505 919 1563 sex,
929 1521 972 1530 —
984 1487 1082 1548 ebore
1097 1489 1173 1550 haec
1182 1509 1198 1549 ιι

171 1580 202 1630 et
216 1589 286 1631 auro
302 1579 433 1647 constat,
454 1603 497 1613 —
516 1569 569 1630 sed
591 1572 621 1629 in
645 1579 727 1630 scuto
748 1572 810 1628 eius
827 1570 1004 1630 Amazonum
1021 1572 1173 1648 proelium

171 1655 295 1715 caelavit
309 1658 521 1714 intumescente
534 1653 641 1713 ambitu
653 1671 784 1732 parmae,
799 1653 928 1713 eiusdem
942 1671 1073 1715 concava
1086 1667 1173 1734 parte

136 1785 141 1788 .
171 1737 290 1809 deorum
315 1747 345 1797 et
363 1736 513 1813 Gigantum
532 1737 751 1813 dimicationes,
778 1739 807 1796 iu
830 1738 920 1797 soleis
945 1755 1017 1796 vero
1032 1736 1173 1817 Lapitha-

171 1840 233 1880 rum
250 1831 281 1882 et
297 1819 523 1894 Centaurorum,
544 1821 618 1880 adeo
634 1830 777 1880 momenta
795 1823 887 1880 omnia
905 1822 1021 1898 capacia
1036 1825 1113 1882 artis
1129 1824 1172 1883 illi

130 1917 163 1970 19
174 1905 266 1966 luere.
304 1907 333 1963 in
353 1904 416 1963 basi
439 1911 534 1961 autem
554 1904 631 1981 quod
653 1904 793 1963 caelatum
813 1912 858 1963 est
873 1904 1018 1964 Pandoras
1041 1910 1198 1982 genesius
1219 1907 1220 1930 ³

171 1989 346 2066 appellavit,
368 1986 396 2044 di
414 1994 479 2045 suut
493 1987 625 2047 nascenti
642 1985 870 2046 adstantesXX
881 2004 1010 2048 numero.
1034 1987 1170 2050 Victoria

171 2073 328 2148 praecipue
353 2069 476 2128 mirabili
502 2071 589 2148 periti
620 2072 756 2130 mirantur
779 2079 809 2130 et
832 2079 998 2149 serpentem
1023 2073 1080 2132 sub
1106 2077 1170 2152 ipsa

171 2154 291 2232 cuspide
313 2152 355 2187 *³⁵²
375 2171 490 2212 aeream
514 2153 674 2231 sphingem.
724 2153 803 2214 Haec
830 2157 887 2214 sint
911 2154 1008 2214 obiter
1030 2155 1111 2216 dicta
1134 2157 1170 2217 de

172 2238 283 2296 artifice
301 2254 452 2314 numquam
471 2239 542 2296 satis
558 2237 692 2313 laudato,
714 2238 797 2297 simul
816 2233 847 2297 ul
863 2247 1000 2298 noscatur
1015 2238 1097 2298 illam
1113 2259 1170 2300 ma-

56 2384 59 2389 ,
128 2321 368 2396 mgnificentiam
389 2321 646 2398 acqrmlemluisse
670 2330 700 2381 et
725 2323 754 2380 in
785 2323 891 2401 parvis.
937 2321 980 2418 [5]
1002 2320 1193 2384 Praxitelise

128 2412 329 2464 secretalem
352 2404 428 2463 mter
444 2404 598 2463 statuarios
614 2403 735 2464 duximus
743 2406 821 2482 ,qui
844 2422 998 2464 marmoris
1008 2405 1109 2481 glorta
1124 2427 1172 2467 su
1219 2429 1220 2484 p

171 2490 285 2568 peravit
301 2487 386 2546 etiam
405 2496 509 2551 semet
543 2503 635 2564 opera
652 2490 714 2548 eius
735 2496 799 2547 sunt
814 2488 962 2547 Athenis
953 2505 983 2546 ιιι
1000 2486 1171 2568 Ceramico,
1219 2487 1220 2566 l

123 2639 126 2645 ,
171 2571 307 2632 sedante
322 2574 415 2631 omnia
434 2578 480 2629 est
495 2587 552 2629 nou
567 2571 660 2630 solum
676 2570 829 2631 Praxitelis
846 2589 947 2630 verum
962 2573 991 2630 in
1009 2579 1076 2632 toto
1094 2575 1171 2634 orbe

74 2676 79 2685 ’
172 2664 313 2716 terrarum
333 2654 433 2714 Venus
455 2670 537 2730 quam
556 2662 589 2712 ut
608 2654 742 2713 viderent
764 2653 843 2712 multi
867 2656 1078 2732 navigaverunt
1104 2655 1171 2717 Gni-
1219 2729 1220 2758 ἢ

171 2739 244 2798 dum
269 2737 338 2796 duas
352 2739 467 2797 lecerat
482 2736 623 2814 simulque
636 2737 792 2813 vendebat,
808 2737 928 2796 alteram
941 2737 1035 2798 velata
1049 2743 1220 2819 speciest

172 2837 255 2898 quam
277 2821 314 2880 ob
337 2821 365 2880 id
389 2819 587 2899 praetulerunt
609 2837 730 2897 quorum
755 2821 887 2880 condicio
918 2831 981 2881 erat
1004 2820 1076 2898 Coi,
1104 2843 1169 2884 oum

172 2903 275 2963 eodem
291 2905 387 2983 pretio
403 2903 573 2979 detulisset,
590 2922 725 2963 severum
739 2903 768 2963 id
780 2923 813 2962 ao
828 2904 960 2983 pudicum
975 2904 1168 2969 arbitrantes.

128 2995 161 3048 tt
174 2988 313 3056 reiectam
334 2984 425 3044 Cnidii
447 2995 578 3047 emerunt
601 2988 729 3046 inmensa
751 2985 914 3047 differentia
934 2988 1035 3050 famae
1070 2991 1171 3051 voluit

171 3072 257 3130 etiam
280 3067 421 3128 aCuidiis
442 3079 547 3148 postea
568 3071 689 3136 mercari
711 3090 765 3130 rex
779 3069 971 3149 Nicomedes,
997 3079 1090 3131 totum
1112 3091 1170 3136 aes

166 3153 296 3215 alienum
317 3151 393 3248 quod
418 3161 481 3211 erat
500 3155 605 3230 ingens
627 3155 751 3213 civitatis
775 3153 979 3214 dissoluturum
995 3174 1028 3214 se
1043 3161 1170 3255 promit·
1160 3172 1198 3212 -ss

171 3241 245 3293 tens.
274 3235 366 3294 omnia
381 3231 496 3312 perpeti
511 3237 654 3313 maluere,
676 3255 730 3297 uec
746 3239 896 3314 inmerito,
917 3236 969 3298 illo
986 3240 1060 3298 enim
1076 3240 1169 3316 signo

86 3370 89 3380 ,
171 3314 333 3376 Praxiteles
362 3317 526 3402 nobilitavit
547 3317 675 3380 Gnidum.
716 3319 845 3382 aedicula
865 3321 928 3380 eius
948 3330 1011 3382 tota
1031 3325 1170 3402 aperitur

170 3403 203 3454 ut
217 3401 346 3476 conspici
362 3392 457 3477 possit
474 3401 598 3480 undique
620 3404 735 3480 efligies
753 3404 807 3465 dea
821 3404 963 3465 favente
955 3422 1034 3483 ipsa,
1050 3413 1084 3464 ut
1101 3425 1171 3468 ore-
