<?xml version="1.0" encoding="UTF-8"?>
<!DOCTYPE html PUBLIC "-//W3C//DTD XHTML 1.0 Transitional//EN"
    "http://www.w3.org/TR/xhtml1/DTD/xhtml1-transitional.dtd">
<html xmlns="http://www.w3.org/1999/xhtml" xml:lang="en" lang="en">
 <head>
  <title>
</title>
<meta http-equiv="Content-Type" content="text/html;charset=utf-8" />
  <meta name='ocr-system' content='tesseract 3.04.00' />
  <meta name='ocr-capabilities' content='ocr_page ocr_carea ocr_par ocr_line ocrx_word'/>
</head>
<body>
  <div class='ocr_page' id='page_1' title='image "./cplinisecundina24plingoog_0346.png"; bbox 0 0 2484 3817; ppageno 0'>
   <div class='ocr_carea' id='block_1_1' title="bbox 162 183 816 245">
    <p class='ocr_par' dir='ltr' id='par_1_1' title="bbox 162 183 816 245">
     <span class='ocr_line' id='line_1_1' title="bbox 162 183 816 245; baseline -0.003 0"><span class='ocrx_word' id='word_1_1' title='bbox 162 183 224 245; x_wconf 84' lang='lat'><strong>274</strong></span> <span class='ocrx_word' id='word_1_2' title='bbox 509 194 816 245; x_wconf 82' lang='lat' dir='ltr'><strong>c.a1.1n1sacouo1</strong></span> 
     </span>
    </p>
   </div>
   <div class='ocr_carea' id='block_1_2' title="bbox 112 347 1188 3519">
    <p class='ocr_par' dir='ltr' id='par_1_2' title="bbox 162 347 1153 493">
     <span class='ocr_line' id='line_1_2' title="bbox 162 347 1153 427; baseline 0.002 -18"><span class='ocrx_word' id='word_1_3' title='bbox 162 359 258 411; x_wconf 74' lang='lat' dir='ltr'><strong>comm</strong></span> <span class='ocrx_word' id='word_1_4' title='bbox 278 357 310 409; x_wconf 89' lang='lat' dir='ltr'><strong>nt</strong></span> <span class='ocrx_word' id='word_1_5' title='bbox 328 350 359 408; x_wconf 90' lang='lat' dir='ltr'><strong>in</strong></span> <span class='ocrx_word' id='word_1_6' title='bbox 378 347 498 427; x_wconf 77' lang='lat' dir='ltr'><strong>reliquis</strong></span> <span class='ocrx_word' id='word_1_7' title='bbox 520 366 538 409; x_wconf 90' lang='lat' dir='ltr'><strong>a</strong></span> <span class='ocrx_word' id='word_1_8' title='bbox 558 347 766 427; x_wconf 84' lang='lat' dir='ltr'><strong>principalibus</strong></span> <span class='ocrx_word' id='word_1_9' title='bbox 790 365 889 409; x_wconf 88' lang='lat' dir='ltr'><strong>eorum</strong></span> <span class='ocrx_word' id='word_1_10' title='bbox 904 366 977 427; x_wconf 84' lang='lat' dir='ltr'><strong>qnae</strong></span> <span class='ocrx_word' id='word_1_11' title='bbox 992 359 1056 409; x_wconf 90' lang='lat' dir='ltr'><strong>sunt</strong></span> <span class='ocrx_word' id='word_1_12' title='bbox 1075 350 1153 411; x_wconf 87' lang='lat' dir='ltr'><strong>salsa</strong></span> 
     </span>
     <span class='ocr_line' id='line_1_3' title="bbox 181 450 353 493; baseline -0.017 0"><span class='ocrx_word' id='word_1_13' title='bbox 181 451 267 493; x_wconf 93' lang='lat' dir='ltr'><strong>cso</strong></span> <span class='ocrx_word' id='word_1_14' title='bbox 308 450 353 492; x_wconf 88' lang='lat' dir='ltr'><strong>ea.</strong></span> 
     </span>
    </p>

    <p class='ocr_par' dir='ltr' id='par_1_3' title="bbox 119 449 1188 1262">
     <span class='ocr_line' id='line_1_4' title="bbox 119 449 1152 595; baseline 0.001 -19"><span class='ocrx_word' id='word_1_15' title='bbox 119 452 180 583; x_wconf 74' lang='grc' dir='ltr'><strong>’13ι</strong></span> <span class='ocrx_word' id='word_1_16' title='bbox 228 449 365 594; x_wconf 45' lang='lat' dir='ltr'><strong>¹dagal.)</strong></span> <span class='ocrx_word' id='word_1_17' title='bbox 388 514 437 574; x_wconf 89' lang='lat' dir='ltr'><strong>Sal</strong></span> <span class='ocrx_word' id='word_1_18' title='bbox 454 515 545 575; x_wconf 89' lang='lat' dir='ltr'><strong>omnis</strong></span> <span class='ocrx_word' id='word_1_19' title='bbox 562 524 610 574; x_wconf 89' lang='lat' dir='ltr'><strong>ant</strong></span> <span class='ocrx_word' id='word_1_20' title='bbox 624 516 655 575; x_wconf 89' lang='lat' dir='ltr'><strong>lit</strong></span> <span class='ocrx_word' id='word_1_21' title='bbox 669 524 717 573; x_wconf 87' lang='lat' dir='ltr'><strong>aut</strong></span> <span class='ocrx_word' id='word_1_22' title='bbox 737 516 879 592; x_wconf 79' lang='lat' dir='ltr'>gignitur,</span> <span class='ocrx_word' id='word_1_23' title='bbox 901 524 1049 595; x_wconf 88' lang='lat' dir='ltr'><strong>utrumque</strong></span> <span class='ocrx_word' id='word_1_24' title='bbox 1064 516 1152 595; x_wconf 89' lang='lat' dir='ltr'><strong>pluri·</strong></span> 
     </span>
     <span class='ocr_line' id='line_1_5' title="bbox 161 598 1152 679; baseline -0.002 -18"><span class='ocrx_word' id='word_1_25' title='bbox 161 600 344 674; x_wconf 80' lang='lat' dir='ltr'><strong>bennadio,</strong></span> <span class='ocrx_word' id='word_1_26' title='bbox 369 598 423 658; x_wconf 86' lang='lat' dir='ltr'><strong>sed</strong></span> <span class='ocrx_word' id='word_1_27' title='bbox 446 616 533 659; x_wconf 89' lang='lat' dir='ltr'><strong>causa</strong></span> <span class='ocrx_word' id='word_1_28' title='bbox 556 601 686 674; x_wconf 87' lang='lat' dir='ltr'><strong>gemina,</strong></span> <span class='ocrx_word' id='word_1_29' title='bbox 710 608 819 679; x_wconf 87' lang='lat' dir='ltr'><strong>coacto</strong></span> <span class='ocrx_word' id='word_1_30' title='bbox 836 617 935 659; x_wconf 91' lang='lat' dir='ltr'><strong>umore</strong></span> <span class='ocrx_word' id='word_1_31' title='bbox 962 600 1009 659; x_wconf 88' lang='lat' dir='ltr'><strong>vel</strong></span> <span class='ocrx_word' id='word_1_32' title='bbox 1030 602 1152 661; x_wconf 89' lang='lat' dir='ltr'><strong>siccato.</strong></span> 
     </span>
     <span class='ocr_line' id='line_1_6' title="bbox 162 681 1176 761; baseline 0.003 -17"><span class='ocrx_word' id='word_1_33' title='bbox 162 687 287 745; x_wconf 88' lang='lat' dir='ltr'><strong>siccatur</strong></span> <span class='ocrx_word' id='word_1_34' title='bbox 310 685 340 743; x_wconf 90' lang='lat' dir='ltr'><strong>in</strong></span> <span class='ocrx_word' id='word_1_35' title='bbox 362 681 428 741; x_wconf 91' lang='lat' dir='ltr'><strong>lacu</strong></span> <span class='ocrx_word' id='word_1_36' title='bbox 452 681 606 742; x_wconf 85' lang='lat' dir='ltr'><strong>Tarentino</strong></span> <span class='ocrx_word' id='word_1_37' title='bbox 630 682 748 743; x_wconf 86' lang='lat' dir='ltr'><strong>aestivis</strong></span> <span class='ocrx_word' id='word_1_38' title='bbox 768 682 895 758; x_wconf 86' lang='lat' dir='ltr'><strong>solibus,</strong></span> <span class='ocrx_word' id='word_1_39' title='bbox 919 692 1066 761; x_wconf 86' lang='lat' dir='ltr'><strong>totumque</strong></span> <span class='ocrx_word' id='word_1_40' title='bbox 1094 694 1176 747; x_wconf 80' lang='lat' dir='ltr'><strong>sta-s</strong></span> 
     </span>
     <span class='ocr_line' id='line_1_7' title="bbox 160 764 1152 845; baseline 0.003 -20"><span class='ocrx_word' id='word_1_41' title='bbox 160 786 246 845; x_wconf 88' lang='lat' dir='ltr'><strong>gnum</strong></span> <span class='ocrx_word' id='word_1_42' title='bbox 257 770 285 826; x_wconf 89' lang='lat' dir='ltr'><strong>in</strong></span> <span class='ocrx_word' id='word_1_43' title='bbox 297 766 387 825; x_wconf 88' lang='lat' dir='ltr'><strong>salem</strong></span> <span class='ocrx_word' id='word_1_44' title='bbox 397 764 464 842; x_wconf 89' lang='lat' dir='ltr'><strong>abit,</strong></span> <span class='ocrx_word' id='word_1_45' title='bbox 476 764 618 825; x_wconf 93' lang='lat' dir='ltr'><strong>modicum</strong></span> <span class='ocrx_word' id='word_1_46' title='bbox 629 764 753 843; x_wconf 83' lang='lat' dir='ltr'><strong>alioqui,</strong></span> <span class='ocrx_word' id='word_1_47' title='bbox 769 766 915 825; x_wconf 81' lang='lat' dir='ltr'><strong>altitudine</strong></span> <span class='ocrx_word' id='word_1_48' title='bbox 926 784 1021 843; x_wconf 86' lang='lat' dir='ltr'><strong>genua</strong></span> <span class='ocrx_word' id='word_1_49' title='bbox 1033 782 1090 827; x_wconf 92' lang='lat' dir='ltr'><strong>non</strong></span> <span class='ocrx_word' id='word_1_50' title='bbox 1102 787 1152 828; x_wconf 86' lang='lat' dir='ltr'><strong>ex·</strong></span> 
     </span>
     <span class='ocr_line' id='line_1_8' title="bbox 163 847 1154 926; baseline 0.001 -16"><span class='ocrx_word' id='word_1_51' title='bbox 163 851 286 925; x_wconf 81' lang='lat' dir='ltr'>cedens,</span> <span class='ocrx_word' id='word_1_52' title='bbox 310 852 378 909; x_wconf 89' lang='lat' dir='ltr'><strong>item</strong></span> <span class='ocrx_word' id='word_1_53' title='bbox 405 850 433 908; x_wconf 91' lang='lat' dir='ltr'><strong>in</strong></span> <span class='ocrx_word' id='word_1_54' title='bbox 458 847 606 908; x_wconf 89' lang='lat' dir='ltr'><strong>Siciliain</strong></span> <span class='ocrx_word' id='word_1_55' title='bbox 627 848 692 907; x_wconf 89' lang='lat' dir='ltr'><strong>lacu</strong></span> <span class='ocrx_word' id='word_1_56' title='bbox 715 851 763 926; x_wconf 86' lang='lat' dir='ltr'><strong>qui</strong></span> <span class='ocrx_word' id='word_1_57' title='bbox 789 848 950 909; x_wconf 87' lang='lat' dir='ltr'><strong>Cocanicus</strong></span> <span class='ocrx_word' id='word_1_58' title='bbox 977 860 1100 911; x_wconf 85' lang='lat' dir='ltr'><strong>vocatur</strong></span> <span class='ocrx_word' id='word_1_59' title='bbox 1125 861 1154 911; x_wconf 89' lang='lat' dir='ltr'><strong>et</strong></span> 
     </span>
     <span class='ocr_line' id='line_1_9' title="bbox 160 931 1153 1009; baseline -0.001 -15"><span class='ocrx_word' id='word_1_60' title='bbox 160 936 217 995; x_wconf 90' lang='lat' dir='ltr'><strong>alio</strong></span> <span class='ocrx_word' id='word_1_61' title='bbox 233 937 309 993; x_wconf 82' lang='lat' dir='ltr'><strong>iuxta</strong></span> <span class='ocrx_word' id='word_1_62' title='bbox 325 932 434 993; x_wconf 85' lang='lat' dir='ltr'><strong>Gelam.</strong></span> <span class='ocrx_word' id='word_1_63' title='bbox 459 931 560 990; x_wconf 89' lang='lat' dir='ltr'><strong>horam</strong></span> <span class='ocrx_word' id='word_1_64' title='bbox 571 934 767 991; x_wconf 76' lang='lat' dir='ltr'><strong>extremitates</strong></span> <span class='ocrx_word' id='word_1_65' title='bbox 782 942 887 993; x_wconf 90' lang='lat' dir='ltr'><strong>tantum</strong></span> <span class='ocrx_word' id='word_1_66' title='bbox 901 935 1081 1009; x_wconf 87' lang='lat' dir='ltr'><strong>inarescunt,</strong></span> <span class='ocrx_word' id='word_1_67' title='bbox 1098 936 1153 993; x_wconf 91' lang='lat' dir='ltr'><strong>sic·</strong></span> 
     </span>
     <span class='ocr_line' id='line_1_10' title="bbox 159 1012 1154 1096; baseline -0.001 -18"><span class='ocrx_word' id='word_1_68' title='bbox 159 1028 190 1078; x_wconf 89' lang='lat' dir='ltr'><strong>ut</strong></span> <span class='ocrx_word' id='word_1_69' title='bbox 204 1020 232 1077; x_wconf 91' lang='lat' dir='ltr'><strong>in</strong></span> <span class='ocrx_word' id='word_1_70' title='bbox 247 1017 386 1093; x_wconf 78' lang='lat' dir='ltr'><strong>Phrygia,</strong></span> <span class='ocrx_word' id='word_1_71' title='bbox 403 1012 604 1093; x_wconf 82' lang='lat' dir='ltr'><strong>Cappadocia,</strong></span> <span class='ocrx_word' id='word_1_72' title='bbox 621 1014 770 1095; x_wconf 83' lang='lat' dir='ltr'><strong>Aspendi,</strong></span> <span class='ocrx_word' id='word_1_73' title='bbox 789 1016 835 1075; x_wconf 91' lang='lat' dir='ltr'><strong>uhi</strong></span> <span class='ocrx_word' id='word_1_74' title='bbox 850 1017 958 1095; x_wconf 89' lang='lat' dir='ltr'><strong>largius</strong></span> <span class='ocrx_word' id='word_1_75' title='bbox 976 1019 1106 1096; x_wconf 87' lang='lat' dir='ltr'><strong>coquitur</strong></span> <span class='ocrx_word' id='word_1_76' title='bbox 1125 1027 1154 1077; x_wconf 91' lang='lat' dir='ltr'><strong>et</strong></span> 
     </span>
     <span class='ocr_line' id='line_1_11' title="bbox 159 1098 1188 1180; baseline -0.006 -17"><span class='ocrx_word' id='word_1_77' title='bbox 159 1120 252 1180; x_wconf 86' lang='lat' dir='ltr'><strong>usque</strong></span> <span class='ocrx_word' id='word_1_78' title='bbox 270 1100 305 1160; x_wconf 88' lang='lat' dir='ltr'><strong>ad</strong></span> <span class='ocrx_word' id='word_1_79' title='bbox 319 1099 451 1159; x_wconf 89' lang='lat' dir='ltr'><strong>medium.</strong></span> <span class='ocrx_word' id='word_1_80' title='bbox 480 1098 556 1158; x_wconf 93' lang='lat' dir='ltr'><strong>aliud</strong></span> <span class='ocrx_word' id='word_1_81' title='bbox 576 1100 662 1159; x_wconf 87' lang='lat' dir='ltr'><strong>etiam</strong></span> <span class='ocrx_word' id='word_1_82' title='bbox 681 1102 710 1159; x_wconf 95' lang='lat' dir='ltr'><strong>in</strong></span> <span class='ocrx_word' id='word_1_83' title='bbox 735 1117 771 1160; x_wconf 92' lang='lat' dir='ltr'><strong>eo</strong></span> <span class='ocrx_word' id='word_1_84' title='bbox 792 1099 922 1161; x_wconf 91' lang='lat' dir='ltr'><strong>mirabile</strong></span> <span class='ocrx_word' id='word_1_85' title='bbox 943 1102 1020 1179; x_wconf 87' lang='lat' dir='ltr'><strong>quod</strong></span> <span class='ocrx_word' id='word_1_86' title='bbox 1041 1111 1151 1161; x_wconf 90' lang='lat' dir='ltr'><strong>tantun·</strong></span> <span class='ocrx_word' id='word_1_87' title='bbox 1165 1117 1188 1158; x_wconf 84' lang='grc' dir='ltr'><strong>ιι</strong></span> 
     </span>
     <span class='ocr_line' id='line_1_12' title="bbox 160 1182 1154 1262; baseline 0 -17"><span class='ocrx_word' id='word_1_88' title='bbox 160 1185 226 1245; x_wconf 91' lang='lat' dir='ltr'><strong>dem</strong></span> <span class='ocrx_word' id='word_1_89' title='bbox 247 1192 335 1246; x_wconf 87' lang='lat' dir='ltr'><strong>noctu</strong></span> <span class='ocrx_word' id='word_1_90' title='bbox 356 1182 490 1243; x_wconf 81' lang='lat' dir='ltr'><strong>subvenit</strong></span> <span class='ocrx_word' id='word_1_91' title='bbox 511 1191 647 1260; x_wconf 88' lang='lat' dir='ltr'><strong>quantum</strong></span> <span class='ocrx_word' id='word_1_92' title='bbox 667 1182 713 1242; x_wconf 90' lang='lat' dir='ltr'><strong>die</strong></span> <span class='ocrx_word' id='word_1_93' title='bbox 733 1183 858 1243; x_wconf 83' lang='lat' dir='ltr'><strong>auferas.</strong></span> <span class='ocrx_word' id='word_1_94' title='bbox 893 1186 985 1244; x_wconf 92' lang='lat' dir='ltr'><strong>omnis</strong></span> <span class='ocrx_word' id='word_1_95' title='bbox 1006 1203 1022 1245; x_wconf 86' lang='lat' dir='ltr'><strong>e</strong></span> <span class='ocrx_word' id='word_1_96' title='bbox 1044 1188 1154 1262; x_wconf 80' lang='lat' dir='ltr'><strong>stagnis</strong></span> 
     </span>
    </p>

    <p class='ocr_par' dir='ltr' id='par_1_4' title="bbox 117 1265 1187 1763">
     <span class='ocr_line' id='line_1_13' title="bbox 117 1265 1154 1347; baseline -0.001 -17"><span class='ocrx_word' id='word_1_97' title='bbox 117 1279 152 1338; x_wconf 76' lang='lat' dir='ltr'><strong>tt</strong></span> <span class='ocrx_word' id='word_1_98' title='bbox 163 1270 206 1331; x_wconf 87' lang='lat' dir='ltr'><strong>sal</strong></span> <span class='ocrx_word' id='word_1_99' title='bbox 221 1269 344 1329; x_wconf 89' lang='lat' dir='ltr'><strong>minutus</strong></span> <span class='ocrx_word' id='word_1_100' title='bbox 358 1275 444 1345; x_wconf 86' lang='lat' dir='ltr'><strong>atque</strong></span> <span class='ocrx_word' id='word_1_101' title='bbox 457 1283 514 1327; x_wconf 92' lang='lat' dir='ltr'><strong>non</strong></span> <span class='ocrx_word' id='word_1_102' title='bbox 529 1266 635 1342; x_wconf 86' lang='lat' dir='ltr'><strong>glaeba</strong></span> <span class='ocrx_word' id='word_1_103' title='bbox 651 1276 704 1325; x_wconf 90' lang='lat' dir='ltr'><strong>est.</strong></span> <span class='ocrx_word' id='word_1_104' title='bbox 734 1265 821 1327; x_wconf 81' lang='lat' dir='ltr'><strong>Aliud</strong></span> <span class='ocrx_word' id='word_1_105' title='bbox 835 1286 927 1345; x_wconf 87' lang='lat' dir='ltr'><strong>genus</strong></span> <span class='ocrx_word' id='word_1_106' title='bbox 944 1286 980 1327; x_wconf 88' lang='lat' dir='ltr'><strong>ex</strong></span> <span class='ocrx_word' id='word_1_107' title='bbox 999 1270 1082 1347; x_wconf 86' lang='lat' dir='ltr'><strong>aquis</strong></span> <span class='ocrx_word' id='word_1_108' title='bbox 1095 1287 1154 1329; x_wconf 92' lang='lat' dir='ltr'><strong>ma·</strong></span> 
     </span>
     <span class='ocr_line' id='line_1_14' title="bbox 160 1350 1155 1513; baseline -0.002 -16"><span class='ocrx_word' id='word_1_109' title='bbox 160 1350 1155 1513; x_wconf 58' lang='lat' dir='ltr'><strong>:ttttt&#39;ltttttttttt.ttttlttsstl&#39;ltttttttttttt</strong></span> 
     </span>
     <span class='ocr_line' id='line_1_15' title="bbox 162 1517 1187 1600; baseline -0.008 -20"><span class='ocrx_word' id='word_1_110' title='bbox 162 1521 238 1600; x_wconf 87' lang='lat' dir='ltr'><strong>polis</strong></span> <span class='ocrx_word' id='word_1_111' title='bbox 262 1520 413 1579; x_wconf 84' lang='lat' dir='ltr'><strong>invenitur.</strong></span> <span class='ocrx_word' id='word_1_112' title='bbox 451 1518 523 1577; x_wconf 89' lang='lat' dir='ltr'><strong>Sunt</strong></span> <span class='ocrx_word' id='word_1_113' title='bbox 538 1518 688 1577; x_wconf 90' lang='lat' dir='ltr'><strong>etiamnum</strong></span> <span class='ocrx_word' id='word_1_114' title='bbox 710 1517 855 1578; x_wconf 85' lang='lat' dir='ltr'><strong>naturales</strong></span> <span class='ocrx_word' id='word_1_115' title='bbox 878 1519 1057 1579; x_wconf 81' lang='lat' dir='ltr'><strong>differentiae</strong></span> <span class='ocrx_word' id='word_1_116' title='bbox 1079 1530 1150 1579; x_wconf 90' lang='lat' dir='ltr'><strong>tres.</strong></span> <span class='ocrx_word' id='word_1_117' title='bbox 1163 1535 1187 1573; x_wconf 72' lang='grc' dir='ltr'><strong>ιι</strong></span> 
     </span>
     <span class='ocr_line' id='line_1_16' title="bbox 160 1600 1152 1681; baseline -0.003 -16"><span class='ocrx_word' id='word_1_118' title='bbox 160 1621 282 1681; x_wconf 86' lang='lat' dir='ltr'><strong>namque</strong></span> <span class='ocrx_word' id='word_1_119' title='bbox 293 1603 322 1661; x_wconf 95' lang='lat' dir='ltr'><strong>in</strong></span> <span class='ocrx_word' id='word_1_120' title='bbox 335 1602 447 1663; x_wconf 89' lang='lat' dir='ltr'><strong>Bactris</strong></span> <span class='ocrx_word' id='word_1_121' title='bbox 461 1600 518 1661; x_wconf 88' lang='lat' dir='ltr'><strong>dno</strong></span> <span class='ocrx_word' id='word_1_122' title='bbox 530 1602 610 1662; x_wconf 92' lang='lat' dir='ltr'><strong>lacus</strong></span> <span class='ocrx_word' id='word_1_123' title='bbox 625 1602 709 1676; x_wconf 84' lang='lat' dir='ltr'><strong>rasti,</strong></span> <span class='ocrx_word' id='word_1_124' title='bbox 725 1600 800 1661; x_wconf 87' lang='lat' dir='ltr'><strong>alter</strong></span> <span class='ocrx_word' id='word_1_125' title='bbox 810 1601 846 1661; x_wconf 91' lang='lat' dir='ltr'><strong>ad</strong></span> <span class='ocrx_word' id='word_1_126' title='bbox 857 1602 980 1677; x_wconf 76' lang='lat' dir='ltr'><strong>Scythas</strong></span> <span class='ocrx_word' id='word_1_127' title='bbox 995 1621 1096 1662; x_wconf 88' lang='lat' dir='ltr'><strong>versus</strong></span> <span class='ocrx_word' id='word_1_128' title='bbox 1111 1603 1152 1664; x_wconf 92' lang='lat' dir='ltr'><strong>al·</strong></span> 
     </span>
     <span class='ocr_line' id='line_1_17' title="bbox 160 1684 1154 1763; baseline -0.004 -14"><span class='ocrx_word' id='word_1_129' title='bbox 160 1699 204 1749; x_wconf 90' lang='lat' dir='ltr'><strong>ter</strong></span> <span class='ocrx_word' id='word_1_130' title='bbox 228 1687 262 1747; x_wconf 92' lang='lat' dir='ltr'><strong>ad</strong></span> <span class='ocrx_word' id='word_1_131' title='bbox 277 1686 382 1763; x_wconf 81' lang='lat' dir='ltr'><strong>Arios,</strong></span> <span class='ocrx_word' id='word_1_132' title='bbox 404 1686 466 1746; x_wconf 85' lang='lat' dir='ltr'><strong>sale</strong></span> <span class='ocrx_word' id='word_1_133' title='bbox 489 1694 672 1761; x_wconf 84' lang='lat' dir='ltr'><strong>exaestuant,</strong></span> <span class='ocrx_word' id='word_1_134' title='bbox 692 1685 766 1745; x_wconf 90' lang='lat' dir='ltr'><strong>sicut</strong></span> <span class='ocrx_word' id='word_1_135' title='bbox 782 1685 817 1745; x_wconf 94' lang='lat' dir='ltr'><strong>ad</strong></span> <span class='ocrx_word' id='word_1_136' title='bbox 834 1684 935 1745; x_wconf 81' lang='lat' dir='ltr'><strong>Citium</strong></span> <span class='ocrx_word' id='word_1_137' title='bbox 957 1688 986 1745; x_wconf 91' lang='lat' dir='ltr'><strong>in</strong></span> <span class='ocrx_word' id='word_1_138' title='bbox 1001 1685 1099 1763; x_wconf 70' lang='lat' dir='ltr'><strong>Cypro</strong></span> <span class='ocrx_word' id='word_1_139' title='bbox 1124 1696 1154 1745; x_wconf 88' lang='lat' dir='ltr'><strong>et</strong></span> 
     </span>
    </p>

    <p class='ocr_par' dir='ltr' id='par_1_5' title="bbox 117 1768 1187 2180">
     <span class='ocr_line' id='line_1_18' title="bbox 117 1768 1153 1847; baseline -0.005 -14"><span class='ocrx_word' id='word_1_140' title='bbox 117 1784 151 1840; x_wconf 83' lang='lat'><strong>75</strong></span> <span class='ocrx_word' id='word_1_141' title='bbox 162 1775 240 1833; x_wconf 89' lang='lat' dir='ltr'><strong>circa</strong></span> <span class='ocrx_word' id='word_1_142' title='bbox 260 1770 414 1847; x_wconf 85' lang='lat' dir='ltr'><strong>llemplrim</strong></span> <span class='ocrx_word' id='word_1_143' title='bbox 431 1769 581 1829; x_wconf 87' lang='lat' dir='ltr'><strong>extrahunt</strong></span> <span class='ocrx_word' id='word_1_144' title='bbox 597 1787 613 1828; x_wconf 88' lang='lat' dir='ltr'><strong>e</strong></span> <span class='ocrx_word' id='word_1_145' title='bbox 629 1768 711 1843; x_wconf 89' lang='lat' dir='ltr'><strong>lacu,</strong></span> <span class='ocrx_word' id='word_1_146' title='bbox 735 1768 801 1827; x_wconf 88' lang='lat' dir='ltr'><strong>dein</strong></span> <span class='ocrx_word' id='word_1_147' title='bbox 816 1769 880 1829; x_wconf 92' lang='lat' dir='ltr'><strong>sole</strong></span> <span class='ocrx_word' id='word_1_148' title='bbox 900 1772 1017 1831; x_wconf 88' lang='lat' dir='ltr'><strong>siccant.</strong></span> <span class='ocrx_word' id='word_1_149' title='bbox 1049 1771 1107 1830; x_wconf 86' lang='lat' dir='ltr'><strong>Sed</strong></span> <span class='ocrx_word' id='word_1_150' title='bbox 1124 1778 1153 1828; x_wconf 89' lang='lat' dir='ltr'><strong>et</strong></span> 
     </span>
     <span class='ocr_line' id='line_1_19' title="bbox 159 1852 1151 1931; baseline -0.007 -13"><span class='ocrx_word' id='word_1_151' title='bbox 159 1872 266 1918; x_wconf 90' lang='lat' dir='ltr'><strong>summa</strong></span> <span class='ocrx_word' id='word_1_152' title='bbox 282 1854 423 1913; x_wconf 86' lang='lat' dir='ltr'><strong>dominum</strong></span> <span class='ocrx_word' id='word_1_153' title='bbox 439 1853 592 1913; x_wconf 86' lang='lat' dir='ltr'><strong>densantur</strong></span> <span class='ocrx_word' id='word_1_154' title='bbox 605 1856 635 1912; x_wconf 93' lang='lat' dir='ltr'><strong>in</strong></span> <span class='ocrx_word' id='word_1_155' title='bbox 651 1852 741 1913; x_wconf 87' lang='lat' dir='ltr'><strong>salem</strong></span> <span class='ocrx_word' id='word_1_156' title='bbox 764 1870 845 1912; x_wconf 90' lang='lat' dir='ltr'><strong>amne</strong></span> <span class='ocrx_word' id='word_1_157' title='bbox 861 1854 972 1931; x_wconf 90' lang='lat' dir='ltr'><strong>reliquo</strong></span> <span class='ocrx_word' id='word_1_158' title='bbox 994 1853 1083 1913; x_wconf 86' lang='lat' dir='ltr'><strong>veluti</strong></span> <span class='ocrx_word' id='word_1_159' title='bbox 1099 1852 1151 1913; x_wconf 89' lang='lat' dir='ltr'><strong>suh</strong></span> 
     </span>
     <span class='ocr_line' id='line_1_20' title="bbox 159 1936 1187 2019; baseline -0.009 -20"><span class='ocrx_word' id='word_1_160' title='bbox 159 1941 228 2019; x_wconf 84' lang='lat' dir='ltr'><strong>gelu</strong></span> <span class='ocrx_word' id='word_1_161' title='bbox 242 1938 365 2012; x_wconf 80' lang='lat' dir='ltr'><strong>fluente,</strong></span> <span class='ocrx_word' id='word_1_162' title='bbox 383 1946 412 1996; x_wconf 89' lang='lat' dir='ltr'><strong>ut</strong></span> <span class='ocrx_word' id='word_1_163' title='bbox 431 1936 507 2014; x_wconf 92' lang='lat' dir='ltr'><strong>apud</strong></span> <span class='ocrx_word' id='word_1_164' title='bbox 523 1936 645 2014; x_wconf 84' lang='lat' dir='ltr'><strong>Caspias</strong></span> <span class='ocrx_word' id='word_1_165' title='bbox 660 1946 759 2015; x_wconf 90' lang='lat' dir='ltr'><strong>portas</strong></span> <span class='ocrx_word' id='word_1_166' title='bbox 774 1955 848 2015; x_wconf 87' lang='lat' dir='ltr'><strong>quae</strong></span> <span class='ocrx_word' id='word_1_167' title='bbox 873 1936 941 1997; x_wconf 89' lang='lat' dir='ltr'><strong>salis</strong></span> <span class='ocrx_word' id='word_1_168' title='bbox 963 1936 1076 1997; x_wconf 88' lang='lat' dir='ltr'><strong>domina</strong></span> <span class='ocrx_word' id='word_1_169' title='bbox 1100 1955 1150 2016; x_wconf 90' lang='lat' dir='ltr'><strong>ap·</strong></span> <span class='ocrx_word' id='word_1_170' title='bbox 1161 1951 1187 1991; x_wconf 84' lang='lat' dir='ltr'><strong>ao</strong></span> 
     </span>
     <span class='ocr_line' id='line_1_21' title="bbox 158 2018 1151 2103; baseline -0.004 -20"><span class='ocrx_word' id='word_1_171' title='bbox 158 2022 319 2103; x_wconf 73' lang='lat' dir='ltr'><strong>pellantur,</strong></span> <span class='ocrx_word' id='word_1_172' title='bbox 335 2020 403 2079; x_wconf 90' lang='lat' dir='ltr'><strong>item</strong></span> <span class='ocrx_word' id='word_1_173' title='bbox 425 2021 502 2079; x_wconf 91' lang='lat' dir='ltr'><strong>circa</strong></span> <span class='ocrx_word' id='word_1_174' title='bbox 518 2019 634 2081; x_wconf 87' lang='lat' dir='ltr'><strong>llardos</strong></span> <span class='ocrx_word' id='word_1_175' title='bbox 654 2028 684 2078; x_wconf 89' lang='lat' dir='ltr'><strong>et</strong></span> <span class='ocrx_word' id='word_1_176' title='bbox 704 2018 867 2081; x_wconf 78' lang='lat' dir='ltr'><strong>Armenios.</strong></span> <span class='ocrx_word' id='word_1_177' title='bbox 903 2030 1054 2097; x_wconf 90' lang='lat' dir='ltr'><strong>praeterea</strong></span> <span class='ocrx_word' id='word_1_178' title='bbox 1076 2020 1151 2099; x_wconf 92' lang='lat' dir='ltr'><strong>apud</strong></span> 
     </span>
     <span class='ocr_line' id='line_1_22' title="bbox 159 2101 1150 2180; baseline -0.004 -13"><span class='ocrx_word' id='word_1_179' title='bbox 159 2107 280 2167; x_wconf 89' lang='lat' dir='ltr'><strong>Bactros</strong></span> <span class='ocrx_word' id='word_1_180' title='bbox 295 2121 394 2163; x_wconf 89' lang='lat' dir='ltr'><strong>amnes</strong></span> <span class='ocrx_word' id='word_1_181' title='bbox 409 2101 505 2162; x_wconf 85' lang='lat' dir='ltr'><strong>Ochus</strong></span> <span class='ocrx_word' id='word_1_182' title='bbox 522 2112 552 2163; x_wconf 89' lang='lat' dir='ltr'><strong>et</strong></span> <span class='ocrx_word' id='word_1_183' title='bbox 565 2102 644 2162; x_wconf 82' lang='lat' dir='ltr'><strong>Oxus</strong></span> <span class='ocrx_word' id='word_1_184' title='bbox 665 2120 703 2161; x_wconf 86' lang='lat' dir='ltr'><strong>ex</strong></span> <span class='ocrx_word' id='word_1_185' title='bbox 718 2103 763 2162; x_wconf 91' lang='lat' dir='ltr'><strong>lris</strong></span> <span class='ocrx_word' id='word_1_186' title='bbox 779 2103 919 2180; x_wconf 82' lang='lat' dir='ltr'><strong>adpositis</strong></span> <span class='ocrx_word' id='word_1_187' title='bbox 937 2104 1078 2163; x_wconf 85' lang='lat' dir='ltr'><strong>montibus</strong></span> <span class='ocrx_word' id='word_1_188' title='bbox 1102 2104 1150 2163; x_wconf 92' lang='lat' dir='ltr'><strong>de·</strong></span> 
     </span>
    </p>

    <p class='ocr_par' dir='ltr' id='par_1_6' title="bbox 116 2185 1186 2432">
     <span class='ocr_line' id='line_1_23' title="bbox 116 2185 1150 2266; baseline -0.004 -17"><span class='ocrx_word' id='word_1_189' title='bbox 116 2201 152 2257; x_wconf 80' lang='lat'><strong>76</strong></span> <span class='ocrx_word' id='word_1_190' title='bbox 161 2190 258 2249; x_wconf 84' lang='lat' dir='ltr'><strong>ierant</strong></span> <span class='ocrx_word' id='word_1_191' title='bbox 273 2187 342 2246; x_wconf 91' lang='lat' dir='ltr'><strong>salis</strong></span> <span class='ocrx_word' id='word_1_192' title='bbox 356 2186 496 2246; x_wconf 87' lang='lat' dir='ltr'><strong>ramenta.</strong></span> <span class='ocrx_word' id='word_1_193' title='bbox 524 2187 595 2246; x_wconf 91' lang='lat' dir='ltr'><strong>Sunt</strong></span> <span class='ocrx_word' id='word_1_194' title='bbox 611 2194 641 2244; x_wconf 91' lang='lat' dir='ltr'><strong>et</strong></span> <span class='ocrx_word' id='word_1_195' title='bbox 655 2186 682 2244; x_wconf 92' lang='lat' dir='ltr'><strong>in</strong></span> <span class='ocrx_word' id='word_1_196' title='bbox 696 2185 796 2248; x_wconf 81' lang='lat' dir='ltr'><strong>Africa</strong></span> <span class='ocrx_word' id='word_1_197' title='bbox 813 2186 906 2263; x_wconf 90' lang='lat' dir='ltr'><strong>lacus,</strong></span> <span class='ocrx_word' id='word_1_198' title='bbox 921 2196 951 2247; x_wconf 87' lang='lat' dir='ltr'><strong>et</strong></span> <span class='ocrx_word' id='word_1_199' title='bbox 965 2189 1079 2266; x_wconf 87' lang='lat' dir='ltr'><strong>quidem</strong></span> <span class='ocrx_word' id='word_1_200' title='bbox 1092 2198 1150 2247; x_wconf 89' lang='lat' dir='ltr'><strong>tur·</strong></span> 
     </span>
     <span class='ocr_line' id='line_1_24' title="bbox 159 2269 1151 2347; baseline -0.002 -14"><span class='ocrx_word' id='word_1_201' title='bbox 159 2272 234 2347; x_wconf 81' lang='lat' dir='ltr'><strong>bili,</strong></span> <span class='ocrx_word' id='word_1_202' title='bbox 255 2270 345 2330; x_wconf 87' lang='lat' dir='ltr'><strong>salem</strong></span> <span class='ocrx_word' id='word_1_203' title='bbox 365 2270 503 2330; x_wconf 83' lang='lat' dir='ltr'><strong>ferentes.</strong></span> <span class='ocrx_word' id='word_1_204' title='bbox 532 2270 627 2328; x_wconf 88' lang='lat' dir='ltr'><strong>lerunt</strong></span> <span class='ocrx_word' id='word_1_205' title='bbox 647 2270 761 2346; x_wconf 84' lang='lat' dir='ltr'><strong>quidem</strong></span> <span class='ocrx_word' id='word_1_206' title='bbox 784 2278 814 2329; x_wconf 90' lang='lat' dir='ltr'><strong>et</strong></span> <span class='ocrx_word' id='word_1_207' title='bbox 835 2269 919 2329; x_wconf 90' lang='lat' dir='ltr'><strong>calidi</strong></span> <span class='ocrx_word' id='word_1_208' title='bbox 942 2272 1054 2346; x_wconf 85' lang='lat' dir='ltr'><strong>fontes,</strong></span> <span class='ocrx_word' id='word_1_209' title='bbox 1076 2272 1151 2331; x_wconf 93' lang='lat' dir='ltr'><strong>sicut</strong></span> 
     </span>
     <span class='ocr_line' id='line_1_25' title="bbox 158 2351 1186 2432; baseline -0.003 -16"><span class='ocrx_word' id='word_1_210' title='bbox 158 2354 310 2432; x_wconf 74' lang='lat' dir='ltr'><strong>Pagasaei.</strong></span> <span class='ocrx_word' id='word_1_211' title='bbox 345 2362 375 2412; x_wconf 87' lang='lat' dir='ltr'><strong>et</strong></span> <span class='ocrx_word' id='word_1_212' title='bbox 403 2353 543 2413; x_wconf 88' lang='lat' dir='ltr'><strong>hactenns</strong></span> <span class='ocrx_word' id='word_1_213' title='bbox 561 2351 669 2412; x_wconf 85' lang='lat' dir='ltr'><strong>habent</strong></span> <span class='ocrx_word' id='word_1_214' title='bbox 692 2372 726 2413; x_wconf 91' lang='lat' dir='ltr'><strong>se</strong></span> <span class='ocrx_word' id='word_1_215' title='bbox 752 2371 860 2428; x_wconf 89' lang='lat' dir='ltr'><strong>genera</strong></span> <span class='ocrx_word' id='word_1_216' title='bbox 885 2372 923 2412; x_wconf 85' lang='lat' dir='ltr'><strong>ex</strong></span> <span class='ocrx_word' id='word_1_217' title='bbox 943 2356 1025 2432; x_wconf 89' lang='lat' dir='ltr'><strong>aquis</strong></span> <span class='ocrx_word' id='word_1_218' title='bbox 1046 2364 1149 2432; x_wconf 91' lang='lat' dir='ltr'><strong>sponte</strong></span> <span class='ocrx_word' id='word_1_219' title='bbox 1158 2366 1186 2407; x_wconf 76' lang='lat'><strong>2⁵</strong></span> 
     </span>
    </p>

    <p class='ocr_par' dir='ltr' id='par_1_7' title="bbox 116 2436 1184 2852">
     <span class='ocr_line' id='line_1_26' title="bbox 116 2436 1149 2520; baseline -0.002 -22"><span class='ocrx_word' id='word_1_220' title='bbox 116 2450 150 2508; x_wconf 76' lang='lat'><strong>7¹1</strong></span> <span class='ocrx_word' id='word_1_221' title='bbox 162 2437 371 2520; x_wconf 86' lang='lat' dir='ltr'><strong>provenientia.</strong></span> <span class='ocrx_word' id='word_1_222' title='bbox 400 2436 471 2495; x_wconf 89' lang='lat' dir='ltr'><strong>Sunt</strong></span> <span class='ocrx_word' id='word_1_223' title='bbox 484 2446 515 2495; x_wconf 93' lang='lat' dir='ltr'><strong>et</strong></span> <span class='ocrx_word' id='word_1_224' title='bbox 530 2445 642 2495; x_wconf 88' lang='lat' dir='ltr'><strong>montes</strong></span> <span class='ocrx_word' id='word_1_225' title='bbox 658 2438 744 2497; x_wconf 84' lang='lat' dir='ltr'><strong>nativi</strong></span> <span class='ocrx_word' id='word_1_226' title='bbox 760 2436 845 2511; x_wconf 88' lang='lat' dir='ltr'><strong>salis,</strong></span> <span class='ocrx_word' id='word_1_227' title='bbox 865 2446 896 2495; x_wconf 91' lang='lat' dir='ltr'><strong>ut</strong></span> <span class='ocrx_word' id='word_1_228' title='bbox 915 2438 943 2496; x_wconf 94' lang='lat' dir='ltr'><strong>in</strong></span> <span class='ocrx_word' id='word_1_229' title='bbox 957 2438 1034 2497; x_wconf 93' lang='lat' dir='ltr'><strong>lndis</strong></span> <span class='ocrx_word' id='word_1_230' title='bbox 1050 2436 1149 2497; x_wconf 87' lang='lat' dir='ltr'><strong>Orme-</strong></span> 
     </span>
     <span class='ocr_line' id='line_1_27' title="bbox 159 2520 1149 2599; baseline -0.002 -15"><span class='ocrx_word' id='word_1_231' title='bbox 159 2542 227 2598; x_wconf 86' lang='lat' dir='ltr'><strong>nus,</strong></span> <span class='ocrx_word' id='word_1_232' title='bbox 242 2523 271 2581; x_wconf 92' lang='lat' dir='ltr'><strong>in</strong></span> <span class='ocrx_word' id='word_1_233' title='bbox 283 2537 340 2599; x_wconf 85' lang='lat' dir='ltr'><strong>quo</strong></span> <span class='ocrx_word' id='word_1_234' title='bbox 352 2520 567 2597; x_wconf 85' lang='lat' dir='ltr'><strong>lapicidinarum</strong></span> <span class='ocrx_word' id='word_1_235' title='bbox 578 2520 663 2580; x_wconf 95' lang='lat' dir='ltr'><strong>modo</strong></span> <span class='ocrx_word' id='word_1_236' title='bbox 677 2520 805 2580; x_wconf 79' lang='lat' dir='ltr'><strong>caeditur</strong></span> <span class='ocrx_word' id='word_1_237' title='bbox 816 2536 987 2595; x_wconf 88' lang='lat' dir='ltr'><strong>renascens,</strong></span> <span class='ocrx_word' id='word_1_238' title='bbox 1001 2523 1149 2599; x_wconf 89' lang='lat' dir='ltr'><strong>maiusque</strong></span> 
     </span>
     <span class='ocr_line' id='line_1_28' title="bbox 158 2603 1148 2683; baseline -0.003 -15"><span class='ocrx_word' id='word_1_239' title='bbox 158 2623 260 2683; x_wconf 89' lang='lat' dir='ltr'><strong>regam</strong></span> <span class='ocrx_word' id='word_1_240' title='bbox 273 2603 400 2681; x_wconf 87' lang='lat' dir='ltr'><strong>vectigal</strong></span> <span class='ocrx_word' id='word_1_241' title='bbox 415 2620 453 2661; x_wconf 87' lang='lat' dir='ltr'><strong>ex</strong></span> <span class='ocrx_word' id='word_1_242' title='bbox 465 2622 502 2663; x_wconf 91' lang='lat' dir='ltr'><strong>eo</strong></span> <span class='ocrx_word' id='word_1_243' title='bbox 517 2613 562 2662; x_wconf 92' lang='lat' dir='ltr'><strong>est</strong></span> <span class='ocrx_word' id='word_1_244' title='bbox 576 2621 660 2681; x_wconf 86' lang='lat' dir='ltr'><strong>quam</strong></span> <span class='ocrx_word' id='word_1_245' title='bbox 674 2621 711 2663; x_wconf 85' lang='lat' dir='ltr'><strong>ex</strong></span> <span class='ocrx_word' id='word_1_246' title='bbox 723 2620 792 2663; x_wconf 90' lang='lat' dir='ltr'><strong>auro</strong></span> <span class='ocrx_word' id='word_1_247' title='bbox 810 2612 894 2681; x_wconf 85' lang='lat' dir='ltr'><strong>atque</strong></span> <span class='ocrx_word' id='word_1_248' title='bbox 908 2608 1080 2681; x_wconf 79' lang='lat' dir='ltr'><strong>margaritis.</strong></span> <span class='ocrx_word' id='word_1_249' title='bbox 1107 2606 1148 2665; x_wconf 86' lang='lat' dir='ltr'><strong>ei·</strong></span> 
     </span>
     <span class='ocr_line' id='line_1_29' title="bbox 158 2685 1148 2767; baseline -0.004 -16"><span class='ocrx_word' id='word_1_250' title='bbox 158 2690 419 2761; x_wconf 84' lang='lat' dir='ltr'><strong>ladituretetcrra,</strong></span> <span class='ocrx_word' id='word_1_251' title='bbox 431 2695 462 2745; x_wconf 93' lang='lat' dir='ltr'><strong>ut</strong></span> <span class='ocrx_word' id='word_1_252' title='bbox 473 2685 566 2765; x_wconf 89' lang='lat' dir='ltr'><strong>palam</strong></span> <span class='ocrx_word' id='word_1_253' title='bbox 579 2697 625 2747; x_wconf 89' lang='lat' dir='ltr'><strong>est</strong></span> <span class='ocrx_word' id='word_1_254' title='bbox 636 2686 873 2763; x_wconf 87' lang='lat' dir='ltr'><strong>omoredensato,</strong></span> <span class='ocrx_word' id='word_1_255' title='bbox 880 2689 944 2747; x_wconf 91' lang='lat' dir='ltr'><strong>utin</strong></span> <span class='ocrx_word' id='word_1_256' title='bbox 953 2686 1148 2767; x_wconf 87' lang='lat' dir='ltr'><strong>Cappadocia.</strong></span> 
     </span>
     <span class='ocr_line' id='line_1_30' title="bbox 159 2770 1184 2852; baseline -0.002 -19"><span class='ocrx_word' id='word_1_257' title='bbox 159 2770 654 2852; x_wconf 82' lang='lat' dir='ltr'><strong>ibiqnidemeteditorspecularium</strong></span> <span class='ocrx_word' id='word_1_258' title='bbox 662 2770 786 2848; x_wconf 89' lang='lat' dir='ltr'><strong>lapidum</strong></span> <span class='ocrx_word' id='word_1_259' title='bbox 794 2770 888 2847; x_wconf 91' lang='lat' dir='ltr'><strong>modo,</strong></span> <span class='ocrx_word' id='word_1_260' title='bbox 896 2771 1147 2849; x_wconf 88' lang='lat' dir='ltr'><strong>pondusmagnum</strong></span> <span class='ocrx_word' id='word_1_261' title='bbox 1157 2789 1184 2831; x_wconf 89' lang='lat' dir='ltr'><strong>ao</strong></span> 
     </span>
    </p>

    <p class='ocr_par' dir='ltr' id='par_1_8' title="bbox 115 2853 1181 3352">
     <span class='ocr_line' id='line_1_31' title="bbox 115 2853 1148 2935; baseline -0.002 -18"><span class='ocrx_word' id='word_1_262' title='bbox 115 2866 152 2924; x_wconf 77' lang='grc'><strong>78</strong></span> <span class='ocrx_word' id='word_1_263' title='bbox 161 2855 275 2935; x_wconf 87' lang='lat' dir='ltr'><strong>glaebis</strong></span> <span class='ocrx_word' id='word_1_264' title='bbox 289 2871 361 2933; x_wconf 84' lang='lat' dir='ltr'><strong>quas</strong></span> <span class='ocrx_word' id='word_1_265' title='bbox 373 2855 463 2915; x_wconf 83' lang='lat' dir='ltr'><strong>micas</strong></span> <span class='ocrx_word' id='word_1_266' title='bbox 476 2854 581 2931; x_wconf 83' lang='lat' dir='ltr'><strong>volgus</strong></span> <span class='ocrx_word' id='word_1_267' title='bbox 598 2854 737 2933; x_wconf 90' lang='lat' dir='ltr'><strong>appellat.</strong></span> <span class='ocrx_word' id='word_1_268' title='bbox 770 2853 867 2914; x_wconf 87' lang='lat' dir='ltr'><strong>Garris</strong></span> <span class='ocrx_word' id='word_1_269' title='bbox 891 2854 1016 2916; x_wconf 85' lang='lat' dir='ltr'><strong>Arabiae</strong></span> <span class='ocrx_word' id='word_1_270' title='bbox 1039 2856 1148 2935; x_wconf 93' lang='lat' dir='ltr'><strong>oppido</strong></span> 
     </span>
     <span class='ocr_line' id='line_1_32' title="bbox 156 2936 1147 3017; baseline -0.004 -16"><span class='ocrx_word' id='word_1_271' title='bbox 156 2956 254 3001; x_wconf 90' lang='lat' dir='ltr'><strong>muros</strong></span> <span class='ocrx_word' id='word_1_272' title='bbox 271 2938 431 3017; x_wconf 88' lang='lat' dir='ltr'><strong>domosque</strong></span> <span class='ocrx_word' id='word_1_273' title='bbox 445 2938 546 2996; x_wconf 87' lang='lat' dir='ltr'><strong>massis</strong></span> <span class='ocrx_word' id='word_1_274' title='bbox 562 2936 631 2996; x_wconf 88' lang='lat' dir='ltr'><strong>salis</strong></span> <span class='ocrx_word' id='word_1_275' title='bbox 646 2937 753 2996; x_wconf 84' lang='lat' dir='ltr'><strong>faciunt</strong></span> <span class='ocrx_word' id='word_1_276' title='bbox 767 2953 841 3015; x_wconf 87' lang='lat' dir='ltr'><strong>aqua</strong></span> <span class='ocrx_word' id='word_1_277' title='bbox 861 2937 1073 2999; x_wconf 83' lang='lat' dir='ltr'><strong>feruminantes.</strong></span> <span class='ocrx_word' id='word_1_278' title='bbox 1105 2941 1147 2998; x_wconf 91' lang='lat' dir='ltr'><strong>in·</strong></span> 
     </span>
     <span class='ocr_line' id='line_1_33' title="bbox 157 3019 1146 3096; baseline -0.005 -11"><span class='ocrx_word' id='word_1_279' title='bbox 157 3024 237 3085; x_wconf 82' lang='lat' dir='ltr'><strong>venit</strong></span> <span class='ocrx_word' id='word_1_280' title='bbox 252 3030 284 3083; x_wconf 89' lang='lat' dir='ltr'><strong>et</strong></span> <span class='ocrx_word' id='word_1_281' title='bbox 298 3022 374 3081; x_wconf 86' lang='lat' dir='ltr'><strong>iuxta</strong></span> <span class='ocrx_word' id='word_1_282' title='bbox 389 3019 534 3081; x_wconf 88' lang='lat' dir='ltr'><strong>Pelusium</strong></span> <span class='ocrx_word' id='word_1_283' title='bbox 549 3020 732 3081; x_wconf 90' lang='lat' dir='ltr'><strong>Ptolemaeus</strong></span> <span class='ocrx_word' id='word_1_284' title='bbox 744 3038 812 3096; x_wconf 88' lang='lat' dir='ltr'><strong>rex,</strong></span> <span class='ocrx_word' id='word_1_285' title='bbox 835 3039 898 3080; x_wconf 91' lang='lat' dir='ltr'><strong>cum</strong></span> <span class='ocrx_word' id='word_1_286' title='bbox 916 3032 1010 3081; x_wconf 88' lang='lat' dir='ltr'><strong>castra</strong></span> <span class='ocrx_word' id='word_1_287' title='bbox 1024 3021 1146 3082; x_wconf 88' lang='lat' dir='ltr'><strong>laceret.</strong></span> 
     </span>
     <span class='ocr_line' id='line_1_34' title="bbox 156 3101 1181 3267; baseline -0.008 -15"><span class='ocrx_word' id='word_1_288' title='bbox 156 3104 370 3252; x_wconf 43' lang='lat' dir='ltr'><strong>ffiddffoffltss</strong></span> <span class='ocrx_word' id='word_1_289' title='bbox 383 3101 1146 3267; x_wconf 51' lang='lat' dir='ltr'><strong>ppptppp&#39;paetsetrindveplpptpptrptotdipahlpppnnipt’rapuppppr</strong></span> <span class='ocrx_word' id='word_1_290' title='bbox 1155 3204 1181 3245; x_wconf 82' lang='lat' dir='ltr'><strong>aa</strong></span> 
     </span>
     <span class='ocr_line' id='line_1_35' title="bbox 157 3271 1144 3352; baseline -0.002 -18"><span class='ocrx_word' id='word_1_291' title='bbox 157 3283 187 3334; x_wconf 86' lang='lat' dir='ltr'><strong>ct</strong></span> <span class='ocrx_word' id='word_1_292' title='bbox 201 3291 256 3352; x_wconf 91' lang='lat' dir='ltr'><strong>per</strong></span> <span class='ocrx_word' id='word_1_293' title='bbox 269 3272 386 3333; x_wconf 78' lang='lat' dir='ltr'><strong>Africae</strong></span> <span class='ocrx_word' id='word_1_294' title='bbox 402 3273 526 3332; x_wconf 88' lang='lat' dir='ltr'><strong>sitientia</strong></span> <span class='ocrx_word' id='word_1_295' title='bbox 541 3289 632 3348; x_wconf 89' lang='lat' dir='ltr'><strong>usque</strong></span> <span class='ocrx_word' id='word_1_296' title='bbox 647 3271 683 3330; x_wconf 97' lang='lat' dir='ltr'><strong>ad</strong></span> <span class='ocrx_word' id='word_1_297' title='bbox 697 3271 858 3331; x_wconf 90' lang='lat' dir='ltr'><strong>llammonis</strong></span> <span class='ocrx_word' id='word_1_298' title='bbox 870 3271 1030 3349; x_wconf 90' lang='lat' dir='ltr'><strong>oraculum,</strong></span> <span class='ocrx_word' id='word_1_299' title='bbox 1048 3276 1071 3332; x_wconf 92' lang='lat' dir='ltr'><strong>is</strong></span> <span class='ocrx_word' id='word_1_300' title='bbox 1083 3275 1144 3351; x_wconf 86' lang='lat' dir='ltr'><strong>qni·</strong></span> 
     </span>
    </p>

    <p class='ocr_par' dir='ltr' id='par_1_9' title="bbox 112 3353 1146 3519">
     <span class='ocr_line' id='line_1_36' title="bbox 112 3353 1146 3430; baseline -0.003 -12"><span class='ocrx_word' id='word_1_301' title='bbox 112 3367 150 3425; x_wconf 72' lang='lat'><strong>79</strong></span> <span class='ocrx_word' id='word_1_302' title='bbox 160 3357 224 3418; x_wconf 87' lang='lat' dir='ltr'><strong>dem</strong></span> <span class='ocrx_word' id='word_1_303' title='bbox 239 3375 375 3417; x_wconf 88' lang='lat' dir='ltr'><strong>crescens</strong></span> <span class='ocrx_word' id='word_1_304' title='bbox 390 3374 453 3415; x_wconf 91' lang='lat' dir='ltr'><strong>cum</strong></span> <span class='ocrx_word' id='word_1_305' title='bbox 469 3357 533 3415; x_wconf 93' lang='lat' dir='ltr'><strong>luna</strong></span> <span class='ocrx_word' id='word_1_306' title='bbox 548 3353 689 3413; x_wconf 88' lang='lat' dir='ltr'><strong>noctibus.</strong></span> <span class='ocrx_word' id='word_1_307' title='bbox 726 3373 789 3415; x_wconf 90' lang='lat' dir='ltr'><strong>nam</strong></span> <span class='ocrx_word' id='word_1_308' title='bbox 805 3353 956 3430; x_wconf 79' lang='lat' dir='ltr'><strong>Cyrenaici</strong></span> <span class='ocrx_word' id='word_1_309' title='bbox 971 3365 1080 3416; x_wconf 86' lang='lat' dir='ltr'><strong>tractus</strong></span> <span class='ocrx_word' id='word_1_310' title='bbox 1094 3374 1146 3415; x_wconf 93' lang='lat' dir='ltr'><strong>no·</strong></span> 
     </span>
     <span class='ocr_line' id='line_1_37' title="bbox 157 3438 1146 3519; baseline -0.005 -15"><span class='ocrx_word' id='word_1_311' title='bbox 157 3442 301 3504; x_wconf 88' lang='lat' dir='ltr'><strong>bilitantor</strong></span> <span class='ocrx_word' id='word_1_312' title='bbox 314 3440 515 3500; x_wconf 91' lang='lat' dir='ltr'><strong>llammonioco</strong></span> <span class='ocrx_word' id='word_1_313' title='bbox 535 3446 564 3497; x_wconf 90' lang='lat' dir='ltr'><strong>et</strong></span> <span class='ocrx_word' id='word_1_314' title='bbox 579 3439 658 3516; x_wconf 88' lang='lat' dir='ltr'><strong>ipso,</strong></span> <span class='ocrx_word' id='word_1_315' title='bbox 682 3439 748 3517; x_wconf 86' lang='lat' dir='ltr'><strong>qaia</strong></span> <span class='ocrx_word' id='word_1_316' title='bbox 763 3438 814 3499; x_wconf 90' lang='lat' dir='ltr'><strong>suh</strong></span> <span class='ocrx_word' id='word_1_317' title='bbox 834 3439 949 3501; x_wconf 84' lang='lat' dir='ltr'><strong>harenis</strong></span> <span class='ocrx_word' id='word_1_318' title='bbox 974 3439 1146 3519; x_wconf 85' lang='lat' dir='ltr'><strong>inveniatur,</strong></span> 
     </span>
    </p>
   </div>
   <div class='ocr_carea' id='block_1_3' title="bbox 0 0 1246 3817">
    <p class='ocr_par' dir='ltr' id='par_1_10' title="bbox 0 0 1246 3817">
     <span class='ocr_line' id='line_1_38' title="bbox 0 0 1246 3817; baseline 0 3"><span class='ocrx_word' id='word_1_319' title='bbox 0 0 1246 3817; x_wconf 95' lang='lat' dir='ltr'><strong> </strong></span> 
     </span>
    </p>
   </div>
  </div>
 </body>
</html>
