2484 3817
299 220 675 271 aan.msu.xxrnr.1s.
695 219 736 272 ra.
754 212 907 290 (rc-ee.)
1059 213 1102 276 tit

102 393 264 457 purpureo.
294 375 408 454 capitur
422 391 565 452 praegnas
583 393 653 436 suco
672 379 701 436 in
714 379 860 455 petrosis,
877 377 1019 438 adversus
1039 398 1101 440 ser-

103 461 236 540 pentium
250 475 365 518 venena
382 466 454 536 potu
470 459 612 537 inlituque
627 461 843 536 efficacissima,
854 464 924 521 item
940 462 1101 542 stomacho,

105 544 179 602 tussi
195 547 345 617 vetustae,
366 542 488 619 pituitae
511 543 541 601 in
561 541 629 618 gula
643 543 882 620 cohaerescenti,
906 548 1018 622 ruptis,
1033 564 1101 606 con·

105 625 217 701 volsis,
238 624 340 684 lateris
356 624 514 685 doloribus.
535 625 642 685 lienem
660 628 813 702 consumit,
830 629 939 686 urinam
955 637 986 687 et
1005 641 1141 696 men-131

81 727 154 770 uses
170 709 242 782 ciet,
278 707 317 767 ob
341 707 371 766 id
397 708 601 784 incipientibus
621 708 789 786 hydropicis
810 709 930 784 efficax,
966 713 1100 772 manuali·

104 791 160 850 bus
177 791 279 867 sc'opis
295 791 358 850 elus
380 791 410 848 in
435 791 527 849 tribus
552 790 673 850 heminis
693 810 786 869 aquae
804 793 934 852 decoctis
954 810 1045 871 usque
1065 796 1101 855 ad

103 876 219 932 tertias.
248 873 356 932 faciunt
374 880 404 931 et
418 873 552 950 pastillos
571 881 703 934 terentes
724 892 787 934 eam
809 892 848 934 ex
868 891 941 953 aqua
961 876 996 935 ad
1013 896 1100 955 snpra

103 956 189 1016 diota.
224 963 307 1014 sanat
321 963 352 1014 et
366 957 494 1015 vomicas
518 965 548 1017 et
567 967 671 1017 vetera
685 958 801 1032 ulcera,
824 958 872 1017 vel
900 957 1015 1017 sordida
1039 979 1101 1019 cum

102 1038 203 1098 melle.
241 1038 273 1095 fit
296 1045 327 1098 et
347 1039 443 1097 vinum
465 1056 504 1098 cx
525 1058 560 1100 ea
585 1042 716 1118 pectoris
735 1043 824 1100 vitiis.
857 1042 994 1101 foliorum
1017 1061 1101 1102 sucus

71 1139 173 1190 recum
191 1119 262 1181 oleo
279 1120 432 1197 caliginem
452 1123 600 1183 oculorum
615 1123 742 1199 discutit,
763 1125 799 1183 ad
814 1123 946 1202 splenem
963 1141 1002 1183 ex
1016 1134 1102 1186 aceto

104 1206 243 1280 sumitur,
259 1203 412 1264 excalfacit
426 1208 624 1282 perunctione.

169 1284 255 1364 (81.)
291 1284 527 1365 chamaedaphne
543 1291 630 1348 unico
647 1289 757 1348 ramulo
772 1299 830 1366 est,
844 1291 962 1352 cubitali
977 1293 1081 1367 ferme,
1093 1302 1146 1357 132

102 1370 178 1430 folia
189 1370 326 1428 tenuiora
341 1369 413 1429 lauri
429 1371 517 1447 folio,
529 1388 632 1435 ,semen
646 1371 754 1431 rubens
769 1373 910 1434 adnexum
924 1375 1013 1436 foliis.
1037 1376 1101 1435 iuli·

103 1455 185 1512 nitur
199 1452 306 1530 capitis
315 1451 465 1512 doloribus
480 1472 595 1530 recens,
612 1454 734 1514 ardores
746 1457 914 1534 refrigerat,
929 1458 965 1516 ad
978 1461 1101 1519 tormina

69 1553 170 1596 recum
196 1536 268 1593 rino
291 1533 407 1595 bibitur.
436 1554 551 1596 menses
573 1557 659 1597 sucus
682 1539 745 1597 eius
773 1548 804 1598 et
823 1542 934 1599 urinam
955 1543 1014 1601 ciet
1029 1549 1101 1619 potu

103 1627 268 1698 partusque
283 1617 410 1678 difficilis
427 1620 456 1678 in
471 1619 533 1680 lana
544 1621 702 1698 adpositus.

167 1700 254 1780 (82.)
286 1698 457 1762 chamelaea
479 1704 692 1762 similitudinem
712 1702 956 1768 foliorumoleae
979 1705 1077 1764 habet.
1093 1716 1146 1770 133

4 1829 5 1854 a
103 1793 175 1846 sunt
189 1792 286 1843 autem
301 1801 411 1861 amara,
442 1785 579 1862 odorata,
605 1787 636 1844 in
655 1788 785 1863 petrosis
807 1786 930 1863 palmum
950 1787 1101 1847 altitudine

105 1885 169 1928 uon
187 1867 357 1926 excedente.
389 1867 484 1928 alvom
498 1876 618 1947 purgat,
641 1866 766 1928 detrahit
784 1870 930 1946 pituitam,
953 1869 1041 1929 bilem
1057 1869 1101 1930 fo-

71 1950 161 2010 mitis
177 1950 207 2006 in
225 1948 333 2009 duabus
346 1949 469 2009 absinthi
485 1951 615 2030 partibus
635 1951 775 2027 decoctis,
794 1969 865 2011 suco
885 1969 922 2012 eo
938 1971 1001 2012 cum
1013 1951 1100 2012 melle

108 2035 195 2111 poto.
226 2031 302 2092 foliis
318 2034 452 2110 inpositis
467 2043 497 2094 et
508 2033 606 2093 ulcera
619 2042 787 2112 purgantur.
812 2037 901 2111 aiunt,
918 2037 943 2095 si
962 2037 1100 2116 quisaute

107 2115 186 2176 solis
203 2123 293 2173 ortum
314 2134 378 2175 cam
401 2119 494 2194 capiat
517 2117 650 2193 dicatque
671 2116 706 2176 ad
721 2116 872 2194 albugines
896 2120 1044 2180 oculorum
1066 2139 1101 2181 se

106 2215 237 2276 capere,
254 2197 408 2275 adalligata
422 2199 523 2259 discuti
540 2200 567 2259 id
584 2201 700 2277 vitium,
715 2202 932 2278 quoquomodo
950 2222 1023 2263 vero
1041 2203 1101 2263 col·

106 2281 214 2340 lectam
228 2283 418 2341 iumentorum
433 2300 629 2360 pecorumque
647 2283 738 2342 oculis
755 2284 909 2345 salutarem
925 2305 1001 2346 esse.

74 2381 102 2422 ae
171 2361 255 2441 (83.)
289 2362 484 2441 chamaesyce
499 2366 585 2424 lentis
604 2366 674 2425 folia
689 2366 778 2426 habet
799 2367 869 2426 nihil
889 2388 922 2428 se
945 2370 1080 2429 attolleu-
1092 2381 1146 2435 134

109 2449 147 2506 tia
173 2449 202 2529 in
217 2445 306 2506 aridis
323 2450 464 2524 petrosis,
478 2448 601 2508 claritati
619 2449 767 2508 oculorum
789 2457 819 2508 et
834 2460 936 2510 contra
955 2451 1101 2512 subfusio-

107 2548 161 2588 nes
176 2529 361 2588 utilissimum
375 2529 392 2563 *
407 2529 424 2564 *
441 2539 471 2590 et
485 2533 654 2608 cicatrices,
680 2532 832 2610 caligines,
848 2533 1004 2593 nubeculas
1021 2535 1101 2593 inun-

108 2621 180 2671 ctus.
195 2611 304 2671 volvae
321 2612 440 2673 dolores
458 2614 540 2674 sedat
554 2614 686 2691 adposita
702 2617 731 2673 in
745 2615 876 2675 linteolo.
896 2615 972 2676 tollit
990 2624 1021 2675 et
1036 2634 1101 2674 ver·

106 2713 191 2754 rucas
207 2695 333 2755 omnium
348 2713 488 2772 generum
503 2697 591 2756 inlita.
623 2699 745 2775 prodest
759 2705 789 2757 et
805 2699 1014 2777 orthopnoicis.
1153 2758 1158 2766 ,

68 2795 98 2840 aa
168 2777 255 2856 (84.)
287 2775 506 2838 chamaecissos
529 2782 638 2857 spicata
660 2789 706 2840 est
729 2783 816 2840 tritici
835 2782 939 2858 modo,
963 2780 1079 2840 ramulis
1092 2793 1144 2847 135

104 2861 203 2938 quinis
221 2861 298 2936 fere,
314 2861 431 2939 foliosa,
445 2881 507 2922 cum
522 2861 624 2938 ficret,
641 2865 798 2923 existimari
814 2873 913 2942 potest
935 2863 999 2922 alba
1022 2863 1101 2924 viola

102 2943 206 3004 radice
240 2945 328 3003 tenui.
367 2944 469 3005 bibunt
493 2945 641 3006 ischiadici
670 2945 739 3005 folia
761 2947 853 3006 tribus
871 2945 967 3006 obolis
993 2946 1022 3004 iu
1042 2943 1100 3006 v'ini

103 3025 221 3102 cyathis
238 3025 349 3086 duobus
367 3025 422 3087 Vll
438 3028 557 3105 diebus,
572 3028 722 3090 admodum
735 3048 829 3089 amara
841 3030 970 3104 potione.

169 3107 254 3186 (85.)
289 3106 517 3171 Chamaeleucen
540 3111 614 3190 apud
634 3132 687 3174 nos
708 3115 842 3174 farfarum
866 3115 929 3174 sive
949 3117 1102 3196 farfugium

68 3199 223 3253 avocant.
259 3193 388 3252 nascitur
410 3193 564 3253 seeundum
584 3193 706 3271 dumos,
732 3197 805 3256 folio
829 3197 946 3274 populi,
969 3201 1022 3260 sed
1046 3218 1105 3260 am-

102 3275 215 3354 pliore,
245 3273 330 3342 radix
344 3277 405 3334 eius
431 3279 579 3356 inponitur
604 3277 779 3338 carbonibus
800 3282 949 3358 cupressi,
971 3291 1057 3360 atque
1075 3285 1101 3343 is
1143 3347 1147 3350 ,

102 3357 196 3418 nidor
213 3373 268 3436 per
281 3357 488 3418 infundibulum
504 3359 642 3419 inbibitur
655 3362 837 3421 inueteratae
855 3364 935 3422 tussi.

175 3438 256 3520 (86.)
272 3438 490 3519 chamaepeuce
506 3441 601 3501 laricis
616 3442 688 3501 folio
701 3441 802 3500 similis
813 3443 973 3502 lumborum
985 3452 1015 3503 et
1026 3445 1145 3520 spi-136
