2484 3817
154 133 196 194 96
499 139 529 189 c.
545 141 642 188 eamr
659 135 807 188 arcuum

150 296 328 377 appellatur.
357 295 395 356 ld.
408 297 498 357 Varro
513 295 600 355 tradit
617 293 674 354 sibi
686 294 834 370 cognitum
848 291 960 352 Romae
975 290 1094 351 Possim
1109 310 1164 352 no-

112 421 117 436 .
154 384 248 457 mine,
276 398 375 458 aquo
395 380 472 440 facta
496 396 580 458 poma
602 385 634 438 et
658 395 729 438 uvas
755 379 826 438 item
853 377 942 454 piscis
968 377 1165 453 conposcio

155 473 277 543 aspectu
299 465 468 538 discerpere
492 481 509 522 a
535 465 625 522 reris.
671 461 747 520 idem
771 461 946 537 magnificat.
963 458 1163 537 Arcesilaum,

155 547 188 608 L.
203 547 313 609 Luculli
328 547 515 624 familiarem,
535 547 618 606 cuius
634 543 829 624 proplasmata
843 543 934 622 pluris
952 544 1053 602 venire
1072 543 1162 604 solita

116 643 168 697 156
179 633 337 692 artificibus
353 633 427 710 ipsis
440 649 524 710 quam
540 629 663 690 aliorum
679 646 778 707 opera.
810 628 847 688 ab
868 627 925 688 boc
941 627 1045 687 factam
1060 625 1180 691 Vetto-5

154 735 215 776 rem
233 715 419 777 Genetricem
438 717 467 774 in
488 716 555 775 foro
573 712 708 774 Caesaris
731 720 761 774 et
782 714 861 791 prius
880 728 964 789 quam
985 709 1162 772 absoluere·

155 807 202 861 tur
221 803 411 862 festinatione
426 797 576 860 dedicandi
593 799 734 876 positam,
753 796 847 856 cidem
865 792 1017 854 abucullo
1035 793 1093 853 HS.
1110 798 1163 862 Ut

155 887 268 962 signum
294 884 455 945 Felicitatis
480 883 620 958 locatum,
651 883 697 941 cui
723 898 801 941 mors
827 880 978 956 utriusque
1007 879 1158 941 inviderit.

155 968 278 1030 Octavio
300 969 392 1046 equiti
414 966 545 1027 Romano
569 972 684 1026 cratera
709 966 809 1025 facere
828 962 940 1024 volenti
963 962 1117 1041 exemplar
1144 985 1161 1024 c

154 1071 249 1132 gypso
272 1053 377 1112 factum
399 1051 521 1110 talento.
558 1048 654 1108 laudat
669 1057 699 1108 et
713 1047 862 1109 Pasitelen
878 1049 926 1125 qui
942 1046 1090 1124 plasticen
1104 1067 1190 1113 man

155 1145 230 1196 trem
244 1134 408 1195 caelaturae
425 1141 455 1195 et
472 1133 628 1192 statuariae
644 1132 868 1210 scalpturaeque
882 1131 953 1191 dixit
967 1139 1016 1207 et,
1031 1149 1098 1191 cnm
1115 1152 1162 1192 es·

155 1220 252 1280 setin
274 1217 406 1279 omnibns
430 1215 474 1277 bis
493 1233 636 1293 summus,
664 1215 735 1276 nihil
758 1233 889 1294 nmquam
909 1215 980 1275 fecit
1003 1223 1163 1294 antequam

114 1313 163 1367 157
175 1301 267 1360 finxit.
302 1308 457 1378 praeterea
474 1297 652 1360 elaboratam
667 1299 740 1360 banc
755 1308 846 1359 artem
863 1297 963 1360 ltaliae
979 1307 1010 1358 et
1025 1316 1161 1361 maxume
1219 1337 1220 1362 r

154 1385 301 1459 Etruriae,
316 1382 519 1444 VolcamVeis
531 1385 653 1444 accitum
666 1385 710 1443 cui
723 1382 838 1443 locaret
854 1382 1026 1468 Tarquinius
1037 1382 1160 1444 Priscus
1219 1381 1220 1450 l

154 1469 233 1528 ioris
248 1468 378 1546 effigiem
396 1470 427 1528 in
445 1466 592 1546 Capitolio
608 1467 764 1526 dicandam.
796 1467 912 1529 fictilem
930 1486 995 1528 eum
1015 1468 1112 1528 fuisse
1131 1479 1188 1531 etc
1219 1461 1220 1530 l

154 1552 222 1613 ideo
241 1554 353 1612 miniari
375 1553 508 1628 solitum,
529 1551 627 1612 fictilis
643 1554 672 1610 in
690 1552 810 1628 fastigio
825 1551 940 1630 templis
957 1552 1019 1610 eius
1042 1553 1160 1630 quadri·
1219 1603 1220 1606 ,

113 1657 144 1698 ro.
155 1657 167 1690 o
179 1654 250 1714 gas,
264 1637 301 1696 de
319 1637 423 1715 quibus
440 1654 530 1714 saepe
548 1635 681 1696 diximus.
711 1635 747 1696 ab
763 1635 939 1696 boceodem
961 1635 1069 1694 factum
1087 1635 1161 1697 Her·

154 1720 248 1780 colem
270 1723 319 1800 qui
345 1719 492 1798 hodieque
514 1722 653 1780 materiae
672 1739 776 1804 nornen
797 1721 827 1779 in
849 1718 920 1779 urbe
940 1720 1059 1779 retinet.
1104 1721 1160 1781 hae

154 1807 230 1864 enim
246 1813 304 1863 tum
322 1804 438 1881 effigies
453 1803 574 1864 deorum
595 1813 678 1863 erant
697 1804 925 1880 laudatissimae,
947 1821 1002 1862 nec
1020 1807 1160 1882 poenitet

154 1906 208 1948 noa
224 1888 340 1949 illorum
354 1889 402 1965 qui
419 1888 485 1947 talis
500 1887 573 1948 deos
589 1887 727 1965 coluere,
746 1906 845 1948 aurum
858 1889 933 1948 enim
955 1895 986 1946 ct
1001 1898 1190 1965 argentumn

153 1992 190 2032 ne
208 1972 252 2032 dis
269 1971 383 2049 quidem
400 1972 601 2032 conficiebant.

112 2067 163 2122 158
223 2057 306 2137 (46.)
331 2054 441 2115 Durant
468 2057 620 2116 etiamnum
646 2053 796 2132 plerisque
822 2056 851 2116 in
875 2053 948 2114 locis
971 2053 1040 2115 talia
1071 2058 1160 2116 simu·

153 2141 238 2201 lacra.
280 2140 396 2216 fastigia
416 2139 531 2216 quidem
551 2135 724 2216 templorum
746 2141 832 2199 etiam
851 2140 879 2197 in
901 2138 973 2198 urbe
993 2138 1103 2201 crebra
1129 2150 1161 2200 et

152 2224 333 2301 municipiis,
347 2224 418 2282 mira
433 2224 580 2284 caelatura
595 2231 626 2281 et
639 2230 701 2282 arte
730 2225 832 2298 suique
856 2222 989 2282 firmitate
1006 2227 1161 2285 sanctiora

153 2325 241 2384 auro,
263 2315 345 2366 certe
365 2308 574 2368 innocentiora.
606 2308 636 2364 in
659 2308 749 2366 sacris
772 2305 887 2385 quidem
904 2306 990 2365 etiam
1007 2308 1087 2367 inter
1103 2308 1190 2369 basa

153 2408 226 2468 opes
247 2390 334 2451 bodie
356 2408 414 2450 non
427 2391 562 2452 murrinis
583 2389 815 2466 crystallinisve,
836 2388 889 2450 sed
906 2388 1045 2450 fictilibus
1064 2393 1161 2469 proli·

153 2475 238 2534 batur
260 2477 399 2552 simpuio,
423 2472 610 2536 inenarrabili
631 2481 729 2534 terrae
754 2474 952 2551 benignitate,
973 2475 998 2532 ai
1022 2477 1074 2553 qui
1099 2479 1161 2537 sin-

112 2559 408 2637 nominenominee,
430 2561 517 2619 etiam
531 2565 562 2615 ut
579 2558 747 2617 omittantur
761 2559 790 2616 in
804 2558 934 2636 frugum,
950 2558 1028 2633 vini,
1051 2577 1162 2636 pomo·

152 2661 230 2719 rum,
245 2642 416 2718 herbarum,
430 2642 582 2716 fruticum,
595 2640 884 2718 medicamentorum,
902 2640 1090 2702 metallorum
1105 2663 1162 2722 ge·

152 2727 270 2786 neribus
287 2726 429 2787 beneficia
447 2720 513 2786 eius
531 2741 663 2802 quaeque
681 2723 771 2784 adhuc
789 2724 919 2784 diximus.
956 2724 1005 2784 vel
1026 2725 1190 2796 adsidui-ao

148 2817 212 2869 tate
228 2811 332 2869 satiant
353 2809 513 2886 figlinarum
530 2824 622 2885 opera
642 2807 808 2868 imbricibus
831 2810 866 2869 ad
884 2816 959 2868 tecta
981 2809 1159 2889 coctilibus,

152 2893 299 2953 laterculis
314 2893 563 2969 fundamentisque
579 2899 644 2966 aut,
662 2909 735 2968 qnae
750 2900 814 2952 rota
829 2893 915 2969 fiunt,
933 2891 1021 2958 doliis
1032 2893 1070 2953 ad
1088 2895 1160 2956 vida

152 2979 344 3057 excogitatis,
369 2975 404 3034 ad
425 2993 513 3054 aquas
535 2973 659 3049 tubulis,
683 2974 717 3034 ad
738 2975 867 3037 balineas
884 2979 1061 3054 mammetis,
1086 2997 1161 3056 pro·

152 3069 219 3138 pter
234 3079 308 3139 quae
321 3059 413 3118 Numa
427 3073 482 3119 rex
495 3066 657 3137 septumum
673 3059 830 3136 collegium
845 3059 999 3136 figulorum
1012 3063 1160 3126 instituit.

110 3154 161 3208 160
172 3146 240 3220 quin
257 3151 287 3202 et
304 3142 456 3203 defunctos
475 3160 544 3203 sese
560 3140 640 3201 multi
655 3141 791 3202 fictilibus
809 3143 891 3204 soliis
907 3142 992 3204 condi
1007 3144 1191 3226 maluere,a·›

152 3228 226 3287 sicut
240 3225 277 3284 bf.
291 3225 385 3286 Varro
401 3225 578 3303 Pythagorio
595 3225 682 3286 modo
699 3229 729 3285 in
743 3228 827 3303 myrti
843 3235 873 3286 et
891 3225 976 3287 oleae
992 3236 1085 3306 atque
1103 3249 1160 3309 po-

152 3307 212 3386 puli
231 3311 332 3386 nigrae
353 3309 442 3369 foliis.
483 3313 575 3370 maior
593 3326 660 3393 pars
682 3309 825 3370 hominum
843 3311 968 3375 terrenis
989 3313 1083 3373 utitur
1107 3334 1162 3376 va·

151 3391 203 3452 sis.
244 3391 338 3455 Samia
359 3393 519 3453 etiamnunc
534 3397 564 3455 in
579 3393 736 3455 esculentis
756 3392 912 3454 laudantur.
945 3396 1057 3456 retinet
1078 3397 1162 3460 banc
