2484 3817
327 212 408 260 nnn.
424 210 515 258 mar.
532 210 627 260 xxxl.
644 207 670 263 6.
688 203 836 273 (an—38.)
1014 200 1076 263 273

83 366 193 425 aurium
204 365 389 440 gravitatem,
409 365 512 444 eapitis
527 363 646 425 dolores
662 382 725 425 cum
741 373 826 425 aceto
842 364 1011 427 lervcntium
1028 386 1076 429 va·

84 466 149 527 por.
180 447 342 524 robiginem
355 448 436 508 lerro
452 448 578 508 marinae
593 449 746 508 celerrime
769 458 917 527 exterum,
940 467 1076 527 pecorum

84 548 201 609 quoque
216 530 343 591 scabiem
358 541 458 592 sanant
472 532 612 609 lanasque
630 531 786 593 emolliunt.

146 614 231 693 (34.)
253 614 317 674 Nee
334 616 440 692 ignoro
457 615 531 674 haec
545 614 764 675 mediterraneis
785 632 964 693 supervacua
980 618 1073 677 videri
1084 628 1119 683 67

59 716 185 776 sposse.
218 715 319 757 verum
334 707 363 758 et
378 699 436 758 hoo
454 716 524 758 cura
539 698 666 776 providit
686 700 799 758 inventa
815 700 926 758 ratione
947 718 1002 778 qua
1023 700 1078 761 sihi

81 784 205 860 quisque
221 798 322 860 aquam
334 782 420 840 maris
435 781 556 841 laceret.
585 782 655 843 illud
674 782 709 841 de
733 799 768 841 ea
785 782 896 841 ratione
914 784 1030 861 mirum,
1053 785 1078 844 si

82 866 149 943 plus
163 882 248 940 qnam
261 866 406 923 sextarius
423 864 493 924 salis
507 863 536 924 in
551 874 686 942 quattuor
700 882 792 944 aquae
809 868 953 924 sextarios
967 885 1078 944 merga-

80 959 145 1023 tur,
162 939 238 1007 vinci
253 965 355 1027 aquam
374 948 521 1025 salemque
536 966 595 1007 non
609 949 722 1027 liquari.
756 957 855 1009 cetero
874 953 1015 1009 sextarius
1033 968 1077 1011 sa·

81 1032 197 1091 liscum
214 1040 349 1109 quattuor
366 1048 458 1109 aquae
479 1032 613 1091 sextariis
631 1032 780 1093 salsissimi
799 1034 885 1091 maris
903 1035 960 1092 vim
982 1044 1011 1093 et
1030 1052 1078 1093 na·

46 1125 72 1165 ¹⁰
82 1123 173 1174 turam
198 1114 301 1193 inplet.
340 1115 597 1175 moderatissimum
619 1126 713 1176 antem
739 1124 839 1195 putant
864 1134 950 1196 supra
975 1117 1078 1177 dietam

79 1217 174 1277 aquae
189 1216 351 1258 mensuram
368 1200 481 1258 octonis
497 1199 610 1274 cyathis
623 1200 693 1261 salis
703 1201 875 1279 temperari,
892 1202 1025 1279 qnoniam
1040 1210 1079 1261 tta

80 1292 109 1341 et
126 1298 236 1341 nervos
255 1282 448 1342 excalefaciat
463 1292 492 1342 et
506 1301 614 1361 corpus
629 1301 686 1343 non
701 1292 867 1361 exasperet.

145 1366 230 1445 (35.)
251 1367 436 1426 Inveteratnr
447 1376 477 1426 et
488 1368 565 1445 quod
574 1367 888 1428 vocantthalassomeli
897 1370 997 1447 aequis
1008 1388 1075 1449 por·
1087 1380 1122 1436 68

79 1450 207 1509 tionibus
226 1450 330 1525 maris,
347 1450 460 1527 mellis,
479 1451 587 1511 imbris.
619 1470 657 1511 ex
672 1452 730 1511 alto
747 1461 776 1511 et
793 1449 829 1511 ad
844 1452 920 1512 hunc
935 1470 1015 1513 usum
1031 1454 1078 1513 nd·

50 1532 192 1593 revehunt
206 1534 345 1612 fictilique
361 1551 430 1593 vase
446 1544 475 1594 et
489 1538 588 1613 picato
613 1534 747 1595 condunt.
777 1534 899 1612 prodest
918 1536 953 1594 ad
973 1555 1079 1614 pnrga-

81 1619 176 1676 tiones
189 1636 320 1677 maxume
346 1618 407 1675 sine
429 1617 570 1677 stomachi
594 1619 751 1678 vexatione
771 1626 801 1675 et
819 1634 925 1693 sapore
944 1629 1027 1693 grato
1050 1631 1097 1687 et,

80 1700 183 1759 odore.
252 1715 256 1727 ·

132 1784 230 1861 ,(36.)
254 1782 423 1855 llydromeli
441 1799 557 1859 quoque
573 1799 611 1840 ex
626 1783 717 1841 imbre
738 1798 810 1859 puro
828 1799 890 1841 cum
906 1780 992 1841 melle
1007 1791 1076 1843 tem·
1087 1796 1121 1852 69

80 1866 239 1943 parabatur
262 1864 420 1941 quondam,
445 1864 521 1942 qnod
544 1863 660 1923 daretur
681 1864 882 1942 adpetentibus
903 1866 961 1925 vini
982 1869 1079 1943 aegris

45 1969 74 2008 ro
86 1948 175 2006 veluti
191 1948 391 2007 innocentiore
409 1956 498 2027 potu,
516 1946 675 2006 damnatum
690 1951 743 2007 iam
758 1948 853 2009 multis
868 1951 962 2027 annis,
979 1949 1079 2011 iisdem

82 2032 160 2090 vitiis
176 2030 278 2107 quihus
293 2032 388 2089 vinum
402 2049 458 2090 nec
469 2031 571 2090 iisdem
585 2032 760 2091 utilitatibus.
968 2074 980 2105 0

124 2175 126 2182 ,
146 2114 230 2193 (37.)
254 2114 328 2189 Quia
344 2132 434 2193 saepe
450 2116 625 2191 navigantes
640 2115 756 2176 delectu
780 2134 872 2195 aquae
888 2116 980 2178 duleis
995 2118 1075 2178 laho-
1088 2129 1122 2184 70

81 2207 161 2273 rant,
178 2197 252 2257 haec
269 2215 386 2277 quoqne
403 2198 529 2259 subsidia
551 2198 823 2281 demonstrabimus
853 2219 981 2278 expansa
1003 2204 1080 2262 circa

81 2300 184 2341 navem
198 2281 309 2341 vellera
327 2281 496 2342 madescunt
510 2289 633 2359 accepto
654 2282 741 2343 halitu
766 2286 868 2361 maris,
892 2284 994 2362 quibus
1019 2286 1078 2345 dul·

46 2382 72 2422 ιι
83 2368 125 2424 eis
136 2383 219 2425 umor
230 2366 414 2443 exprimitur,
432 2367 500 2424 item
520 2365 665 2427 demissae
680 2368 809 2427 reticulis
826 2370 855 2427 in
875 2386 955 2428 mare
974 2386 1079 2429 conca·

81 2466 137 2507 vae
153 2467 170 2507 e
184 2467 251 2507 cera
266 2449 344 2527 pilae
358 2449 406 2508 vel
418 2466 487 2508 vasa
498 2450 592 2509 inania
605 2459 737 2529 opturata
756 2451 867 2511 dulcem
880 2452 953 2512 intra
964 2470 997 2512 se
1016 2452 1078 2513 col·

81 2532 176 2605 lignnt
190 2549 325 2592 umorem.
354 2550 418 2591 nam
432 2534 462 2591 in
483 2541 562 2593 terra
581 2536 689 2593 marina
711 2552 783 2611 aqua
806 2534 913 2611 argilla·
928 2535 1079 2614 percolata

31 2611 34 2615 ’
82 2613 233 2672 dulcescit.
245 2614 359 2675 ’Luxata
367 2633 493 2695 corpora
501 2625 530 2675 et
541 2616 684 2676 hominum
697 2627 725 2676 et
737 2618 940 2695 quadripedum
950 2618 1074 2679 natando
1086 2628 1118 2685 71

82 2698 110 2754 in
134 2697 214 2754 enins
229 2696 318 2756 libeat
338 2702 455 2774 generis
476 2712 550 2776 aqua
573 2700 711 2760 iacillime
725 2703 754 2759 in
768 2711 846 2761 artus
861 2701 993 2761 redeunt.
1025 2701 1086 2761 Est‘

47 2792 73 2834 to
84 2789 113 2837 et
127 2780 155 2837 in
168 2787 247 2837 metu
261 2783 485 2857 pergrinantium
497 2792 528 2841 ut
540 2792 679 2861 temptent
691 2784 875 2845 valitudinem
890 2802 983 2861 aquae
994 2786 1077 2863 igno·

82 2872 140 2921 tae.
173 2861 230 2921 hoc
245 2872 349 2922 cavent
362 2882 378 2923 e
390 2864 511 2925 balineis
529 2868 643 2942 egressi
656 2868 749 2927 statim
764 2866 897 2944 frigidam
912 2878 1077 2946 suspectam

81 2944 250 3005 hauriendo.

145 3026 230 3107 (38.)
249 3029 366 3090 llnscus
381 3031 471 3107 quiin
485 3048 557 3109 aqua
573 3034 661 3093 luerit
676 3032 814 3111 podagris
829 3033 926 3092 inlitus
941 3034 1071 3112 prodest,
1084 3044 1119 3101 ιι

82 3113 150 3171 item
167 3112 235 3171 oleo
247 3114 371 3173 admixto
395 3114 517 3174 talorum
534 3114 628 3175 dolori
649 3117 819 3195 tumoriqnc.
858 3116 962 3194 Spuma
983 3136 1076 3197 aquae

47 3212 73 3254 es
84 3194 205 3253 adirictu
222 3214 359 3255 vermcas
374 3197 466 3272 tollit,
482 3216 608 3257 necnon
623 3198 730 3258 harena
745 3200 860 3259 litorum
875 3203 977 3276 maris,
991 3220 1074 3280 prae·

83 3280 168 3356 cipue
181 3282 274 3338 tennis
289 3290 318 3339 et
333 3279 398 3340 sole
414 3280 557 3357 candens,
576 3283 605 3340 in
620 3283 760 3342 medicina
775 3291 821 3342 cst
844 3284 986 3343 siccandis
1009 3303 1074 3345 cor·

81 3360 202 3437 poribus
227 3364 375 3443 coopertis
394 3363 618 3442 hydropicorum
646 3374 693 3424 aut
709 3363 928 3425 rheumatismos
948 3370 1072 3427 sentien-

81 3444 159 3503 tium.
188 3443 227 3505 Et
245 3445 384 3507 hactenns
404 3447 553 3524 decoquis,
575 3464 650 3507 nune
666 3447 701 3506 de
718 3446 896 3524 aquatilibus.
928 3449 1072 3510 ordiemur

130 3548 200 3589 rum.
216 3551 278 3589 nnn.
294 3551 362 3591 msr.
377 3534 425 3589 IV.
871 3531 909 3593 18
