2484 3817
186 194 246 258 184
526 205 558 255 c.
574 204 671 255 eursu
685 200 834 255 euenum
940 238 943 242 .
976 236 979 243 .

186 362 339 437 sauguine,
359 358 443 419 iocur
462 361 547 420 etium
560 354 747 419 inveteratum
763 373 826 418 cum
843 364 905 417 ruta
921 362 1019 435 putum
1033 372 1071 415 ex
1084 356 1166 433 dun,

184 448 252 505 item
266 443 348 523 adips
364 462 427 502 cum
440 444 527 501 melle
541 446 703 521 resinaque,
721 442 805 501 simili
819 441 908 501 ruodo
924 441 1067 499 verrinum
1083 440 1166 499 iocur
1239 516 1240 525 ἵ

185 536 215 587 et
228 528 305 586 iellis
325 527 468 585 dumtaxat
480 521 554 585 libra
575 525 603 585 X
618 538 669 584 1111
687 526 815 603 pondere
828 524 878 583 vel
891 522 1064 583 cerebroru'
1056 540 1084 580 ru
1098 522 1166 582 ιίιιο
1239 554 1240 607 3

119 622 122 629 '
184 618 292 689 potum.
325 609 479 687 caprarum
494 626 582 692 cornu
597 609 646 667 vel
670 608 735 687 pilis
754 609 886 668 accensis
909 607 1003 682 iugari
1022 608 1166 683 serpentis
1239 624 1240 691 j

185 694 297 768 dicunt,
327 694 512 769 cineremque
532 683 550 749 e
572 709 661 750 cornu
681 700 778 769 potum
800 700 828 751 et
849 690 957 749 inlitum
978 698 1077 749 contra
1091 690 1193 754 ictuss
1239 726 1240 745 ι

184 776 301 850 valere,
325 778 392 835 item
411 775 495 835 lactis
509 774 626 833 haustos
642 792 704 833 oum
717 792 772 835 uva
788 774 899 833 taminia
913 771 963 831 vel
978 774 1077 831 urinae
1101 789 1167 831 oum
1239 772 1240 783 *

184 868 269 919 aceto
283 859 405 933 scillite,
429 874 544 917 caseum
562 858 708 935 caprinum
726 875 789 916 cum
811 858 930 932 origano
947 856 1101 933 inpositum
1117 855 1168 915 uel

143 942 302 1009 153sebum
316 958 379 1000 cum
395 958 471 999 cera.
497 940 573 999 milia
587 948 739 1018 praeterea
750 939 937 999 remediorum
950 955 989 997 ex
1003 954 1039 997 eo
1051 938 1168 997 animali

185 1027 426 1098 demonstrantur,
448 1024 520 1082 sicut
542 1022 704 1099 adparebit,
729 1022 804 1101 quod
826 1022 958 1100 equidem
977 1021 1080 1099 miror,
1101 1038 1169 1081 cum

183 1109 259 1169 febri
272 1114 394 1182 negetur
408 1122 518 1165 carere.
538 1106 659 1183 amplior
674 1106 798 1184 potentia
813 1106 883 1165 ieris
897 1104 1024 1164 eiusdem
1039 1106 1169 1180 generis,
1181 1128 1204 1169 rc

152 1215 171 1255 s,
182 1210 218 1247 sn
228 1190 305 1268 qnod
316 1190 575 1247 numerosissimum
587 1206 655 1247 esse
665 1190 795 1263 diximus,
808 1188 941 1247 aliavero
954 1196 983 1247 et
993 1187 1091 1247 hircis.
1107 1186 1168 1247 De-

183 1275 321 1332 mocritus
342 1273 492 1331 etiamnum
512 1273 633 1331 effectus
655 1280 742 1347 auget
760 1274 821 1331 eius
840 1272 887 1349 qui
908 1270 1061 1346 singularis
1084 1278 1168 1331 natus
1239 1344 1240 1347 Ἴ

93 1388 97 1393 ‚
185 1357 231 1416 sit.
261 1356 327 1415 limo
342 1372 458 1433 quoque
474 1372 620 1434 caprarum
636 1356 664 1413 iu
679 1364 763 1415 aceto
778 1356 902 1415 decocto
920 1354 999 1412 inlini
1015 1354 1089 1413 ictus
1104 1372 1168 1413 ser·

183 1439 310 1517 peutium
324 1437 422 1516 placet
438 1446 468 1497 et
482 1440 607 1497 recentis
624 1442 721 1497 cinere
736 1440 764 1495 in
780 1438 857 1513 vinu,
873 1446 959 1514 utque
969 1438 997 1494 in
1010 1445 1097 1495 tutum
1114 1436 1168 1497 dii-

185 1520 288 1581 licilius
313 1538 380 1579 sese
407 1521 613 1597 recolligentes
638 1538 654 1580 a
680 1522 855 1599 serpentium
877 1521 937 1579 ictu
958 1521 986 1577 iu
1012 1519 1169 1597 caprilibus
1180 1540 1205 1581 ιι

2 1671 8 1686 Ι
115 1623 119 1630 ’
144 1615 195 1669 154
205 1613 321 1682 optume
343 1604 558 1663 convalescunt.
583 1606 631 1682 qui
647 1604 794 1663 eiiicacius
808 1604 907 1663 volunt
921 1602 1029 1661 mederi
1049 1604 1170 1663 occisae

186 1704 293 1766 caprae
308 1687 403 1746 alvom
417 1687 569 1746 dissectam
585 1705 649 1746 com
662 1688 728 1747 limo
745 1688 818 1745 intus
837 1695 956 1763 reperto
971 1686 1089 1761 inligant
1111 1695 1169 1746 sta·

184 1772 243 1830 tim
273 1771 321 1831 alii
337 1787 451 1830 carnem
465 1778 613 1829 recentem
627 1770 782 1830 haedorum
801 1770 860 1848 pilo
876 1768 991 1829 suldunt
1006 1769 1170 1847 eodemque
1239 1838 1240 1851 ἢ

183 1854 286 1913 nidore
301 1854 399 1929 iugaut
418 1856 571 1931 serpentis.
600 1860 714 1913 utuntur
729 1863 757 1912 et
773 1853 851 1933 pelle
873 1868 972 1911 eorum
992 1858 1112 1911 recente
1132 1851 1171 1911 ad

184 1937 302 2013 plagas,
323 1944 354 1994 et
369 1954 456 1995 carne
471 1946 503 1995 ct
513 1938 580 1995 limo
596 1939 662 2013 equi
675 1938 703 1995 in
717 1952 788 2013 agro
802 1936 891 2013 pasti,
914 1935 1036 2011 coagulo
1057 1934 1203 2014 leporiscu
1239 1962 1240 1965 ¹

154 2039 160 2045 ¹
186 2036 224 2077 ex
240 2027 341 2092 aceto,
364 2027 521 2096 contraque
541 2022 724 2097 scorpionem
745 2028 774 2077 et
793 2034 901 2079 murem
919 2035 1061 2077 araneum.
1090 2019 1170 2078 aiunt
1239 2038 1240 2087 l

144 2113 194 2165 155
206 2116 263 2158 uon
277 2100 357 2159 ieriri
372 2100 481 2178 leporis
498 2102 623 2177 coagulo
637 2102 813 2181 perunctos(
836 2118 853 2161 a
873 2103 1028 2179 scorpione
1049 2118 1169 2179 percus·

185 2184 227 2241 sis
247 2182 340 2241 limum
362 2200 468 2261 caprae
483 2184 631 2243 eilicacius
653 2202 716 2243 cum
736 2193 819 2243 aceto
838 2183 987 2244 decoctum
1008 2183 1170 2261 auxiliatur,

185 2264 293 2324 lardum
308 2266 410 2343 iusque
425 2266 540 2325 decocti
554 2275 652 2344 potum
667 2266 755 2326 ethis
771 2268 819 2345 qui
838 2268 995 2345 buprestim
1011 2267 1168 2326 hauserint.

186 2348 253 2425 quin
267 2349 352 2407 etiam
366 2349 391 2406 si
406 2351 468 2425 quis
488 2349 569 2407 asino
583 2350 612 2407 in
627 2366 723 2409 aurem
740 2368 908 2427 percussum
923 2350 1114 2427 ascorpione
1132 2366 1202 2409 sert

185 2430 278 2506 dicat,
304 2432 426 2490 transire
445 2432 548 2490 malum
565 2434 693 2509 protinus
707 2433 836 2507 trudunt,
860 2441 1060 2510 venenataque
1074 2434 1170 2494 omnia

186 2531 312 2573 accenso
328 2514 462 2591 pulmone
479 2516 539 2573 eius
553 2515 666 2591 lugere.
694 2524 723 2575 et
734 2516 799 2575 bmo
812 2517 892 2576 vituli
907 2516 996 2577 suliiri
1009 2533 1170 2594 percussos
1239 2570 1240 2575 ,

185 2614 202 2655 a
218 2599 374 2673 scorpione
390 2597 518 2674 prodest.
1239 2662 1240 2671 χ

143 2689 195 2743 156
258 2678 341 2757 (43.)
364 2677 450 2738 Canis
464 2680 571 2739 rabiosi
585 2697 682 2739 morsu
696 2682 772 2741 iacta
784 2681 904 2743 volnera
916 2648 1120 2742 circumcidunt
1131 2682 1169 2743 ad

184 2762 371 2841 simusque
386 2764 475 2841 partis
489 2764 613 2841 quidam
616 2782 788 2843 carnemque
803 2766 882 2825 vituli
902 2766 1056 2825 admovent
1075 2775 1105 2827 et
1124 2766 1240 2827 iusso

68 2893 73 2902 ,
185 2862 225 2904 ex
238 2845 341 2904 eodem
355 2847 448 2905 earnis
463 2846 604 2907 decoctae
615 2846 682 2907 dant
698 2849 777 2925 potui
788 2859 835 2908 aut
849 2850 998 2925 axungiam
1011 2866 1073 2907 cour
1084 2848 1168 2909 calce

186 2936 304 2988 tunsam.
338 2929 410 2988 birci
427 2929 518 3003 iocur,
535 2947 591 3007 quo
606 2932 732 3008 inposito
749 2949 785 2990 ue
800 2933 930 3008 temptari
946 2931 1058 3011 quidem
1075 2947 1168 3009 equae

183 3022 261 3071 metu
275 3012 431 3088 adfirmant,
447 3011 561 3070 laudant
577 3021 606 3072 et
621 3030 728 3091 caprae
743 3016 835 3073 limum
850 3032 888 3073 ex
897 3015 963 3075 vino
977 3014 1095 3090 inlitum,
1108 3032 1167 3075 rue·

185 3094 223 3152 lis
236 3102 267 3152 et
280 3096 373 3154 cuculi
396 3103 426 3152 et
441 3093 595 3156 hirundinis
616 3095 768 3155 decoctum
791 3105 820 3155 et
839 3106 947 3174 potum.
978 3097 1016 3156 ad
1035 3096 1167 3175 reliquos

184 3175 338 3236 bestiarum
354 3194 467 3244 morsus
484 3180 629 3255 caprinum
647 3196 760 3237 caseum
776 3180 884 3239 siccum
908 3198 971 3241 cunt
988 3180 1110 3256 origano
1126 3182 1167 3240 iu·
1156 3202 1202 3241 -so

185 3268 295 3336 ponunt
318 3270 349 3320 et
370 3260 428 3319 bibi
451 3260 566 3336 iubent,
591 3260 627 3319 ad
653 3259 784 3321 bominis
798 3278 912 3322 morsus
935 3278 1068 3321 carnem
1074 3262 1166 3325 bubu-

185 3341 241 3483 laqr
267 3353 392 3421 coctam,
423 3345 570 3405 eiflcacius
595 3342 692 3417 uituli,
718 3346 743 3404 si
768 3361 824 3404 non
846 3354 911 3405 aute
938 3347 1064 3438 quintum
1089 3346 1166 3407 dien
1239 3402 1240 3405 ,

185 3440 219 3483 so
231 3434 307 3485 taut.
