2484 3817
152 140 212 211 tte¹
490 144 521 196 o.
542 146 638 194 uuum
658 143 831 194 mennon·

152 302 225 364 atila
244 310 297 363 est.
335 302 471 381 quotiens
490 317 563 379 opus
580 300 618 359 ait
634 298 739 359 molliri
754 298 813 358 rim
828 298 982 375 aius‚‚mel
996 298 1155 377 adspergi·

152 395 207 447 tur.
248 384 343 446 erodit
359 394 390 445 et
407 384 510 445 callum
525 382 683 445 fistularum
697 401 736 443 ex
756 390 840 441 aceto
858 383 1017 442 foventium
1033 391 1064 443 et
1086 384 1152 443 col-

153 470 235 546 lyriis
255 467 384 544 additur,
410 470 487 528 sistit
510 476 541 529 et
567 469 734 544 sanguinem
754 465 910 545 ulceraque
930 483 1005 545 quae
1027 477 1152 545 serpant

153 570 264 633 quaeve
279 560 464 630 putrescant,
485 552 608 611 absumit
623 559 654 611 et
668 550 868 611 excrescentis
884 551 987 609 carnis.
1018 550 1150 628 peculia·

150 638 224 699 riter
240 636 386 695 virilitatis
400 634 479 695 vitiis
493 634 564 695 utile
586 644 616 695 et
630 636 797 694 feminarum
812 632 985 711 profluvium
1002 635 1088 694 sistit.
1158 657 1173 695 ⁵

109 729 161 785 las
233 718 315 799 (32.)
330 718 432 779 Gracci
448 720 651 796 cognationem
662 718 738 777 aeris
751 719 866 777 nomine
881 718 1014 777 lecerunt
1028 726 1058 777 et
1073 720 1155 778 atra?

150 812 248 863 mento
269 804 382 863 sutorio
398 836 442 847 -
458 801 603 881 appellant
618 803 693 861 enim
707 800 895 860 chalcanthon
911 837 970 877 -,
985 818 1041 861 uec
1057 801 1150 861 ullius

150 904 245 965 aeque
260 886 332 946 mira
347 894 448 945 natura
463 894 517 947 est.
546 884 593 945 Fit
608 886 639 968 in
652 884 809 964 Hispaniae
831 886 929 963 puteis
950 886 1101 961 stagnisve
1118 886 1150 945 id

148 989 242 1047 genus
261 988 353 1048 aquae
374 968 555 1029 habentibus.
594 968 766 1047 decoquitur
786 984 821 1028 ea
841 967 964 1027 admixta
986 968 1061 1028 dulci
1083 972 1150 1048 pari

148 1071 282 1114 mensura
307 1054 387 1112 etin
408 1054 533 1130 piscinas
548 1050 661 1129 ligneas
675 1052 810 1112 funditur.
848 1052 1034 1112 inmobilibus
1055 1072 1150 1132 super
1159 1074 1187 1113 1o

148 1136 200 1197 has
223 1136 356 1196 transtris
378 1133 545 1213 dependent
563 1145 660 1195 restes
680 1135 787 1213 lapillis
812 1144 951 1196 extentae
971 1136 1076 1213 quibus
1099 1137 1151 1197 ad-

147 1219 325 1279 haerescens
340 1218 423 1277 limus
439 1220 541 1278 vitreis
563 1220 653 1278 acinis
669 1220 821 1295 imaginem
834 1219 973 1297 quandam
988 1238 1061 1279 uvae
1080 1222 1150 1281 red-

148 1303 197 1363 dit.
231 1310 395 1379 exemptum
415 1303 455 1361 ita
474 1303 598 1362 siccatur
617 1302 718 1362 diebus
739 1300 831 1362 XXX.
872 1302 956 1362 color
979 1311 1025 1363 est
1044 1322 1148 1364 caeru·

147 1386 229 1463 leus,
254 1401 394 1463 perquam
411 1386 564 1465 spectabili
585 1388 698 1461 nitore,
727 1387 889 1463 vitrumque
914 1405 982 1446 esse
1003 1387 1147 1463 creditur,

107 1478 158 1533 124
168 1468 303 1529 diluendo
327 1469 359 1528 llt
378 1474 565 1529 atramentum
585 1468 750 1546 tinguendis
772 1471 870 1529 coriis.
901 1469 948 1529 Fit
964 1478 994 1530 et
1010 1469 1184 1548 pluribusne

129 1552 254 1613 ‘modlsz
265 1570 384 1631 genere
400 1561 500 1613 terrac
514 1569 551 1612 eo
567 1555 596 1612 in
611 1552 726 1613 scrobis
740 1554 859 1634 cavato,
877 1571 997 1630 qnorum
1012 1572 1029 1613 a
1044 1553 1148 1613 lateri-

146 1637 200 1697 bus
223 1636 396 1697 destillantis
413 1635 537 1696 hiberno
555 1637 625 1715 gelu
647 1638 743 1695 stirias
763 1636 930 1714 stalagmian
948 1646 1069 1713 uocant,
1093 1656 1147 1697 ue-

147 1736 204 1799 que
221 1728 267 1780 est
281 1722 381 1799 purius
395 1720 481 1779 aliud.
513 1720 564 1780 sed
580 1737 618 1780 ex
633 1738 670 1780 eo
685 1720 834 1781 candidum
850 1720 979 1780 colorem
996 1722 1147 1781 sentiente

104 1814 156 1869 125
166 1804 244 1864 viola
261 1802 420 1863 lonchoton
435 1803 591 1882 appellant.
629 1805 706 1863 litet
721 1806 750 1863 in
765 1821 901 1862 saxorum
920 1806 1022 1863 catinis
1044 1804 1147 1881 pluria

147 1906 219 1965 aqua
234 1889 385 1947 conrivato
401 1886 468 1945 limo
480 1887 618 1965 gelante,
636 1888 668 1946 lit
684 1896 714 1946 et
729 1888 798 1946 salis
814 1888 901 1947 modo
916 1887 1144 1965 flagrantissimo
1154 1907 1182 1945 ao

82 1982 85 1997 ’
147 1972 212 2031 sole
238 1969 377 2031 admissas
399 1970 490 2031 dulcis
513 1988 601 2048 aquas
626 1978 761 2046 cogente.
802 1971 869 2030 ideo
896 1972 1009 2050 quidam
1033 1971 1145 2053 duplici

146 2054 310 2115 differentia
332 2053 437 2113 fossile
459 2064 508 2115 aut
530 2054 674 2115 facticium
691 2052 855 2131 appellant,
876 2053 933 2114 hoc
954 2056 1089 2133 pallidius
1111 2068 1146 2117 et

105 2146 156 2203 126
166 2146 299 2215 quantum
314 2136 417 2197 colore
433 2146 540 2197 tantun
554 2138 684 2197 bonitate
699 2136 837 2197 deterius.
866 2137 994 2198 Probent
1009 2159 1144 2201 maxume

147 2217 282 2299 Cyprium
296 2222 326 2279 in
341 2221 501 2281 medicinae
516 2240 578 2281 uso.
614 2222 735 2279 sumitur
748 2220 783 2280 ad
801 2220 935 2298 pellenda
953 2226 1065 2283 ventris
1082 2227 1145 2284 ani·

144 2304 228 2363 malla
250 2302 401 2364 drachmae
422 2303 553 2383 pondere
575 2320 638 2363 cum
655 2303 751 2363 melle.
783 2314 893 2383 purgat·
909 2314 940 2365 et
960 2314 1046 2384 caput
1067 2306 1182 2368 diln-aa

145 2394 204 2446 tum
224 2404 257 2447 ac
278 2387 396 2447 naribus
414 2388 598 2463 instillatum,
621 2389 691 2448 item
706 2387 881 2447 stomachum
900 2406 963 2448 cnm
982 2388 1070 2450 melle
1093 2402 1146 2451 aut

146 2488 219 2549 aqua
240 2470 330 2529 mulsa
352 2479 503 2549 sumptum.
538 2471 671 2532 medetur
693 2481 723 2533 et
747 2472 896 2531 oculorum
913 2472 1069 2533 scabritiae
1090 2476 1144 2535 do·

145 2552 240 2615 lorire
264 2561 294 2611 et
308 2552 424 2631 caligini
440 2563 470 2613 et
492 2556 551 2614 oris
566 2554 722 2615 ulceribus.
760 2554 891 2614 sistit'et
905 2558 1077 2633 sanguinem
1092 2577 1145 2618 na·
1172 2551 1177 2572 '

144 2638 234 2713 rium,
251 2636 321 2696 item
334 2636 590 2699 haemorrhoidum.
620 2638 744 2699 extrahit
763 2654 829 2696 ossa
844 2638 934 2698 iracta
949 2656 1012 2699 cnm
1026 2643 1145 2702 semine

92 2728 96 2737 '
144 2719 327 2798 hyoscyami,
349 2720 500 2800 suspendit
522 2721 678 2801 epiphoras
700 2720 838 2797 penicillo
861 2722 950 2781 fronti
969 2724 1181 2801 inpositum,so

144 2804 249 2867 efficax
263 2812 294 2864 et
307 2806 337 2864 in
353 2804 516 2883 emplastris
533 2805 569 2863 ad
585 2803 732 2882 purganda
746 2804 867 2863 volnera
884 2814 914 2864 et
935 2798 1144 2869 excrescentia

102 2894 152 2951 lli
164 2886 300 2947 ulcerum.
331 2887 409 2947 tollit
424 2895 454 2949 et
466 2906 550 2963 uvas,
572 2886 621 2946 vel
637 2888 662 2945 si
676 2886 799 2945 decocto
816 2894 983 2966 tangantur,
1006 2907 1071 2948 curn
1088 2891 1142 2951 lini

145 2986 260 3047 quoque
274 2970 383 3034 semino
396 2972 602 3049 superponitur
616 2968 779 3047 emplastris
791 2970 827 3030 ad
841 2970 961 3031 dolores
975 2971 1142 3052 tollendos,

144 3053 279 3131 quodque
307 3070 345 3111 ex
371 3070 407 3113 eo
428 3054 558 3113 candicat
582 3055 611 3112 in
637 3070 694 3111 uno
717 3071 771 3111 usu
799 3054 964 3132 praefertur
982 3052 1142 3135 violaceis,

144 3143 175 3194 ut
189 3134 323 3212 pannii
345 3138 453 3195 aurium
478 3153 532 3215 per
553 3136 663 3196 listulas
683 3138 851 3215 inspiretur.
883 3137 1004 3197 volnera
1023 3155 1082 3216 per
1105 3160 1179 3201 seca

143 3217 254 3277 inlitum
273 3226 371 3295 sanat,
402 3218 455 3278 sed
479 3218 583 3299 tinguit
606 3221 767 3281 cicatrices.
807 3236 900 3295 nuper
920 3223 1068 3280 inventurn
1092 3240 1141 3283 ur·

143 3316 240 3359 sorum
255 3299 285 3359 in
299 3300 406 3362 harena
424 3310 455 3360 et
470 3301 585 3362 leonum
609 3321 659 3364 ora
676 3321 815 3385 spargere
835 3301 905 3380 illo,
929 3310 1069 3380 tantaque
1090 3316 1143 3365 est

142 3383 188 3441 vis
203 3383 233 3441 in
247 3383 453 3471 adstriugeudo
471 3392 502 3445 ut
522 3402 580 3445 nou
597 3381 704 3466 queant
717 3386 863 3447 mordere.
