2484 3817
192 229 196 245 y
293 178 372 225 uer.
395 176 486 225 uersu.
507 132 633 247 nxxru.
652 176 679 228 a.
703 178 730 229 5.
750 162 900 247 (13-11.)
1056 166 1096 227 19

103 328 192 389 melle
213 344 286 389 vero
307 330 458 391 decoctum
476 327 710 391 cum'melanthio
729 339 758 391 et
774 330 885 391 inlitum
902 332 1040 393 umbilico
1052 332 1095 393 le·
1134 390 1136 394 ,

104 414 182 493 viter
202 412 420 475 solrit'aluonr.
470 432 539 475 auro
568 430 705 473 verrucas
731 415 828 473 curari
853 412 894 475 ll.
923 414 1019 476 Varro
1046 434 1095 476 an·

105 504 171 555 otor
186 505 240 556 est.
920 521 923 524 ·

167 581 206 639 5.·
222 579 302 658 (26.)
316 577 518 655 1ΟΙπγεοοοΗα
539 596 621 639 umor
638 586 684 637 est
703 580 733 637 in
754 582 851 656 puteis
872 598 945 657 quos
966 580 1087 641 diximus
1099 592 1147 650 86,

82 680 159 740 sper
171 680 273 723 venam
288 665 348 723 auri
361 662 491 723 defluens
504 670 707 721 crassescente
722 660 790 720 limo
805 663 952 740 rigoribus
966 662 1136 729 hiber-⁸⁷⁸·

104 748 149 805 nis
165 748 300 824 usquein
316 745 447 805 duritiam
464 746 594 823 pumicis.
627 743 815 804 laudatiorem
836 746 956 805 eandem
971 747 1001 805 in
1015 764 1096 807 aera-

104 830 156 889 riis
170 829 293 888 metallis
310 838 339 887 et
357 846 523 906 proxumam
537 829 567 887 in
587 829 759 904 argentariis
776 829 840 889 lieri
855 838 1027 906 conpertum
1039 839 1094 889 est.

104 913 249 973 invenitur
270 919 300 971 et
321 913 350 969 in
369 911 534 988 plumbariis
555 910 642 969 vilior
663 912 749 969 etiam
762 907 883 971 auraria.
919 914 949 971 in
964 912 1097 972 omnibns
1158 915 1163 941 ¹

104 1004 199 1054 autern
215 994 259 1053 his
280 995 403 1055 metallis
420 996 450 1053 iit
473 1003 504 1054 et
524 1012 592 1053 cura
614 993 732 1052 multum
750 995 825 1053 inira
839 994 998 1054 naturalem
1016 995 1094 1054 illam
1120 1027 1124 1041 x

69 1096 94 1135 ro
104 1079 229 1137 inmissis
250 1080 279 1135 in
294 1096 395 1136 venam
416 1080 497 1156 aquis
518 1077 623 1137 leniter
644 1076 739 1136 hieme
756 1085 818 1140 tota
833 1080 970 1156 usquein
986 1078 1097 1139 lunium

103 1178 244 1235 mensem,
253 1159 319 1219 dein
332 1162 447 1221 siccatis
459 1161 541 1221 lunio
554 1169 584 1219 et
594 1160 681 1235 lulio,
690 1168 721 1217 ut
729 1160 816 1237 plane
826 1159 1014 1237 intellegatur
1025 1160 1096 1221 nihil

104 1242 180 1302 aliud
198 1242 380 1319 chrysocolla
402 1262 485 1321 quam
505 1261 578 1303 vena
596 1244 700 1321 putris.
731 1245 826 1303 nativa
844 1244 947 1305 duritia
961 1262 1091 1304 muume
1103 1256 1137 1311 81

105 1326 208 1401 distat,
230 1344 312 1385 uvam
327 1335 441 1385 uocant.
476 1324 506 1386 et
522 1335 616 1385 tamen
634 1325 684 1384 illa
698 1326 925 1404 quoque‘herba
948 1345 1032 1404 quarn
1053 1327 1095 1387 lu-

104 1419 162 1469 tum
183 1408 330 1487 appellant
352 1412 500 1487 tinguitur.
542 1418 644 1469 natura
666 1418 712 1468 est
733 1428 808 1485 quae
830 1409 891 1468 lino
918 1408 1042 1469 lanaeve'
1060 1412 1096 1471 ad

69 1512 94 1552 15
105 1510 202 1555 sucum
218 1490 382 1553 hibendum.
402 1493 541 1553 ¹tunditur
556 1495 586 1551 in
608 1491 666 1569 pila
675 1534 686 1567 ,
709 1492 777 1550 dein
795 1493 874 1550 tenui
890 1492 988 1551 cribro
1004 1497 1097 1560 cerni-

105 1585 167 1651 tur,
189 1584 293 1653 postea
307 1577 424 1636 molitur
444 1594 476 1634 ao
496 1575 600 1635 deinde
625 1575 740 1632 tenuius
769 1573 922 1633 cribratur.
959 1576 1096 1653 quidquid
1135 1626 1139 1636 1

105 1678 162 1719 non
184 1668 339 1719 transmeat
362 1660 505 1735 repetitur
525 1660 554 1715 iu
571 1655 646 1733 pila,
666 1655 732 1713 dein
746 1656 872 1716 molitur.
908 1656 1003 1734 pulvis
1020 1672 1139 1726 sem-88

104 1760 159 1819 per
173 1743 201 1799 in
217 1743 327 1800 catinos
348 1740 490 1817 digeritur
509 1748 539 1799 et
554 1756 591 1797 err
607 1746 691 1795 aceto
709 1748 870 1799 maceratur
889 1749 921 1799 ut
939 1743 1030 1799 omnis
1046 1742 1096 1801 du-

105 1826 170 1899 ritia
182 1824 320 1898 solvatur,
336 1839 369 1880 ac
383 1839 481 1881 rursus
498 1820 640 1895 tunditur,
657 1820 724 1895 dein
738 1822 848 1881 lavatur
863 1822 992 1899 conchis,
1007 1825 1096 1884 sicca-

71 1919 96 1959 ao
106 1915 168 1980 tur,
189 1914 256 1963 tunc
274 1905 412 1979 tinguitur
429 1901 551 1962 alumine
566 1902 676 1963 schisto
692 1913 723 1964 et
735 1904 825 1978 herba
840 1924 927 1983 supra
941 1906 1017 1966 dicta
1034 1910 1096 1985 pin·

106 1990 240 2063 giturque
262 1995 410 2063 antequam
433 1987 541 2063 pingat.
591 1986 684 2046 refert
708 2006 790 2065 quam
815 1988 913 2048 bibula
935 1990 1095 2067 docilisque
1126 2004 1134 2012 ·

108 2073 154 2129 sit.
192 2088 255 2129 nam
280 2070 334 2128 nisi
358 2070 451 2146 rapuit
472 2069 777 2145 colorem,·adduntur
795 2080 826 2131 et
843 2081 990 2147 scytanum
1009 2082 1096 2151 atque

107 2152 268 2214 turbistum.
299 2154 339 2212 ita
355 2160 458 2211 vocant
474 2151 679 2213 medicamenta
694 2154 818 2214 sorbere
833 2157 977 2231 cogentia.

170 2237 252 2315 (27.)
282 2233 351 2295 Cum
379 2237 492 2295 tinxere
519 2238 665 2313 pictores,
692 2238 820 2298 orobitin
840 2247 946 2297 vocant
967 2240 1136 2317 eiusque89
1168 2320 1171 2327 Ι
1234 2245 1239 2249 ’

74 2340 100 2379 as
109 2320 166 2380 duo
186 2338 295 2396 genera
315 2319 421 2378 faciunt
428 2362 439 2395 ,
462 2318 566 2377 elutam
590 2334 664 2395 quae
686 2329 819 2379 servatur
838 2322 868 2380 in
889 2320 1044 2381 lomentum
1065 2333 1096 2382 et

106 2403 239 2479 liquidam
254 2402 379 2479 globulis
399 2402 504 2461 sudore
521 2401 669 2461 resolutis.
705 2402 778 2462 haec
799 2411 919 2480 utraque
940 2422 1050 2481 genera
1064 2408 1095 2465 in

109 2483 205 2562 Cypro
221 2485 298 2545 liunt.
326 2485 517 2545 laudatissima
533 2493 628 2543 autem
646 2494 691 2544 est
705 2486 734 2544 in
753 2485 905 2562 Armenia,
925 2487 1051 2547 secunda
1065 2490 1094 2546 in

107 2566 292 2644 Macedonia,
313 2568 474 2643 largissima
495 2569 524 2627 in
543 2566 690 2645 llispauia.
724 2587 829 2627 summa
850 2578 897 2628 est
916 2570 1094 2631 commenda·

107 2651 194 2709 tionis
209 2658 239 2707 ut
259 2649 386 2710 colorem
400 2653 429 2709 in
444 2650 534 2711 herba
556 2652 667 2727 segetis
681 2650 896 2711 laete¹virentis
911 2669 994 2728 quarn
1008 2653 1095 2713 simil-

74 2750 99 2793 ao
109 2732 175 2791 lime
189 2732 297 2795 reddat.
326 2735 476 2810 visumque
493 2736 547 2791 iam
561 2743 607 2793 est
622 2732 748 2793 Neronis
762 2736 900 2812 principis
917 2737 1089 2811 spectaculis
1100 2747 1136 2800 90

109 2815 242 2875 harenam
264 2816 332 2875 circi
352 2815 533 2891 chrysocolla
548 2818 658 2893 sterni,
674 2818 815 2894 cumipse
832 2817 980 2877 concolori
998 2838 1092 2895 panno

109 2900 287 2975 aurigaturus
310 2906 399 2957 esset.
435 2898 549 2958 indocta
571 2900 704 2975 opificum
719 2901 803 2959 turba
819 2899 910 2958 tribus
924 2918 987 2959 eam
1002 2920 1092 2977 gene·

109 2982 188 3041 ribus
204 2982 368 3057 distinguit:
390 2997 520 3058 asperam
537 3000 610 3059 quae
626 2989 738 3040 taxatur
755 2984 784 3039 in
803 2980 892 3041 libras
908 2979 1016 3059 XVII,
1034 3002 1093 3044 me·
1160 3000 1162 3003 ’

110 3064 184 3123 diam
204 3082 276 3142 quae
297 3062 326 3123 X
347 3077 385 3139 v,
411 3063 552 3140 attritam,
573 3082 655 3143 quam
679 3073 708 3122 et
728 3063 899 3124 herbaceam
922 3074 1041 3143 vocant,
1064 3065 1093 3126 X
1145 3126 1151 3151 Ι

77 3160 162 3207 aum.
199 3147 344 3208 sublinunt
368 3155 462 3213 autem
484 3145 655 3205 harenosam
674 3148 837 3226 priusquam
862 3148 994 3208 inducant
1019 3158 1092 3209 atra-

110 3238 207 3291 mento
222 3240 251 3290 et
266 3228 443 3308 paraetonio
473 3227 544 3288 haec
560 3238 626 3289 sunt
641 3230 751 3289 tenacia
764 3230 844 3305 eius,
859 3231 959 3291 colore
976 3230 1087 3293 blanda.
1099 3244 1133 3298 91

110 3314 323 3393 paraetonium,
348 3314 479 3390 quoniam
500 3320 545 3371 est
567 3320 666 3371 natura
686 3313 901 3390 pinguissimum
923 3322 952 3373 et
969 3324 1092 3394 propter

110 3396 242 3459 levorem
256 3397 480 3473 tenacissimum,
500 3401 658 3455 atramento
673 3394 873 3475 adspergitur,
891 3415 928 3458 ne
942 3391 1101 3476 paraetoni

887 3467 933 3542 ᾗ*
