2484 3817
319 216 401 264 ssa.
418 214 509 264 mss.
525 216 622 263 xxx1.
642 214 667 267 6.
682 212 709 267 7.
726 204 876 285 (ss—41.)
1019 206 1080 269 275

768 301 781 335 Ο

97 368 258 449 appellato.
286 370 386 431 similis
399 380 445 430 est
459 388 584 448 corpore
598 370 713 431 alumini
727 372 804 451 quod
829 371 958 432 schiston
971 380 1086 452 vocant,

97 455 194 531 longis
208 453 322 530 glaebis
342 472 437 533 neque
453 453 627 533 perlucidis,
648 457 777 530 ingratus
792 473 911 535 sapore,
935 455 988 515 sed
999 456 1087 516 medi·

96 541 180 599 cinae
193 537 280 596 utilia.
310 537 449 616 probatur
464 554 547 615 quam
561 554 691 597 maxume
705 542 890 617 perspicuus,
911 542 999 599 rectis
1015 542 1086 599 scis·

95 624 181 684 suris.
211 622 324 698 insigne
339 622 375 681 de
394 637 431 680 eo
447 621 578 698 proditur
600 620 679 699 quod
702 622 864 681 levissimus
888 624 959 681 intra
980 641 1087 701 specus

70 724 165 767 sanos
179 706 209 765 in
220 706 314 766 lucem
325 707 487 764 universam
497 703 628 783 prolatus
642 705 692 764 vix
704 706 834 765 credibili
849 706 978 783 pondere
993 709 1087 783 ingra-

95 798 206 851 vescat.
236 807 322 849 causa
337 787 473 863 evidens,
491 788 689 848 cuniculorum
704 790 805 865 spiritu
820 788 932 847 madido
949 791 991 847 sic
1008 790 1086 849 adiu·

94 883 180 935 vante
192 872 334 932 molientis
348 881 380 931 ut
399 872 531 931 adiuvant
548 886 650 947 aquae.
687 866 979 932 adulteratur'Siculo
1002 890 1085 950 quem
1105 892 1129 929 ns

96 957 271 1018 Cocanicum
287 955 513 1034 appellavimus,
528 970 653 1013 necnon
669 964 699 1013 et
713 953 821 1033 Cyprio
838 957 909 1014 mire
924 955 1017 1013 simili.
1050 956 1082 1015 ln
1093 967 1129 1021 80

95 1040 231 1118 Hispania
247 1056 363 1118 quoque
380 1039 516 1098 citeriore
531 1038 689 1113 Egelestae
714 1039 841 1099 caeditur
858 1037 971 1115 glaebis
993 1056 1086 1117 paene

61 1140 87 1181 m
98 1122 305 1184 tralucentibus
320 1124 365 1181 cui
379 1125 434 1182 iam
450 1122 560 1199 pridem
576 1122 671 1202 palma
686 1139 703 1181 a
717 1122 866 1201 plerisque
881 1121 999 1181 medicis
1013 1123 1087 1182 inter

96 1208 190 1268 omnia
205 1205 272 1265 salis
284 1223 393 1282 genera
408 1204 587 1285 perhibetur.
618 1204 717 1265 Omnis
731 1206 814 1265 locus
828 1206 857 1265 in
872 1223 929 1284 quo
943 1207 1088 1283 reperitur

95 1291 138 1351 sal
154 1289 263 1349 sterilis
273 1298 319 1349 est
328 1289 456 1368 nihilque
471 1290 576 1367 gignit.
601 1298 631 1348 et
645 1291 673 1347 iu
688 1297 776 1349 totum
792 1297 894 1366 sponte
908 1306 1031 1349 nascens
1046 1290 1086 1348 in·

95 1373 220 1435 trahaeo
229 1381 283 1432 est.
297 1372 504 1434 Facticiivariu
516 1390 638 1451 genera,
652 1373 779 1450 volgaris
791 1373 1029 1452 plurumusquein
1040 1390 1084 1432 sa·
1095 1381 1131 1436 81.

94 1456 161 1517 linis
173 1457 244 1515 mari
261 1456 364 1517 adfuso
375 1475 432 1517 non
445 1459 506 1518 siue
522 1474 613 1535 aquae
629 1456 720 1516 dulcis
735 1458 840 1533 riguis,
859 1455 909 1515 sed
923 1455 1012 1516 imbre
1030 1473 1087 1515 ma·

62 1559 87 1599 au
97 1558 181 1599 nume
196 1542 311 1601 iurante
324 1559 361 1602 ac
376 1558 465 1620 super
481 1542 575 1601 omnia
589 1541 664 1616 sole,
678 1540 835 1616 multoque,
851 1540 933 1597 aliter
947 1556 1005 1598 non
1023 1556 1087 1599 ure·

95 1641 192 1684 scens.
222 1622 323 1684 Africa
335 1626 412 1685 circa
423 1625 537 1685 Uticam
552 1625 692 1682 construit
703 1638 826 1681 acervos
837 1621 906 1678 salis
920 1620 955 1677 ad
973 1622 1088 1681 collium

95 1707 239 1784 speciem,
256 1709 302 1784 qui
320 1708 368 1767 ubi
384 1708 449 1765 sole
463 1708 589 1780 lunaque
604 1703 776 1778 induruere,
790 1701 869 1761 nullo
886 1717 984 1760 umore
998 1703 1087 1780 lique·

94 1790 295 1873 scuntyixque
309 1791 394 1847 etiam
405 1789 485 1847 ferro
498 1784 665 1847 caeduntur.
692 1788 723 1845 lit
734 1787 826 1845 tamen
842 1792 870 1843 et
885 1784 913 1842 in
924 1781 1010 1843 Creta
1027 1786 1088 1843 sine

95 1873 186 1948 riguis
202 1888 281 1929 mure
295 1872 323 1929 iu
348 1870 456 1929 salinas
469 1865 683 1929 iniundentibus
705 1878 734 1928 et
752 1870 830 1929 circa
844 1866 1007 1948 Aegyptum
1021 1872 1088 1947 ipso
1171 1894 1173 1900 ·

58 1972 87 2013 uo
98 1954 168 2013 mari
184 1953 318 2013 induente
332 1954 362 2011 in
377 1953 487 2030 solum,
509 1961 541 2013 ut
554 1953 662 2026 oredo,
683 1950 749 2013 Nilo
766 1968 910 2012 sucosam.
941 1953 1016 2011 litet
1036 1971 1087 2031 pu-

96 2038 152 2097 teis
166 2036 195 2094 iu
210 2037 316 2096 salinas
328 2037 461 2113 ingestis.
489 2038 582 2117 prima
601 2036 732 2097 densatio
746 2034 894 2111 Babylone
914 2037 942 2094 iu
960 2035 1084 2101 bitumen
1096 2044 1130 2101 82

94 2118 232 2200 liquidum
259 2121 372 2196 cogitur
396 2121 465 2181 oleo
490 2118 599 2196 simile,
627 2138 683 2197 quo
709 2130 738 2180 et
761 2122 789 2179 iu
810 2119 935 2179 lucernis
964 2129 1086 2179 utuntur.

94 2204 153 2265 hoc
167 2202 298 2265 detracto
312 2203 413 2264 subest
427 2203 481 2263 sal.
511 2213 541 2264 et
559 2205 587 2263 in
605 2203 790 2283 Cappadocia
807 2220 823 2261 e
840 2205 932 2281 puteis
952 2222 986 2263 ac
1006 2204 1087 2263 ionte

96 2304 199 2365 aquam
213 2288 242 2345 in
263 2287 371 2348 salinas
391 2288 535 2365 ingerunt.
568 2291 597 2349 in
612 2286 740 2349 Chaonia
764 2296 908 2347 excocunt
926 2304 1026 2367 aquam
1050 2306 1088 2348 ex

60 2369 176 2434 nolonte
195 2370 455 2449 refrigerandoque
476 2371 566 2431 salem
589 2372 697 2431 iaciunt
721 2374 840 2431 inertem
856 2388 912 2429 nec
930 2370 1087 2431 candidum.

96 2447 207 2596 tlplalliue
224 2453 457 2539 Germaniaeque
468 2454 634 2516 ardentibus
655 2456 743 2532 lignis
760 2471 862 2531 aquam
877 2453 982 2514 salsam
997 2453 1086 2513 iniun-

115 2546 174 2596 ttul.

160 2619 243 2697 (lo.)
262 2620 405 2699 llispania
415 2622 535 2699 quadam
547 2624 590 2681 sui
598 2630 682 2699 purte
696 2638 712 2680 e
723 2622 817 2699 puteis
829 2618 958 2679 hauriunt
967 2620 1083 2678 muriam
1094 2629 1129 2685 83

95 2700 287 2781 appellantes.
316 2704 357 2764 illi
372 2704 486 2781 quidem
501 2715 530 2765 et
544 2706 653 2783 lignum
669 2704 781 2764 referre
796 2701 976 2763 arbitrantur.
1002 2720 1085 2781 quer·

59 2808 87 2850 su
98 2804 148 2844 cus
163 2793 294 2861 optuma,
316 2795 434 2864 atquae
455 2806 509 2867 per
526 2806 558 2847 se
576 2789 673 2848 cinere
690 2788 805 2847 sincero
821 2786 877 2844 vim
894 2785 961 2845 salis
974 2786 1085 2859 reddat,

96 2868 164 2928 alibi
175 2867 292 2942 corylus
306 2868 444 2930 laudatur.
470 2873 509 2931 ita
524 2872 618 2931 inluso
635 2872 748 2947 liquore
764 2869 841 2930 salso
858 2868 945 2928 carbo
960 2870 1043 2928 etiam
1059 2870 1086 2928 in

95 2952 187 3011 salem
199 2952 328 3010 vertitur.
357 2954 528 3030 quicumque
544 2953 624 3031 liguo
647 2956 734 3014 confit
755 2954 798 3013 sal
814 2954 899 3029 niger
921 2960 973 3011 est.
1000 2950 1086 3029 Apud

97 3034 326 3114 Theophrastum
346 3036 459 3096 invenio
480 3035 605 3098 Umbros
629 3037 794 3098 harundinis
817 3044 846 3094 et
865 3035 938 3094 iunci
960 3036 1086 3095 cinerem

97 3118 263 3196 decoquere
286 3135 360 3196 aqua
383 3118 486 3179 solitos
508 3120 602 3181 donec
625 3122 759 3197 exiguum
780 3127 949 3197 superesset
969 3119 1084 3177 umoris.

59 3202 162 3278 asquia
177 3209 207 3259 et
222 3218 239 3259 e
255 3203 346 3261 muria
357 3202 590 3264 salsamentorum
605 3204 772 3280 recoquitur
782 3205 940 3277 iterumque
956 3218 1084 3261 cousum-

96 3293 145 3362 pto
160 3282 273 3361 liquore
289 3285 324 3346 ad
338 3293 466 3346 naturam
482 3304 560 3346 suam
574 3288 665 3362 redit,
687 3286 775 3363 volgo
799 3302 816 3344 e
831 3286 921 3343 menis
942 3285 1084 3345 iucundis-

96 3385 192 3427 smus.

160 3450 244 3529 (41.)
265 3449 436 3514 hiarinorum
450 3470 580 3512 maxume
602 3452 731 3513 laudatur
746 3448 868 3529 Cyprius
892 3468 908 3510 a
929 3451 1080 3527 Salamine,
1092 3458 1128 3515 84

861 3537 926 3599 18*
