2484 3817
210 187 213 193 .
262 143 343 191 nnn.
363 142 454 191 uren.
475 101 610 191 xixvn.
629 139 727 192 1213.
746 129 894 208 (tt-tt.)
1017 129 1074 190 179

86 307 180 360 menta
194 297 323 376 pluribus
338 296 430 357 modis
446 302 606 372 constant,
617 296 736 373 primurn
752 293 898 372 pondere,
921 295 1074 372 graviores

88 383 161 442 enim
178 388 243 440 sunt
259 400 364 457 verae,
386 380 453 439 dein
466 379 596 455 frigore,
618 377 739 438 eaedem
754 394 874 455 namque
890 378 919 436 in
934 395 986 458 qre
1002 376 1076 455 geli·

87 464 183 524 diores
199 466 378 539 sentiuntur,
398 469 465 540 post
479 460 553 520 haec
565 478 701 539 corpore.
730 462 842 520 ficticiis
858 461 958 538 pusula
977 477 1075 537 epro·
1183 536 1187 544 ι

86 547 171 606 lnndo
194 547 330 626 adparet,
354 545 490 605 scabritia
517 545 547 603 in
572 552 638 603 cute
663 549 693 602 et
713 543 927 622 capillamenta,
952 544 1075 619 fulgoris

66 632 292 705 sinconstantia,
307 630 386 707 prius
401 645 483 706 quarn
499 627 534 686 ad
551 627 652 687 oculos
668 625 820 704 perveniat
836 627 972 686 desinens
987 628 1073 685 nitor.

86 714 198 773 decussi
213 713 366 788 fragmenti
386 711 461 789 quod
477 713 506 768 in
520 710 586 769 lima
601 710 672 769 ferri
685 718 813 770 moratur
827 709 1056 768 efficacissimum
1066 719 1118 771 200

87 797 313 874 experimentum
344 801 483 855 excusant
520 811 677 870 mangones
714 810 903 870 gemmarum,
941 798 1076 851 recusant

87 879 218 938 similiter
239 886 269 937 et
290 878 374 938 limae
398 877 609 955 probationem.
652 876 789 936 obsianae
810 876 970 952 fragmenta
990 889 1075 932 veras

87 979 210 1037 gemmas
231 979 288 1020 non
309 961 489 1038 scariphant,
511 962 540 1018 in
562 960 675 1019 iicticiis
696 957 870 1036 scariphatio
895 955 991 1016 omnis*
1012 974 1077 1015 can·
1165 985 1170 992 ·

56 1044 168 1103 radicat.
209 1045 264 1103 iam
292 1052 369 1104 tanta
393 1044 556 1103 differentia
581 1052 628 1103 est
655 1051 686 1100 ut
709 1043 783 1102 aliae
806 1042 885 1102 ferro
907 1040 996 1118 scalpi
1019 1057 1076 1098 non

86 1129 215 1204 possint,
243 1127 315 1187 aliae
340 1145 397 1186 non
426 1127 481 1185 nisi
508 1134 647 1201 retunso,
675 1143 775 1185 omnes
801 1131 895 1184 autem
918 1123 1076 1183 adamante.

87 1210 243 1287 plurumum
263 1228 334 1269 vero
355 1213 384 1270 in
401 1212 436 1268 iis
453 1210 632 1290 terebrarum
644 1209 758 1286 proficit
771 1209 880 1268 fervor.
911 1204 1076 1266 Gemmiferi

87 1311 183 1351 amnes
204 1301 269 1353 sunt
290 1293 434 1354 Acesinus
459 1301 489 1352 et
510 1291 642 1370 Ganges,
673 1299 813 1352 terrarum
838 1299 933 1350 autem
954 1290 1076 1351 omnium

86 1393 215 1434 maxume
232 1375 321 1436 lndia.
1133 1423 1137 1432 «

54 1473 77 1512 ¹5
147 1460 227 1538 (77.)
243 1458 358 1518 Etenim
374 1459 499 1536 peractis
521 1458 652 1518 omnibus
668 1464 786 1517 naturae
803 1456 941 1534 operibns
959 1454 1117 1518 dissui-201

84 1558 148 1600 men
165 1540 304 1618 quoddam
324 1560 419 1602 rerum
442 1544 567 1619 ipsarum
588 1541 675 1617 atque
696 1548 838 1600 terrarum
857 1539 955 1598 facere
971 1555 1078 1597 conve-

85 1625 154 1683 niet.
180 1623 260 1701 Ergo
277 1627 307 1684 in
322 1634 385 1684 toto
402 1625 486 1699 orbe,
503 1642 679 1701 quacumque
695 1623 769 1682 caeli
784 1623 953 1682 convexitas
968 1622 1076 1696 vergit,

85 1707 277 1784 pulcherrima
294 1709 417 1766 omnium
432 1716 478 1766 est
499 1709 529 1765 in
543 1707 691 1784 rebusque
708 1708 811 1766 merito
827 1706 1015 1785 principatum
1030 1721 1077 1762 na-

86 1799 167 1848 turae
189 1793 302 1867 optinet
322 1790 421 1866 ltalia,
445 1791 555 1848 rectrix
576 1807 741 1867 parensque
760 1789 854 1848 mundi
877 1789 984 1864 altera,
1006 1786 1076 1846 viris

50 1873 218 1947 coleminis,
236 1873 371 1948 ducibus,
383 1873 537 1946 militibus,
556 1873 702 1949 servitiis,
719 1868 821 1932 artium
832 1871 1024 1949 praestantia,
1036 1870 1077 1929 in·

84 1957 236 2030 geniorum
256 1955 451 2032 claritatibus,
479 1957 534 2014 iarn
557 1957 614 2015 situ
638 1973 671 2026 ac
696 1955 866 2016 salubritate
893 1954 966 2014 caeli
990 1962 1076 2030 atque

85 2039 244 2116 temperie,
271 2057 392 2098 accessu
406 2040 570 2098 cunctarum
586 2039 715 2114 gentium
729 2038 824 2114 iacili,
845 2033 1077 2115 portuosis'lito-

85 2121 183 2196 ribus,
209 2122 337 2198 benigno
357 2130 508 2181 ventorum
529 2121 650 2198 adflatu,
679 2121 755 2198 quod
783 2121 904 2197 contigit
930 2122 1077 2201 positione

86 2205 283 2281 procurrentis
300 2206 329 2264 in
344 2212 455 2282 partem
470 2204 648 2263 utilissimam
663 2213 693 2262 et
709 2206 785 2264 inter
802 2214 882 2264 ortus
898 2221 1077 2282 occasusque

50 2287 222 2363 comediam,
238 2305 373 2365 aquarum
388 2286 487 2365 copia,
502 2305 650 2347 nemorum
661 2287 847 2364 salubritate,
862 2290 999 2347 montium
1012 2288 1078 2346 arti·

86 2370 175 2443 culis,
201 2371 330 2430 ferorum
343 2371 504 2431 animalium
518 2368 700 2446 innocentia,
723 2371 779 2430 soli
795 2370 963 2448 fertilitate,
979 2369 1076 2450 pabuli
1151 2385 1155 2393 ·

85 2451 228 2512 ubertate.
257 2454 394 2531 quidquid
407 2463 452 2512 est
469 2470 525 2531 quo
540 2471 642 2513 carere
653 2454 712 2512 vita
730 2472 787 2514 non
803 2454 910 2514 debeat
921 2472 1057 2531 nusquam
1068 2463 1119 2514 202

86 2542 132 2593 est
148 2538 355 2611 praestantius:
385 2537 503 2613 fruges,
518 2538 630 2610 vinnm,
653 2536 764 2613 oleum,
781 2537 1004 2614 vellera,-lina,
1028 2555 1077 2596 ve·

86 2625 165 2692 stes,
187 2618 310 2678 iuvenci.
338 2638 375 2679 ne
391 2637 483 2696 equos
502 2619 615 2697 quidem
633 2619 661 2677 in
677 2621 804 2695 trigariis
819 2619 903 2679 ullos.
916 2619 1077 2681 uernaculis
1148 2630 1150 2634 ’

49 2700 263 2776 sopraelerunt.
295 2702 419 2761 metallis
436 2704 513 2779 auri,
529 2703 659 2778 argenti,
682 2704 776 2779 aeris,
793 2703 883 2778 lerri,
898 2703 1028 2780 quamdiu
1045 2703 1078 2761 li-

85 2783 144 2841 cuit
161 2800 319 2860 exercere,
345 2785 430 2843 nullis
448 2786 539 2844 cessit
561 2786 648 2844 terris
669 2793 698 2844 et
716 2803 790 2843 nnnc
811 2787 884 2844 intra
908 2805 941 2845 se
961 2785 1078 2863 gravida

84 2883 142 2942 pro
157 2867 232 2924 omni
248 2866 317 2925 dote
334 2869 430 2926 varios
452 2885 539 2926 sucos
555 2875 585 2926 et
604 2869 717 2944 lrugum
731 2885 938 2945 pomorumque
956 2887 1076 2946 sapores

84 2946 188 3007 fundit.
216 2948 263 3008 Ab
280 2967 315 3009 ea
330 2951 461 3028 exceptis
473 2949 571 3010 Indiae
584 2950 725 3009 fabulosis
743 2961 911 3028 proxumam
927 2952 1058 3029 equidem
1069 2963 1120 3016 203

85 3031 217 3090 duxerim
244 3032 408 3110 Hispaniam
435 3032 613 3111 quacumque
642 3033 765 3091 ambitur
791 3037 880 3109 mari,
913 3051 1078 3112 quamquam

48 3114 244 3191 assqnalidam
264 3133 302 3174 ex
322 3123 421 3193 parte,
447 3133 564 3192 verum,
589 3115 638 3173 ubi
660 3116 770 3192 gignit,
800 3116 927 3180 feracem
952 3118 1078 3194 frugum,

87 3196 164 3274 olei,
186 3199 260 3274 vini,
288 3214 426 3275 equorum
450 3197 689 3275 metallorumque
713 3201 836 3258 omnium
862 3219 1016 3277 generum,
1043 3200 1076 3259 ad

86 3279 159 3340 baec
173 3282 233 3358 pari
249 3279 351 3342 Gallia.
381 3299 491 3341 uerum
506 3281 632 3340 desertis
648 3282 708 3339 suis
727 3291 825 3359 sparto
840 3285 928 3343 vincit
942 3283 1077 3361 Hispania

86 3372 117 3423 et
138 3363 233 3442 lapide
262 3364 419 3444 speculari,
446 3366 657 3442 pigmentorum
679 3365 764 3423 etiam
790 3365 921 3442 deliciis,
948 3367 1076 3427 laborum

858 3449 915 3512 12*
