2484 3817
313 212 394 261 usu.
409 212 500 261 urar.
518 213 629 261 xxxn.
646 210 672 263 a.
690 212 717 265 a.
737 200 871 279 (te—132)
1024 200 1086 265 289

91 382 214 442 namque
237 365 292 425 ista
313 368 503 445 persuasione
522 368 649 443 gentium
676 376 816 429 coustant.
851 367 978 447 gignitur
1005 376 1033 429 et
1058 368 1087 429 ia

90 448 190 509 Rubro
205 449 320 526 quidem
333 452 421 526 mari,
444 452 497 511 sed
511 453 637 527 nigrius,
652 452 720 511 item
733 453 762 510 iu
776 452 953 513 Persico-
967 460 1088 513 uocatur

90 534 158 593 lace
174 565 232 609 -,
254 532 477 595 laudatissimum
499 536 527 614 iu
542 534 655 595 Gallico
672 538 735 595 sinu
753 538 830 596 cirea
844 534 1025 597 Stoechadas
1046 537 1087 597 iu·

91 617 169 677 sulas
185 626 215 675 et
230 618 259 675 iu
274 617 373 677 Siculo
390 620 469 678 circa
483 619 606 678 Aeolias
620 636 656 677 ac
666 618 810 697 Drepana.
832 622 958 680 nascitur
970 630 1000 681 et
1012 620 1088 699 apud

69 701 245 761 adnaviscas
261 710 291 760 et
306 711 372 761 ante
389 701 543 780 Neapolim
559 700 752 781 Campaniae,
773 720 961 781 maxumeque
979 703 1086 765 rubeus

90 784 143 845 sed
153 784 243 843 molle
254 793 284 843 et
294 785 363 845 ideo
374 784 689 860 uilissimumlirytbris.
711 787 803 847 forma
815 796 860 846 est
871 786 993 865 fruticis,
1002 789 1130 851 colceia

89 869 204 944 viridis,
227 866 320 928 bacae
338 871 400 929 eius
415 869 555 929 candidae
569 868 622 928 sub
638 886 712 948 aqua
729 888 765 931 ac
785 870 906 946 molles,
932 881 1086 951 exemptae

90 952 241 1012 confestim
256 951 392 1012 durantur
409 962 439 1012 et
459 952 616 1013 rubescunt
632 972 687 1031 qua
707 972 795 1013 corna
810 956 901 1015 sativa
921 958 1022 1033 specie
1046 964 1086 1015 at·

90 1054 147 1114 que
160 1036 363 1113 magnitudine.
391 1037 469 1095 aiunt
487 1045 564 1096 tactu
586 1039 716 1115 protinus
736 1037 936 1116 lapidescere,
957 1041 982 1099 si
997 1041 1084 1115 vivat,

55 1122 187 1197 scitaque
199 1121 337 1199 occupari
348 1120 496 1198 evellique
505 1120 616 1180 retibus
628 1130 677 1181 aut
687 1123 747 1182 acri
757 1122 931 1183 ferramento
946 1121 1085 1201 praecidi,

89 1222 145 1282 qua
159 1202 197 1263 de
215 1221 302 1264 causa
326 1205 463 1271 curalium
481 1206 636 1265 vocitatum
655 1207 888 1284 interpretantur.
916 1205 1085 1286 probatissi-

88 1304 163 1347 mum
179 1305 263 1365 quam
277 1305 408 1348 maxume
427 1288 537 1348 rubens
556 1298 686 1367 siquam
707 1291 930 1357 ramosissimum
947 1308 1003 1349 uec
1020 1306 1084 1351 sca·

88 1371 201 1431 biosum
218 1380 267 1431 aut
282 1372 426 1450 lapideum
440 1382 489 1431 aut
502 1392 603 1433 rursus
619 1374 704 1433 inane
720 1382 750 1433 et
765 1392 935 1435 concaucm.
959 1374 1127 1439 auctori-23
1209 1427 1212 1443 ‚

90 1464 135 1512 tas
150 1452 285 1515 bacarum
299 1458 362 1515 eius
375 1474 434 1516 nou
444 1456 677 1517 minusludorum
694 1458 761 1517 viris
772 1475 887 1536 quoque
898 1460 1028 1539 pretiosa
1040 1466 1086 1519 est
1160 1462 1165 1485 '

57 1552 82 1592 ns
93 1556 175 1615 quam
190 1539 303 1599 leminis
319 1542 425 1600 numnis
440 1543 561 1601 uniones
574 1540 675 1601 ludici.
701 1541 861 1617 harispices
875 1540 974 1601 eorum
988 1551 1084 1604 vates·

91 1640 147 1698 que
162 1623 291 1701 inprimis
307 1624 476 1700 religiosum
491 1623 520 1684 id
536 1633 687 1700 gestamen
702 1624 871 1683 amoliendis
887 1624 1025 1700 periculis
1041 1643 1085 1685 ar·

89 1704 237 1766 bittuntur.
258 1709 298 1766 ita
311 1717 339 1766 et
355 1708 465 1766 decore
479 1716 509 1766 et
522 1707 667 1781 religione
682 1706 816 1783 gaudent.
837 1706 917 1782 prius
933 1724 1017 1783 quam
1028 1708 1085 1767 lucc

88 1799 269 1865 notesceret,
288 1788 363 1848 Galli
377 1788 504 1865 gladios,
520 1798 611 1863 scuta,
626 1788 728 1864 galeas
745 1787 922 1849 adornabant
938 1806 986 1849 eo.
1010 1806 1085 1849 nunc

88 1882 167 1932 tauta
178 1872 316 1949 paenuria
327 1880 372 1930 est
382 1871 520 1930 vendibili
529 1888 627 1930 merce
637 1880 667 1931 ut
675 1889 812 1951 perquam
827 1889 894 1932 raro
909 1881 1042 1933 cernatur
1056 1874 1085 1932 in

52 1970 143 2016 acsuo
159 1955 241 2015 orbe.
266 1954 373 2013 surculi
389 1954 526 2015 iniautiae
541 1954 818 2031 adalligatiuutelnm
836 1956 945 2016 babere
961 1955 1081 2017 creduu-
1093 1968 1127 2021 24

87 2050 135 2099 tur
146 2047 306 2116 contraque
317 2039 467 2097 torminum
478 2056 514 2099 ac
523 2040 642 2099 vesicae
657 2056 692 2099 ac
704 2039 879 2101 calculorum
889 2040 963 2101 mala
977 2043 1006 2100 iu
1020 2040 1083 2119 pul·

86 2141 187 2183 verena
199 2123 258 2199 igni
270 2121 381 2181 redacti
398 2124 459 2201 poti
474 2142 529 2200 que
542 2140 606 2183 cum
619 2140 693 2202 aqua
707 2124 887 2201 auxiliantur,
902 2124 986 2185 simili
997 2125 1083 2185 modo

88 2226 126 2267 ex
145 2209 212 2266 vino
230 2207 293 2284 poti
312 2216 376 2280 aut,
395 2208 419 2265 si
431 2206 523 2266 febris
537 2196 588 2283 sit,
605 2225 644 2265 ex
659 2224 731 2285 aqua
744 2224 872 2268 somnum
884 2208 1025 2284 adierunt,
1040 2240 1084 2253 --

88 2291 203 2368 ignibus
219 2291 266 2350 diu
281 2299 486 2368 repugnat,-—
502 2291 554 2350 sed
566 2290 671 2351 eodem
683 2290 869 2352 medicamine
882 2294 999 2371 saepius
1012 2302 1083 2371 poto

52 2376 202 2435 mtraduut
224 2375 328 2434 lienem
349 2392 466 2452 quoque
488 2374 608 2435 absumi.
639 2376 806 2452 sanguinem
826 2376 1011 2436 reicientibus
1032 2394 1082 2435 ex·

21 2454 25 2461 “
87 2457 306 2519 screantibusve
320 2457 450 2519 medetur
466 2460 537 2518 cinis
554 2474 664 2534 eorum,
679 2460 816 2519 miscetur
831 2460 979 2520 oculorum
995 2458 1085 2519 medi·
1110 2464 1116 2474 ¹

88 2541 243 2615 cementis,
265 2544 373 2619 spissat
394 2543 467 2601 euim
488 2561 524 2603 ao
544 2542 717 2620 refrigerat,
739 2542 867 2603 ulcerum
882 2561 953 2604 cava
971 2543 1082 2621 explet,

88 2625 243 2688 cicatrices
257 2635 402 2685 extenuat.

152 2707 237 2784 (12.)
260 2708 344 2781 Quod
358 2710 396 2767 ad
411 2710 629 2787 repugnantiam
642 2727 737 2769 rerum
753 2712 861 2786 attinet,
878 2728 962 2788 quam
977 2709 1080 2771 Graeci
1091 2720 1125 2775 bt

49 2810 77 2853 so
87 2790 266 2869 antipathian
279 2800 395 2866 uocant,
411 2792 479 2853 uibil
495 2802 541 2853 est
555 2810 676 2872 usquam
688 2796 856 2855 venenatius
871 2811 954 2871 quam
970 2795 998 2853 iu
1011 2795 1082 2853 mari

86 2876 248 2955 pastinaca,
262 2883 363 2951 utpote
380 2893 443 2935 oum
458 2877 539 2936 radio
554 2880 616 2937 eius
634 2874 755 2937 arbores
773 2877 871 2937 necari
887 2878 1050 2937 dixerimus.
1065 2896 1125 2939 ones

84 2960 161 3019 banc
177 2968 272 3018 tamen
287 2962 469 3037 persequitur
481 2960 600 3038 galcos,
623 2959 698 3019 idem
719 2970 748 3020 et
765 2961 840 3021 alios
854 2961 967 3039 quidem
980 2962 1080 3039 piscis,

73 3040 141 3101 ‘sed
156 3042 319 3119 pastinacas
335 3044 502 3121 praecipue,
518 3044 591 3104 sicut
604 3045 634 3103 iu
649 3053 725 3103 terra
739 3044 860 3104 mustela
876 3044 1082 3125 serpentis,—

85 3134 165 3185 tanta
177 3134 223 3184 est
238 3125 359 3185 aviditas
376 3127 467 3204 ipsius
480 3129 595 3203 veneni,
609 3162 653 3174 -
667 3129 814 3205 percussis
828 3145 899 3189 vero
918 3128 955 3189 ab
970 3147 1004 3188 ea
1021 3146 1087 3189 me·-

46 3209 191 3269 scdeutur
206 3218 235 3268 et
250 3208 280 3269 bi
293 3207 406 3287 quidem
422 3210 475 3271 scd
490 3220 519 3269 et
533 3210 637 3271 mullus
653 3228 688 3271 ae
702 3210 787 3287 laser,
809 3210 838 3271 3.
856 3212 939 3291 (13.)
964 3222 1077 3291 specta·
1088 3224 1124 3279 26

85 3291 138 3351 bili
164 3301 281 3352 uatuurae
311 3294 455 3371 potentia,
489 3294 517 3353 in
550 3295 586 3353 iis
615 3312 730 3373 quoque
763 3293 863 3371 quibus
888 3299 917 3353 et
943 3298 971 3355 in
995 3298 1079 3357 terris

84 3376 181 3435 victus
209 3384 269 3451 est,
298 3378 372 3437 sieut
399 3376 479 3437 libris
506 3394 581 3455 quos
602 3385 732 3438 castoras
754 3388 860 3437 uocant
887 3388 916 3439 et
946 3389 1078 3440 castorea
1127 3430 1130 3439 .

85 3461 171 3519 tastis
191 3476 300 3523 eorum.
331 3462 471 3539 amputari
492 3460 547 3521 bos
561 3460 598 3521 ab
618 3461 706 3539 ipsis,
728 3478 791 3521 curn
808 3463 970 3539 capiantur,
992 3472 1079 3541 nogat

133 3563 202 3606 rum.
218 3563 366 3607 usr.a1sr.
390 3548 438 3605 IV.
875 3548 912 3608 19
