2484 3817
131 146 191 206 164
466 155 497 202 c.
518 155 615 200 Pnrnr
638 153 788 208 saeuum

128 313 234 372 multae
250 311 367 389 species
381 308 512 386 reliquae
528 317 605 385 suut,
625 307 677 367 sed
689 325 790 370 omnes
806 313 835 370 in
847 313 948 371 vitium
962 314 1126 392 caeruleae,

128 405 160 454 ut
177 394 316 471 crystallo
329 395 439 454 similes
456 401 504 451 aut
515 394 619 468 myxis,
633 394 703 451 item
712 393 1126 476 terebinthinusa,inproprie,

128 489 160 538 ut
175 480 313 554 arbitror,
328 477 518 555 cognomine,
533 475 614 535 velut
629 495 646 536 e
662 476 758 536 multis
778 477 909 540 eiusdem
928 482 1045 556 generis
1061 499 1128 541 con·

129 565 227 640 posita
243 564 374 640 gemmis.
406 559 592 638 quamobrem
615 563 847 638 praestantiores
870 563 957 622 funda
979 563 1129 634 cluduntur

129 654 160 705 ut
175 650 233 706 sint
253 655 388 727 patentes
403 645 439 704 ab
452 653 574 721 utraque
589 652 672 720 parte
688 662 742 705 nec
755 653 876 722 praeter
891 648 1034 723 margines
1051 650 1149 726 quio-⁵

88 740 137 794 117
150 748 233 812 quam
257 748 328 790 auro
350 729 555 806 amplectente.
591 727 700 786 Vitium
723 730 752 786 in
767 730 804 787 iis
826 737 872 788 est
891 738 921 789 et
938 730 1036 790 brevis
1051 733 1128 791 nitor

130 833 186 874 nec
203 815 293 892 longe
316 812 525 891 splendescens
548 818 578 871 et
600 810 643 870 sal
670 819 700 870 et
721 829 795 889 quae
823 815 931 872 ceteris
960 816 1062 873 omnia.
1096 823 1127 874 et

129 900 206 959 vitro
223 897 437 971 adulterantur,
453 895 529 972 quod
544 894 726 954 manifestum
744 895 791 972 tt,
808 914 873 955 cum
887 905 970 956 extra
984 897 1128 974 fulgorem

130 990 270 1060 spargunt
286 989 374 1058 atque
389 997 448 1038 nou
463 981 536 1038 inse
549 979 708 1038 continent.
728 997 783 1038 noc
798 979 932 1040 diversae
947 998 1018 1058 quas
1032 981 1127 1059 sphra-

129 1068 212 1144 gidas
237 1073 341 1126 uocant
362 1063 478 1140 publico
501 1080 676 1138 gemmarum
708 1061 835 1122 dominio
855 1065 899 1124 his
920 1071 1029 1124 tanturn
1049 1065 1165 1142 dat0,1o

88 1162 140 1215 118
150 1151 285 1228 quoniam
308 1155 424 1224 optume
444 1146 571 1221 signent.
605 1148 634 1205 9.
656 1143 747 1204 Totus
767 1164 839 1206 vero
864 1148 964 1207 oriens
986 1166 1040 1225 pro
1056 1167 1127 1208 amu-

130 1235 192 1295 leto
214 1239 334 1310 gestare
354 1247 406 1289 eas
424 1229 555 1288 traditur.
587 1246 661 1304 quae
684 1247 722 1288 ex
739 1231 776 1287 iis
792 1231 945 1308 zmaragdo
963 1233 1064 1292 similis
1083 1241 1128 1292 cst

130 1322 221 1394 saepe
242 1324 371 1373 traversa
389 1312 457 1371 linia
477 1311 543 1370 alba
567 1312 661 1371 media
682 1315 880 1390 praecingitur
901 1323 930 1374 et
949 1332 1127 1392 monogram-

111 1406 193 1460 *mos
209 1406 347 1473 vocatur,
362 1415 436 1475 quae
451 1395 581 1474 pluribus
600 1395 824 1472 polygramrnos.
853 1397 923 1457 libet
937 1396 1037 1457 obiter
1052 1400 1128 1457 vani-

129 1491 219 1544 tatem
231 1482 373 1558 Magicam
392 1480 439 1540 hic
459 1497 575 1558 quoque
589 1497 770 1557 coarguere,
788 1481 917 1557 quonlam
935 1479 1009 1537 lranc
1025 1481 1125 1539 utilem
1135 1499 1159 1539 15
1188 1527 1189 1534 ,

131 1588 200 1629 esse
216 1566 450 1627 contionantibus
466 1563 663 1642 prodiderunt.
694 1561 748 1622 list
767 1571 796 1624 et
811 1560 911 1637 onychi
934 1562 1030 1620 iuncta
1050 1579 1124 1638 quae

130 1656 274 1731 iasponyx
287 1657 407 1708 uocatur
421 1656 451 1706 et
465 1647 570 1706 nubem
589 1646 733 1725 conplexa
745 1656 776 1706 et
795 1647 867 1705 nivis
883 1646 989 1704 imitata
1008 1652 1038 1704 et
1055 1645 1123 1704 stel·

130 1737 189 1796 lata
203 1733 298 1793 rutilis
314 1733 428 1812 punctis
449 1739 479 1790 et
495 1730 547 1789 sali
562 1730 711 1807 Megarico
733 1730 835 1789 similis
852 1738 882 1789 et
898 1727 976 1788 velut
994 1727 1068 1788 luuro
1082 1729 1123 1787 in·

100 1820 111 1827 ”
130 1821 220 1895 iectu,
235 1834 309 1895 quae
320 1817 436 1894 capnias
448 1822 578 1873 vocatur.
602 1813 828 1890 Magnitudinem
839 1811 958 1891 iaspidis
970 1812 1126 1889 quindecim

93 1951 96 1954 .
130 1904 276 1962 unciarum
303 1899 423 1959 vidimus
439 1898 650 1975 .lormatamque
674 1898 740 1957 inde
763 1898 893 1975 effigiem
917 1893 1042 1956 Neronis
1065 1895 1164 1956 tho-ao

131 1994 266 2046 racatam.
384 2035 389 2041 .

90 2081 141 2136 119
199 2065 281 2145 (38.)
299 2065 449 2126 Reddatur
460 2064 493 2124 et
505 2083 559 2143 per
570 2085 603 2125 se
615 2083 723 2141 cyanos
734 2062 951 2146 adcommodato
966 2062 1051 2140 paulo
1065 2070 1131 2122 ante
1165 2109 1168 2115 .

131 2156 161 2206 et
176 2149 279 2224 iaspidi
295 2149 410 2225 nomine
426 2163 442 2202 a
460 2144 561 2202 colore
578 2147 724 2205 caeruleo.
748 2156 863 2224 optuma
886 2146 1038 2222 Scythica,
1064 2147 1135 2206 dein

133 2230 257 2311 Cypria,
279 2239 430 2309 postremo
453 2230 609 2308 Aegyptia.
647 2230 824 2291 adulteratur
845 2246 976 2289 maxume
997 2231 1135 2306 tinctura,

132 2317 219 2393 idque
240 2316 269 2373 ln
286 2313 409 2391 gloriam
428 2332 528 2390 regum
545 2314 675 2391 Aegypti
697 2313 888 2389 adscribitur,
910 2315 1003 2390 etqui
1021 2314 1174 2390 primusm

134 2402 227 2459 tinxit.
256 2396 390 2458 dividitur
405 2406 500 2457 autern
516 2406 546 2456 et
563 2398 636 2457 hacc
649 2398 680 2455 in
697 2399 782 2456 maris
798 2397 984 2472 lemidasque.
1008 2397 1088 2455 inest
1105 2399 1138 2456 ei

131 2482 285 2560 aliquando
318 2488 349 2541 et
375 2498 481 2540 aureus
515 2481 609 2558 puluis
638 2481 729 2558 qualis
759 2481 895 2558 sappiris.
935 2481 965 2539 in
991 2481 1027 2539 iis
1055 2481 1140 2540 enim

133 2585 231 2627 aurum
247 2565 362 2644 punctis
376 2563 523 2624 conlucet.

91 2660 162 2715 120¹
196 2648 279 2728 (39.)
302 2645 463 2708 Caeruleae
484 2655 515 2706 et
534 2648 661 2725 sappiri,
681 2665 834 2724 rarmuque
859 2657 890 2707 ut
911 2666 974 2708 cum
992 2664 1140 2725 purpura,

134 2742 269 2811 optumae
283 2730 358 2809 apud
371 2730 492 2807 Medos,
511 2747 650 2807 nusquam
665 2738 760 2790 tamen
774 2731 949 2808 perlucidae.
976 2739 1143 2808 practerea
1153 2742 1183 2784 ec

134 2816 252 2876 inutiles
268 2815 422 2892 scalpturis
438 2813 697 2873 intervenientibus
716 2814 891 2889 crystallinis
908 2816 1024 2874 centris.
1056 2830 1143 2890 quae

135 2907 201 2960 sunt
216 2917 255 2960 ex
267 2900 303 2968 iis
319 2899 421 2973 cyanei
435 2897 545 2957 coloris
561 2915 657 2956 mares
673 2899 879 2958 existimantur.

93 2993 143 3046 121
197 2980 278 3063 (40.)
299 2981 382 3040 Alius
406 2999 444 3039 err
462 2981 518 3041 hoc
539 2979 610 3041 ordo
633 2982 785 3058 purpureis
809 2980 923 3041 dubitur
941 2989 988 3053 aut
1002 2997 1077 3056 quae
1095 2978 1142 3038 ab

133 3069 170 3126 iis
186 3065 372 3126 descendunt.
394 3059 590 3142 Principatum'
600 3063 753 3139 amethysti
768 3073 868 3124 tenent
885 3064 1017 3137 Indicae,
1034 3060 1143 3121 sedin

137 3149 265 3208 Arabiae
285 3165 401 3225 quoque
418 3157 501 3225 parte
520 3165 593 3224 quae
609 3148 726 3205 linitima
743 3147 845 3223 Syriae
860 3146 948 3207 Petra
962 3153 1083 3204 vocatur
1102 3153 1142 3204 et
1155 3157 1185 3198 ss

134 3232 165 3289 in
180 3231 317 3289 Armenia
331 3232 443 3289 minore
461 3239 492 3289 et
506 3230 645 3308 Aegypto
667 3238 696 3288 et
715 3229 824 3289 Galatia
844 3230 1045 3306 reperiuntur,
1068 3243 1144 3288 sor-

136 3312 301 3371 didissimae
323 3321 418 3371 autem
440 3312 655 3389 vilissimaeque
673 3315 702 3372 in
719 3310 814 3374 Thaso
832 3321 862 3371 et
878 3309 984 3388 Cypro.
1015 3327 1146 3372 causam

135 3395 258 3452 nominis
274 3393 407 3452 adierunt
423 3394 499 3471 quod
514 3413 605 3472 nsque
620 3395 656 3456 ad
669 3396 727 3456 viui
743 3395 874 3455 colorem
890 3393 1032 3454 accedens
1049 3394 1145 3472 prius
