<?xml version="1.0" encoding="UTF-8"?>
<!DOCTYPE html PUBLIC "-//W3C//DTD XHTML 1.0 Transitional//EN"
    "http://www.w3.org/TR/xhtml1/DTD/xhtml1-transitional.dtd">
<html xmlns="http://www.w3.org/1999/xhtml" xml:lang="en" lang="en">
 <head>
  <title>
</title>
<meta http-equiv="Content-Type" content="text/html;charset=utf-8" />
  <meta name='ocr-system' content='tesseract 3.04.00' />
  <meta name='ocr-capabilities' content='ocr_page ocr_carea ocr_par ocr_line ocrx_word'/>
</head>
<body>
  <div class='ocr_page' id='page_1' title='image "./cplinisecundina24plingoog_0622.png"; bbox 0 0 2484 3817; ppageno 0'>
   <div class='ocr_carea' id='block_1_1' title="bbox 184 115 829 204">
    <p class='ocr_par' dir='ltr' id='par_1_1' title="bbox 184 115 829 204">
     <span class='ocr_line' id='line_1_1' title="bbox 184 115 829 204; baseline -0.012 -2"><span class='ocrx_word' id='word_1_1' title='bbox 184 137 244 204; x_wconf 78' lang='lat'><strong>130</strong></span> <span class='ocrx_word' id='word_1_2' title='bbox 524 115 829 202; x_wconf 57' lang='lat' dir='ltr'><strong>cumnsndunm</strong></span> 
     </span>
    </p>
   </div>
   <div class='ocr_carea' id='block_1_2' title="bbox 86 288 1231 3480">
    <p class='ocr_par' dir='ltr' id='par_1_2' title="bbox 86 288 1205 966">
     <span class='ocr_line' id='line_1_2' title="bbox 86 288 1183 381; baseline -0.002 -13"><span class='ocrx_word' id='word_1_3' title='bbox 86 314 90 316; x_wconf 75' lang='grc'>’</span> <span class='ocrx_word' id='word_1_4' title='bbox 184 304 292 368; x_wconf 66' lang='lat' dir='ltr'><strong>&amp;esar</strong></span> <span class='ocrx_word' id='word_1_5' title='bbox 306 303 430 366; x_wconf 87' lang='lat' dir='ltr'><strong>dictator</strong></span> <span class='ocrx_word' id='word_1_6' title='bbox 444 288 613 381; x_wconf 72' lang='lat' dir='ltr'><strong>Pompeium</strong></span> <span class='ocrx_word' id='word_1_7' title='bbox 628 302 710 378; x_wconf 80' lang='lat' dir='ltr'><strong>vicit,</strong></span> <span class='ocrx_word' id='word_1_8' title='bbox 724 301 921 380; x_wconf 82' lang='lat' dir='ltr'><strong>reperiuntur,</strong></span> <span class='ocrx_word' id='word_1_9' title='bbox 936 300 1024 380; x_wconf 81' lang='lat' dir='ltr'><strong>idque</strong></span> <span class='ocrx_word' id='word_1_10' title='bbox 1040 303 1183 380; x_wconf 83' lang='lat' dir='ltr'><strong>quotiens</strong></span> 
     </span>
     <span class='ocr_line' id='line_1_3' title="bbox 140 386 1183 466; baseline -0.001 -17"><span class='ocrx_word' id='word_1_11' title='bbox 140 402 192 456; x_wconf 76' lang='lat'><strong>135</strong></span> <span class='ocrx_word' id='word_1_12' title='bbox 201 389 338 466; x_wconf 75' lang='lat' dir='ltr'><strong>fregeris.</strong></span> <span class='ocrx_word' id='word_1_13' title='bbox 379 386 452 447; x_wconf 91' lang='lat' dir='ltr'><strong>Sunt</strong></span> <span class='ocrx_word' id='word_1_14' title='bbox 479 395 510 447; x_wconf 91' lang='lat' dir='ltr'><strong>et</strong></span> <span class='ocrx_word' id='word_1_15' title='bbox 531 387 607 462; x_wconf 87' lang='lat' dir='ltr'><strong>nigri</strong></span> <span class='ocrx_word' id='word_1_16' title='bbox 630 403 752 464; x_wconf 89' lang='lat' dir='ltr'><strong>quorum</strong></span> <span class='ocrx_word' id='word_1_17' title='bbox 773 387 929 446; x_wconf 86' lang='lat' dir='ltr'><strong>auctoritas</strong></span> <span class='ocrx_word' id='word_1_18' title='bbox 953 387 1085 446; x_wconf 83' lang='lat' dir='ltr'><strong>venitin</strong></span> <span class='ocrx_word' id='word_1_19' title='bbox 1107 405 1183 448; x_wconf 88' lang='lat' dir='ltr'><strong>mar·</strong></span> 
     </span>
     <span class='ocr_line' id='line_1_4' title="bbox 180 468 1182 549; baseline 0 -17"><span class='ocrx_word' id='word_1_20' title='bbox 180 490 273 549; x_wconf 86' lang='lat' dir='ltr'><strong>mora,</strong></span> <span class='ocrx_word' id='word_1_21' title='bbox 284 473 359 533; x_wconf 88' lang='lat' dir='ltr'><strong>sicut</strong></span> <span class='ocrx_word' id='word_1_22' title='bbox 371 470 539 544; x_wconf 77' lang='lat' dir='ltr'><strong>Taenarius.</strong></span> <span class='ocrx_word' id='word_1_23' title='bbox 562 469 657 528; x_wconf 85' lang='lat' dir='ltr'><strong>Varro</strong></span> <span class='ocrx_word' id='word_1_24' title='bbox 669 469 769 546; x_wconf 87' lang='lat' dir='ltr'><strong>nigros</strong></span> <span class='ocrx_word' id='word_1_25' title='bbox 786 487 824 528; x_wconf 84' lang='lat' dir='ltr'><strong>ex</strong></span> <span class='ocrx_word' id='word_1_26' title='bbox 834 468 935 528; x_wconf 80' lang='lat' dir='ltr'><strong>Africa</strong></span> <span class='ocrx_word' id='word_1_27' title='bbox 950 469 1094 530; x_wconf 75' lang='lat' dir='ltr'><strong>firmiores</strong></span> <span class='ocrx_word' id='word_1_28' title='bbox 1111 490 1182 532; x_wconf 86' lang='lat' dir='ltr'><strong>esse</strong></span> 
     </span>
     <span class='ocr_line' id='line_1_5' title="bbox 182 550 1184 634; baseline 0 -18"><span class='ocrx_word' id='word_1_29' title='bbox 182 555 268 618; x_wconf 84' lang='lat' dir='ltr'><strong>tradit</strong></span> <span class='ocrx_word' id='word_1_30' title='bbox 289 573 372 634; x_wconf 88' lang='lat' dir='ltr'><strong>quam</strong></span> <span class='ocrx_word' id='word_1_31' title='bbox 387 557 417 615; x_wconf 93' lang='lat' dir='ltr'><strong>in</strong></span> <span class='ocrx_word' id='word_1_32' title='bbox 429 554 524 630; x_wconf 89' lang='lat' dir='ltr'><strong>ltalia,</strong></span> <span class='ocrx_word' id='word_1_33' title='bbox 539 552 686 614; x_wconf 80' lang='lat' dir='ltr'>ediverso</span> <span class='ocrx_word' id='word_1_34' title='bbox 703 551 786 612; x_wconf 85' lang='lat' dir='ltr'><strong>albos</strong></span> <span class='ocrx_word' id='word_1_35' title='bbox 802 550 935 613; x_wconf 80' lang='lat' dir='ltr'><strong>Coranos</strong></span> <span class='ocrx_word' id='word_1_36' title='bbox 947 551 1082 613; x_wconf 84' lang='lat' dir='ltr'><strong>duriores</strong></span> <span class='ocrx_word' id='word_1_37' title='bbox 1096 572 1184 632; x_wconf 88' lang='lat' dir='ltr'><strong>quam</strong></span> 
     </span>
     <span class='ocr_line' id='line_1_6' title="bbox 180 635 1205 711; baseline -0.006 -9"><span class='ocrx_word' id='word_1_38' title='bbox 180 639 294 702; x_wconf 88' lang='lat' dir='ltr'><strong>Parios.</strong></span> <span class='ocrx_word' id='word_1_39' title='bbox 329 639 406 698; x_wconf 89' lang='lat' dir='ltr'><strong>idem</strong></span> <span class='ocrx_word' id='word_1_40' title='bbox 422 637 597 698; x_wconf 77' lang='lat' dir='ltr'><strong>Luniensem</strong></span> <span class='ocrx_word' id='word_1_41' title='bbox 612 637 726 696; x_wconf 81' lang='lat' dir='ltr'><strong>silicem</strong></span> <span class='ocrx_word' id='word_1_42' title='bbox 747 654 830 696; x_wconf 87' lang='lat' dir='ltr'><strong>serra</strong></span> <span class='ocrx_word' id='word_1_43' title='bbox 853 639 963 711; x_wconf 82' lang='lat' dir='ltr'><strong>secari,</strong></span> <span class='ocrx_word' id='word_1_44' title='bbox 988 635 1205 698; x_wconf 85' lang='lat' dir='ltr'><strong>Tusculanums</strong></span> 
     </span>
     <span class='ocr_line' id='line_1_7' title="bbox 182 719 1183 799; baseline -0.003 -14"><span class='ocrx_word' id='word_1_45' title='bbox 182 723 308 785; x_wconf 81' lang='lat' dir='ltr'><strong>dissilire</strong></span> <span class='ocrx_word' id='word_1_46' title='bbox 331 723 411 799; x_wconf 85' lang='lat' dir='ltr'><strong>igni,</strong></span> <span class='ocrx_word' id='word_1_47' title='bbox 437 720 574 781; x_wconf 85' lang='lat' dir='ltr'><strong>Sabinum</strong></span> <span class='ocrx_word' id='word_1_48' title='bbox 597 719 708 780; x_wconf 80' lang='lat' dir='ltr'><strong>fuscum</strong></span> <span class='ocrx_word' id='word_1_49' title='bbox 735 720 833 782; x_wconf 89' lang='lat' dir='ltr'><strong>addito</strong></span> <span class='ocrx_word' id='word_1_50' title='bbox 857 719 926 780; x_wconf 90' lang='lat' dir='ltr'><strong>oleo</strong></span> <span class='ocrx_word' id='word_1_51' title='bbox 953 721 1040 780; x_wconf 85' lang='lat' dir='ltr'><strong>etiam</strong></span> <span class='ocrx_word' id='word_1_52' title='bbox 1063 720 1183 797; x_wconf 86' lang='lat' dir='ltr'><strong>lucere,</strong></span> 
     </span>
     <span class='ocr_line' id='line_1_8' title="bbox 180 803 1183 882; baseline -0.002 -15"><span class='ocrx_word' id='word_1_53' title='bbox 180 807 257 869; x_wconf 86' lang='lat' dir='ltr'><strong>idem</strong></span> <span class='ocrx_word' id='word_1_54' title='bbox 273 805 365 866; x_wconf 90' lang='lat' dir='ltr'><strong>molas</strong></span> <span class='ocrx_word' id='word_1_55' title='bbox 387 804 535 866; x_wconf 85' lang='lat' dir='ltr'><strong>versatilis</strong></span> <span class='ocrx_word' id='word_1_56' title='bbox 553 803 695 864; x_wconf 86' lang='lat' dir='ltr'><strong>Volsiniis</strong></span> <span class='ocrx_word' id='word_1_57' title='bbox 718 805 868 880; x_wconf 88' lang='lat' dir='ltr'><strong>inventas,</strong></span> <span class='ocrx_word' id='word_1_58' title='bbox 891 803 1001 881; x_wconf 88' lang='lat' dir='ltr'><strong>aliquas</strong></span> <span class='ocrx_word' id='word_1_59' title='bbox 1021 811 1050 864; x_wconf 88' lang='lat' dir='ltr'><strong>et</strong></span> <span class='ocrx_word' id='word_1_60' title='bbox 1071 814 1183 882; x_wconf 88' lang='lat' dir='ltr'><strong>sponte</strong></span> 
     </span>
     <span class='ocr_line' id='line_1_9' title="bbox 181 887 662 966; baseline -0.01 -15"><span class='ocrx_word' id='word_1_61' title='bbox 181 899 274 951; x_wconf 85' lang='lat' dir='ltr'><strong>motas</strong></span> <span class='ocrx_word' id='word_1_62' title='bbox 291 890 452 949; x_wconf 81' lang='lat' dir='ltr'><strong>invenimus</strong></span> <span class='ocrx_word' id='word_1_63' title='bbox 468 891 498 948; x_wconf 92' lang='lat' dir='ltr'><strong>in</strong></span> <span class='ocrx_word' id='word_1_64' title='bbox 511 887 662 966; x_wconf 89' lang='lat' dir='ltr'><strong>prodigiis.</strong></span> 
     </span>
    </p>

    <p class='ocr_par' dir='ltr' id='par_1_3' title="bbox 138 970 1231 1704">
     <span class='ocr_line' id='line_1_10' title="bbox 138 970 1183 1051; baseline -0.004 -15"><span class='ocrx_word' id='word_1_65' title='bbox 138 985 191 1041; x_wconf 79' lang='lat'><strong>136</strong></span> <span class='ocrx_word' id='word_1_66' title='bbox 263 974 346 1051; x_wconf 84' lang='lat'>(30.)</span> <span class='ocrx_word' id='word_1_67' title='bbox 369 971 516 1048; x_wconf 83' lang='lat' dir='ltr'><strong>Nusquam</strong></span> <span class='ocrx_word' id='word_1_68' title='bbox 535 970 583 1030; x_wconf 87' lang='lat' dir='ltr'><strong>lric</strong></span> <span class='ocrx_word' id='word_1_69' title='bbox 603 970 704 1032; x_wconf 86' lang='lat' dir='ltr'><strong>utilior</strong></span> <span class='ocrx_word' id='word_1_70' title='bbox 724 989 808 1050; x_wconf 85' lang='lat' dir='ltr'><strong>quam</strong></span> <span class='ocrx_word' id='word_1_71' title='bbox 823 973 854 1034; x_wconf 90' lang='lat' dir='ltr'><strong>in</strong></span> <span class='ocrx_word' id='word_1_72' title='bbox 866 970 950 1032; x_wconf 88' lang='lat' dir='ltr'><strong>ltalia</strong></span> <span class='ocrx_word' id='word_1_73' title='bbox 969 971 1116 1050; x_wconf 77' lang='lat' dir='ltr'><strong>gignitur,</strong></span> <span class='ocrx_word' id='word_1_74' title='bbox 1141 972 1183 1032; x_wconf 88' lang='lat' dir='ltr'><strong>la-</strong></span> 
     </span>
     <span class='ocr_line' id='line_1_11' title="bbox 183 1049 1231 1138; baseline -0.002 -20"><span class='ocrx_word' id='word_1_75' title='bbox 183 1060 287 1138; x_wconf 87' lang='lat' dir='ltr'><strong>pisque</strong></span> <span class='ocrx_word' id='word_1_76' title='bbox 302 1074 361 1115; x_wconf 94' lang='lat' dir='ltr'><strong>non</strong></span> <span class='ocrx_word' id='word_1_77' title='bbox 378 1073 476 1114; x_wconf 86' lang='lat' dir='ltr'><strong>saxum</strong></span> <span class='ocrx_word' id='word_1_78' title='bbox 489 1061 543 1114; x_wconf 87' lang='lat' dir='ltr'><strong>est.</strong></span> <span class='ocrx_word' id='word_1_79' title='bbox 567 1055 597 1112; x_wconf 91' lang='lat' dir='ltr'><strong>in</strong></span> <span class='ocrx_word' id='word_1_80' title='bbox 611 1054 781 1131; x_wconf 90' lang='lat' dir='ltr'><strong>quibusdam</strong></span> <span class='ocrx_word' id='word_1_81' title='bbox 794 1073 866 1115; x_wconf 79' lang='lat' dir='ltr'><strong>uero</strong></span> <span class='ocrx_word' id='word_1_82' title='bbox 882 1055 1041 1134; x_wconf 85' lang='lat' dir='ltr'><strong>provinciis</strong></span> <span class='ocrx_word' id='word_1_83' title='bbox 1062 1057 1182 1116; x_wconf 90' lang='lat' dir='ltr'><strong>omnino</strong></span> <span class='ocrx_word' id='word_1_84' title='bbox 1194 1076 1214 1116; x_wconf 81' lang='lat' dir='ltr'><strong>to</strong></span> <span class='ocrx_word' id='word_1_85' title='bbox 1230 1049 1231 1074; x_wconf 74' lang='lat'><em>³</em></span> 
     </span>
     <span class='ocr_line' id='line_1_12' title="bbox 180 1135 1184 1216; baseline -0.005 -13"><span class='ocrx_word' id='word_1_86' title='bbox 180 1160 239 1203; x_wconf 91' lang='lat' dir='ltr'><strong>non</strong></span> <span class='ocrx_word' id='word_1_87' title='bbox 256 1139 410 1199; x_wconf 83' lang='lat' dir='ltr'><strong>invenitur.</strong></span> <span class='ocrx_word' id='word_1_88' title='bbox 445 1138 518 1197; x_wconf 82' lang='lat' dir='ltr'><strong>Sunt</strong></span> <span class='ocrx_word' id='word_1_89' title='bbox 540 1135 655 1213; x_wconf 89' lang='lat' dir='ltr'><strong>quidam</strong></span> <span class='ocrx_word' id='word_1_90' title='bbox 674 1139 703 1198; x_wconf 91' lang='lat' dir='ltr'><strong>in</strong></span> <span class='ocrx_word' id='word_1_91' title='bbox 725 1157 762 1198; x_wconf 88' lang='lat' dir='ltr'><strong>co</strong></span> <span class='ocrx_word' id='word_1_92' title='bbox 784 1157 896 1216; x_wconf 85' lang='lat' dir='ltr'><strong>genere</strong></span> <span class='ocrx_word' id='word_1_93' title='bbox 916 1138 1068 1199; x_wconf 87' lang='lat' dir='ltr'><strong>molliores</strong></span> <span class='ocrx_word' id='word_1_94' title='bbox 1082 1141 1133 1216; x_wconf 87' lang='lat' dir='ltr'><strong>qui</strong></span> <span class='ocrx_word' id='word_1_95' title='bbox 1151 1150 1184 1199; x_wconf 88' lang='lat' dir='ltr'><strong>et</strong></span> 
     </span>
     <span class='ocr_line' id='line_1_13' title="bbox 180 1218 1181 1302; baseline -0.007 -17"><span class='ocrx_word' id='word_1_96' title='bbox 180 1234 248 1302; x_wconf 73' lang='lat' dir='ltr'><strong>cote</strong></span> <span class='ocrx_word' id='word_1_97' title='bbox 269 1222 402 1282; x_wconf 84' lang='lat' dir='ltr'><strong>leuantur</strong></span> <span class='ocrx_word' id='word_1_98' title='bbox 422 1229 454 1279; x_wconf 86' lang='lat' dir='ltr'><strong>ut</strong></span> <span class='ocrx_word' id='word_1_99' title='bbox 472 1219 576 1298; x_wconf 92' lang='lat' dir='ltr'><strong>procul</strong></span> <span class='ocrx_word' id='word_1_100' title='bbox 597 1221 777 1282; x_wconf 86' lang='lat' dir='ltr'><strong>intuentibus</strong></span> <span class='ocrx_word' id='word_1_101' title='bbox 818 1220 933 1299; x_wconf 90' lang='lat' dir='ltr'><strong>ophites</strong></span> <span class='ocrx_word' id='word_1_102' title='bbox 956 1218 1049 1276; x_wconf 88' lang='lat' dir='ltr'><strong>videri</strong></span> <span class='ocrx_word' id='word_1_103' title='bbox 1071 1221 1181 1295; x_wconf 90' lang='lat' dir='ltr'><strong>possit,</strong></span> 
     </span>
     <span class='ocr_line' id='line_1_14' title="bbox 180 1303 1182 1385; baseline -0.004 -17"><span class='ocrx_word' id='word_1_104' title='bbox 180 1325 278 1385; x_wconf 88' lang='lat' dir='ltr'><strong>neque</strong></span> <span class='ocrx_word' id='word_1_105' title='bbox 300 1312 347 1365; x_wconf 88' lang='lat' dir='ltr'><strong>est</strong></span> <span class='ocrx_word' id='word_1_106' title='bbox 367 1303 440 1364; x_wconf 88' lang='lat' dir='ltr'><strong>alius</strong></span> <span class='ocrx_word' id='word_1_107' title='bbox 462 1304 590 1380; x_wconf 84' lang='lat' dir='ltr'><strong>tirmior,</strong></span> <span class='ocrx_word' id='word_1_108' title='bbox 613 1304 726 1382; x_wconf 85' lang='lat' dir='ltr'><strong>quando</strong></span> <span class='ocrx_word' id='word_1_109' title='bbox 752 1314 781 1364; x_wconf 90' lang='lat' dir='ltr'><strong>et</strong></span> <span class='ocrx_word' id='word_1_110' title='bbox 801 1304 905 1384; x_wconf 85' lang='lat' dir='ltr'><strong>lapidis</strong></span> <span class='ocrx_word' id='word_1_111' title='bbox 926 1313 1027 1364; x_wconf 87' lang='lat' dir='ltr'><strong>natura</strong></span> <span class='ocrx_word' id='word_1_112' title='bbox 1044 1304 1126 1382; x_wconf 87' lang='lat' dir='ltr'><strong>ligno</strong></span> <span class='ocrx_word' id='word_1_113' title='bbox 1143 1308 1182 1364; x_wconf 90' lang='lat' dir='ltr'><strong>si-</strong></span> 
     </span>
     <span class='ocr_line' id='line_1_15' title="bbox 181 1387 1181 1468; baseline -0.001 -17"><span class='ocrx_word' id='word_1_114' title='bbox 181 1390 290 1451; x_wconf 88' lang='lat' dir='ltr'><strong>militer</strong></span> <span class='ocrx_word' id='word_1_115' title='bbox 310 1388 411 1448; x_wconf 89' lang='lat' dir='ltr'><strong>imbris</strong></span> <span class='ocrx_word' id='word_1_116' title='bbox 430 1387 571 1465; x_wconf 85' lang='lat' dir='ltr'><strong>solesque</strong></span> <span class='ocrx_word' id='word_1_117' title='bbox 591 1396 640 1447; x_wconf 89' lang='lat' dir='ltr'><strong>aut</strong></span> <span class='ocrx_word' id='word_1_118' title='bbox 662 1387 773 1448; x_wconf 82' lang='lat' dir='ltr'><strong>hiemes</strong></span> <span class='ocrx_word' id='word_1_119' title='bbox 796 1406 855 1448; x_wconf 93' lang='lat' dir='ltr'><strong>non</strong></span> <span class='ocrx_word' id='word_1_120' title='bbox 875 1389 984 1468; x_wconf 86' lang='lat' dir='ltr'><strong>patitur</strong></span> <span class='ocrx_word' id='word_1_121' title='bbox 1000 1390 1030 1448; x_wconf 92' lang='lat' dir='ltr'><strong>in</strong></span> <span class='ocrx_word' id='word_1_122' title='bbox 1045 1387 1110 1448; x_wconf 91' lang='lat' dir='ltr'><strong>aliis</strong></span> <span class='ocrx_word' id='word_1_123' title='bbox 1128 1407 1181 1465; x_wconf 87' lang='lat' dir='ltr'><strong>ge·</strong></span> 
     </span>
     <span class='ocr_line' id='line_1_16' title="bbox 180 1470 1211 1550; baseline -0.006 -14"><span class='ocrx_word' id='word_1_124' title='bbox 180 1474 301 1536; x_wconf 88' lang='lat' dir='ltr'><strong>neribus</strong></span> <span class='ocrx_word' id='word_1_125' title='bbox 324 1480 412 1550; x_wconf 81' lang='lat' dir='ltr'><strong>atque</strong></span> <span class='ocrx_word' id='word_1_126' title='bbox 431 1471 508 1532; x_wconf 90' lang='lat' dir='ltr'><strong>aliis.</strong></span> <span class='ocrx_word' id='word_1_127' title='bbox 552 1480 618 1531; x_wconf 89' lang='lat' dir='ltr'><strong>suut</strong></span> <span class='ocrx_word' id='word_1_128' title='bbox 646 1479 676 1530; x_wconf 86' lang='lat' dir='ltr'><strong>et</strong></span> <span class='ocrx_word' id='word_1_129' title='bbox 707 1474 753 1550; x_wconf 84' lang='lat' dir='ltr'><strong>qui</strong></span> <span class='ocrx_word' id='word_1_130' title='bbox 782 1470 877 1538; x_wconf 90' lang='lat' dir='ltr'><strong>lunam</strong></span> <span class='ocrx_word' id='word_1_131' title='bbox 909 1491 968 1533; x_wconf 91' lang='lat' dir='ltr'><strong>non</strong></span> <span class='ocrx_word' id='word_1_132' title='bbox 993 1471 1123 1532; x_wconf 88' lang='lat' dir='ltr'><strong>tolerent</strong></span> <span class='ocrx_word' id='word_1_133' title='bbox 1149 1482 1182 1532; x_wconf 92' lang='lat' dir='ltr'><strong>et</strong></span> <span class='ocrx_word' id='word_1_134' title='bbox 1192 1494 1211 1532; x_wconf 77' lang='grc' dir='ltr'><strong>ιε</strong></span> 
     </span>
     <span class='ocr_line' id='line_1_17' title="bbox 181 1554 1180 1639; baseline -0.001 -20"><span class='ocrx_word' id='word_1_135' title='bbox 181 1562 230 1639; x_wconf 84' lang='lat' dir='ltr'><strong>qui</strong></span> <span class='ocrx_word' id='word_1_136' title='bbox 254 1565 400 1619; x_wconf 85' lang='lat' dir='ltr'><strong>vetustate</strong></span> <span class='ocrx_word' id='word_1_137' title='bbox 421 1556 586 1631; x_wconf 85' lang='lat' dir='ltr'><strong>robiginem</strong></span> <span class='ocrx_word' id='word_1_138' title='bbox 614 1554 728 1616; x_wconf 88' lang='lat' dir='ltr'><strong>trahant</strong></span> <span class='ocrx_word' id='word_1_139' title='bbox 747 1555 916 1618; x_wconf 84' lang='lat' dir='ltr'><strong>coloremve</strong></span> <span class='ocrx_word' id='word_1_140' title='bbox 938 1555 1086 1617; x_wconf 88' lang='lat' dir='ltr'><strong>candidum</strong></span> <span class='ocrx_word' id='word_1_141' title='bbox 1108 1556 1180 1618; x_wconf 86' lang='lat' dir='ltr'><strong>oleo</strong></span> 
     </span>
     <span class='ocr_line' id='line_1_18' title="bbox 180 1650 1231 1704; baseline -0.01 -1"><span class='ocrx_word' id='word_1_142' title='bbox 180 1650 302 1704; x_wconf 87' lang='lat' dir='ltr'><strong>mutent.</strong></span> <span class='ocrx_word' id='word_1_143' title='bbox 1230 1651 1231 1692; x_wconf 80' lang='lat' dir='ltr'><strong>t</strong></span> 
     </span>
    </p>

    <p class='ocr_par' dir='ltr' id='par_1_4' title="bbox 140 1722 1231 2474">
     <span class='ocr_line' id='line_1_19' title="bbox 140 1722 1231 1802; baseline -0.002 -18"><span class='ocrx_word' id='word_1_144' title='bbox 140 1738 189 1794; x_wconf 77' lang='lat'><strong>137</strong></span> <span class='ocrx_word' id='word_1_145' title='bbox 265 1727 313 1788; x_wconf 84' lang='grc'><strong>19.</strong></span> <span class='ocrx_word' id='word_1_146' title='bbox 331 1722 471 1784; x_wconf 83' lang='lat' dir='ltr'><strong>lllolarem</strong></span> <span class='ocrx_word' id='word_1_147' title='bbox 486 1723 599 1801; x_wconf 86' lang='lat' dir='ltr'><strong>quidam</strong></span> <span class='ocrx_word' id='word_1_148' title='bbox 614 1725 731 1802; x_wconf 77' lang='lat' dir='ltr'><strong>pyriten</strong></span> <span class='ocrx_word' id='word_1_149' title='bbox 744 1732 866 1801; x_wconf 83' lang='lat' dir='ltr'><strong>vocant,</strong></span> <span class='ocrx_word' id='word_1_150' title='bbox 881 1725 1014 1802; x_wconf 86' lang='lat' dir='ltr'><strong>quonlam</strong></span> <span class='ocrx_word' id='word_1_151' title='bbox 1029 1722 1179 1802; x_wconf 91' lang='lat' dir='ltr'><strong>plurumus</strong></span> <span class='ocrx_word' id='word_1_152' title='bbox 1230 1725 1231 1756; x_wconf 84' lang='lat'>³</span> 
     </span>
     <span class='ocr_line' id='line_1_20' title="bbox 182 1803 1180 1889; baseline -0.004 -18"><span class='ocrx_word' id='word_1_153' title='bbox 182 1812 221 1872; x_wconf 91' lang='lat' dir='ltr'><strong>sit</strong></span> <span class='ocrx_word' id='word_1_154' title='bbox 233 1811 310 1889; x_wconf 90' lang='lat' dir='ltr'><strong>ignis</strong></span> <span class='ocrx_word' id='word_1_155' title='bbox 325 1807 380 1883; x_wconf 93' lang='lat' dir='ltr'><strong>illi,</strong></span> <span class='ocrx_word' id='word_1_156' title='bbox 395 1805 447 1866; x_wconf 93' lang='lat' dir='ltr'><strong>sed</strong></span> <span class='ocrx_word' id='word_1_157' title='bbox 463 1803 509 1866; x_wconf 83' lang='lat' dir='ltr'><strong>est</strong></span> <span class='ocrx_word' id='word_1_158' title='bbox 523 1807 596 1867; x_wconf 92' lang='lat' dir='ltr'><strong>alius</strong></span> <span class='ocrx_word' id='word_1_159' title='bbox 608 1809 807 1886; x_wconf 89' lang='lat' dir='ltr'><strong>spongeosior</strong></span> <span class='ocrx_word' id='word_1_160' title='bbox 822 1815 929 1868; x_wconf 89' lang='lat' dir='ltr'><strong>tautum</strong></span> <span class='ocrx_word' id='word_1_161' title='bbox 943 1817 974 1868; x_wconf 88' lang='lat' dir='ltr'><strong>et</strong></span> <span class='ocrx_word' id='word_1_162' title='bbox 989 1807 1061 1868; x_wconf 91' lang='lat' dir='ltr'><strong>alius</strong></span> <span class='ocrx_word' id='word_1_163' title='bbox 1079 1809 1180 1867; x_wconf 90' lang='lat' dir='ltr'><strong>etiam-</strong></span> 
     </span>
     <span class='ocr_line' id='line_1_21' title="bbox 181 1889 1213 1972; baseline -0.005 -16"><span class='ocrx_word' id='word_1_164' title='bbox 181 1913 248 1956; x_wconf 91' lang='lat' dir='ltr'><strong>num</strong></span> <span class='ocrx_word' id='word_1_165' title='bbox 263 1894 376 1972; x_wconf 72' lang='lat' dir='ltr'><strong>pprites</strong></span> <span class='ocrx_word' id='word_1_166' title='bbox 392 1889 578 1952; x_wconf 89' lang='lat' dir='ltr'><strong>similitudine</strong></span> <span class='ocrx_word' id='word_1_167' title='bbox 593 1893 680 1951; x_wconf 91' lang='lat' dir='ltr'><strong>aeris.</strong></span> <span class='ocrx_word' id='word_1_168' title='bbox 705 1893 735 1950; x_wconf 90' lang='lat' dir='ltr'><strong>iu</strong></span> <span class='ocrx_word' id='word_1_169' title='bbox 748 1889 845 1971; x_wconf 82' lang='lat' dir='ltr'><strong>Cypro</strong></span> <span class='ocrx_word' id='word_1_170' title='bbox 862 1909 926 1950; x_wconf 88' lang='lat' dir='ltr'><strong>cum</strong></span> <span class='ocrx_word' id='word_1_171' title='bbox 937 1891 1061 1970; x_wconf 86' lang='lat' dir='ltr'><strong>reperiri</strong></span> <span class='ocrx_word' id='word_1_172' title='bbox 1076 1891 1213 1952; x_wconf 76' lang='lat' dir='ltr'><strong>voluntat</strong></span> 
     </span>
     <span class='ocr_line' id='line_1_22' title="bbox 181 1974 1179 2052; baseline -0.003 -14"><span class='ocrx_word' id='word_1_173' title='bbox 181 1977 306 2038; x_wconf 83' lang='lat' dir='ltr'><strong>metallis</strong></span> <span class='ocrx_word' id='word_1_174' title='bbox 333 1991 407 2052; x_wconf 88' lang='lat' dir='ltr'><strong>quae</strong></span> <span class='ocrx_word' id='word_1_175' title='bbox 432 1982 498 2032; x_wconf 91' lang='lat' dir='ltr'><strong>sunt</strong></span> <span class='ocrx_word' id='word_1_176' title='bbox 523 1976 600 2035; x_wconf 88' lang='lat' dir='ltr'><strong>circa</strong></span> <span class='ocrx_word' id='word_1_177' title='bbox 614 1974 787 2051; x_wconf 80' lang='lat' dir='ltr'><strong>Acamanta,</strong></span> <span class='ocrx_word' id='word_1_178' title='bbox 808 1993 893 2034; x_wconf 92' lang='lat' dir='ltr'><strong>unum</strong></span> <span class='ocrx_word' id='word_1_179' title='bbox 908 1984 1049 2052; x_wconf 84' lang='lat' dir='ltr'><strong>argenteo</strong></span> <span class='ocrx_word' id='word_1_180' title='bbox 1063 1975 1179 2052; x_wconf 89' lang='lat' dir='ltr'><strong>colore,</strong></span> 
     </span>
     <span class='ocr_line' id='line_1_23' title="bbox 182 2058 1178 2136; baseline -0.006 -14"><span class='ocrx_word' id='word_1_181' title='bbox 182 2062 305 2122; x_wconf 89' lang='lat' dir='ltr'><strong>alterum</strong></span> <span class='ocrx_word' id='word_1_182' title='bbox 325 2075 424 2119; x_wconf 88' lang='lat' dir='ltr'><strong>aureo.</strong></span> <span class='ocrx_word' id='word_1_183' title='bbox 455 2068 596 2120; x_wconf 84' lang='lat' dir='ltr'><strong>cocuntur</strong></span> <span class='ocrx_word' id='word_1_184' title='bbox 615 2059 715 2134; x_wconf 81' lang='lat' dir='ltr'><strong>varie,</strong></span> <span class='ocrx_word' id='word_1_185' title='bbox 736 2058 772 2118; x_wconf 88' lang='lat' dir='ltr'><strong>ab</strong></span> <span class='ocrx_word' id='word_1_186' title='bbox 793 2058 857 2118; x_wconf 89' lang='lat' dir='ltr'><strong>aliis</strong></span> <span class='ocrx_word' id='word_1_187' title='bbox 878 2059 983 2119; x_wconf 84' lang='lat' dir='ltr'><strong>iterum</strong></span> <span class='ocrx_word' id='word_1_188' title='bbox 1002 2060 1178 2136; x_wconf 84' lang='lat' dir='ltr'><strong>tertiumque</strong></span> 
     </span>
     <span class='ocr_line' id='line_1_24' title="bbox 182 2140 1178 2221; baseline -0.002 -17"><span class='ocrx_word' id='word_1_189' title='bbox 182 2147 212 2216; x_wconf 87' lang='lat' dir='ltr'><strong>ip</strong></span> <span class='ocrx_word' id='word_1_190' title='bbox 230 2143 335 2221; x_wconf 90' lang='lat' dir='ltr'><strong>melle,</strong></span> <span class='ocrx_word' id='word_1_191' title='bbox 358 2140 454 2202; x_wconf 88' lang='lat' dir='ltr'><strong>donee</strong></span> <span class='ocrx_word' id='word_1_192' title='bbox 477 2150 661 2202; x_wconf 83' lang='lat' dir='ltr'><strong>consumatur</strong></span> <span class='ocrx_word' id='word_1_193' title='bbox 686 2142 800 2219; x_wconf 89' lang='lat' dir='ltr'><strong>liquor,</strong></span> <span class='ocrx_word' id='word_1_194' title='bbox 825 2142 861 2202; x_wconf 89' lang='lat' dir='ltr'><strong>ab</strong></span> <span class='ocrx_word' id='word_1_195' title='bbox 881 2141 946 2201; x_wconf 90' lang='lat' dir='ltr'><strong>aliis</strong></span> <span class='ocrx_word' id='word_1_196' title='bbox 973 2160 1070 2220; x_wconf 85' lang='lat' dir='ltr'><strong>pruna.</strong></span> <span class='ocrx_word' id='word_1_197' title='bbox 1085 2143 1178 2220; x_wconf 84' lang='lat' dir='ltr'><strong>prius,</strong></span> 
     </span>
     <span class='ocr_line' id='line_1_25' title="bbox 181 2225 1179 2304; baseline -0.001 -17"><span class='ocrx_word' id='word_1_198' title='bbox 181 2228 249 2288; x_wconf 91' lang='lat' dir='ltr'><strong>dein</strong></span> <span class='ocrx_word' id='word_1_199' title='bbox 261 2227 294 2287; x_wconf 83' lang='lat' dir='ltr'><strong>io</strong></span> <span class='ocrx_word' id='word_1_200' title='bbox 310 2225 415 2304; x_wconf 83' lang='lat' dir='ltr'><strong>melle,</strong></span> <span class='ocrx_word' id='word_1_201' title='bbox 430 2243 464 2286; x_wconf 92' lang='lat' dir='ltr'><strong>ac</strong></span> <span class='ocrx_word' id='word_1_202' title='bbox 477 2234 582 2304; x_wconf 90' lang='lat' dir='ltr'><strong>postea</strong></span> <span class='ocrx_word' id='word_1_203' title='bbox 596 2225 728 2286; x_wconf 87' lang='lat' dir='ltr'><strong>lavantur</strong></span> <span class='ocrx_word' id='word_1_204' title='bbox 736 2235 773 2285; x_wconf 89' lang='lat' dir='ltr'><strong>ut</strong></span> <span class='ocrx_word' id='word_1_205' title='bbox 786 2244 847 2286; x_wconf 92' lang='lat' dir='ltr'><strong>aes.</strong></span> <span class='ocrx_word' id='word_1_206' title='bbox 874 2245 943 2286; x_wconf 89' lang='lat' dir='ltr'><strong>usus</strong></span> <span class='ocrx_word' id='word_1_207' title='bbox 960 2243 1061 2286; x_wconf 90' lang='lat' dir='ltr'><strong>eorum</strong></span> <span class='ocrx_word' id='word_1_208' title='bbox 1075 2227 1105 2286; x_wconf 92' lang='lat' dir='ltr'><strong>iu</strong></span> <span class='ocrx_word' id='word_1_209' title='bbox 1119 2245 1179 2286; x_wconf 88' lang='lat' dir='ltr'><strong>mc·</strong></span> 
     </span>
     <span class='ocr_line' id='line_1_26' title="bbox 183 2308 1209 2387; baseline 0.003 -16"><span class='ocrx_word' id='word_1_210' title='bbox 183 2311 277 2372; x_wconf 87' lang='lat' dir='ltr'><strong>dicina</strong></span> <span class='ocrx_word' id='word_1_211' title='bbox 297 2309 494 2387; x_wconf 81' lang='lat' dir='ltr'><strong>excalfacere,</strong></span> <span class='ocrx_word' id='word_1_212' title='bbox 516 2310 645 2385; x_wconf 86' lang='lat' dir='ltr'><strong>siccare,</strong></span> <span class='ocrx_word' id='word_1_213' title='bbox 672 2309 837 2387; x_wconf 86' lang='lat' dir='ltr'><strong>discutere,</strong></span> <span class='ocrx_word' id='word_1_214' title='bbox 856 2317 1034 2387; x_wconf 86' lang='lat' dir='ltr'><strong>extenuare,</strong></span> <span class='ocrx_word' id='word_1_215' title='bbox 1056 2308 1209 2374; x_wconf 75' lang='lat' dir='ltr'><strong>duritiasas</strong></span> 
     </span>
     <span class='ocr_line' id='line_1_27' title="bbox 181 2393 1177 2474; baseline 0.001 -20"><span class='ocrx_word' id='word_1_216' title='bbox 181 2397 278 2473; x_wconf 89' lang='lat' dir='ltr'><strong>iupus</strong></span> <span class='ocrx_word' id='word_1_217' title='bbox 294 2401 421 2454; x_wconf 85' lang='lat' dir='ltr'><strong>vertere.</strong></span> <span class='ocrx_word' id='word_1_218' title='bbox 449 2401 567 2454; x_wconf 87' lang='lat' dir='ltr'><strong>utuntur</strong></span> <span class='ocrx_word' id='word_1_219' title='bbox 578 2401 609 2452; x_wconf 87' lang='lat' dir='ltr'><strong>et</strong></span> <span class='ocrx_word' id='word_1_220' title='bbox 623 2393 719 2454; x_wconf 90' lang='lat' dir='ltr'><strong>crudis</strong></span> <span class='ocrx_word' id='word_1_221' title='bbox 735 2396 884 2471; x_wconf 85' lang='lat' dir='ltr'><strong>tunsisque</strong></span> <span class='ocrx_word' id='word_1_222' title='bbox 900 2394 935 2454; x_wconf 92' lang='lat' dir='ltr'><strong>ad</strong></span> <span class='ocrx_word' id='word_1_223' title='bbox 953 2402 1075 2454; x_wconf 87' lang='lat' dir='ltr'><strong>strumas</strong></span> <span class='ocrx_word' id='word_1_224' title='bbox 1089 2403 1177 2474; x_wconf 87' lang='lat' dir='ltr'><strong>atque</strong></span> 
     </span>
    </p>

    <p class='ocr_par' dir='ltr' id='par_1_5' title="bbox 140 2477 1231 2812">
     <span class='ocr_line' id='line_1_28' title="bbox 140 2477 1176 2555; baseline 0.001 -17"><span class='ocrx_word' id='word_1_225' title='bbox 140 2489 192 2544; x_wconf 80' lang='lat'><strong>138</strong></span> <span class='ocrx_word' id='word_1_226' title='bbox 202 2477 378 2540; x_wconf 81' lang='lat' dir='ltr'><strong>furunculos.</strong></span> <span class='ocrx_word' id='word_1_227' title='bbox 408 2477 569 2553; x_wconf 75' lang='lat' dir='ltr'><strong>Pyritarum</strong></span> <span class='ocrx_word' id='word_1_228' title='bbox 584 2478 737 2537; x_wconf 85' lang='lat' dir='ltr'><strong>etiamnum</strong></span> <span class='ocrx_word' id='word_1_229' title='bbox 748 2495 833 2537; x_wconf 91' lang='lat' dir='ltr'><strong>unum</strong></span> <span class='ocrx_word' id='word_1_230' title='bbox 847 2495 940 2553; x_wconf 85' lang='lat' dir='ltr'><strong>genus</strong></span> <span class='ocrx_word' id='word_1_231' title='bbox 955 2477 1044 2555; x_wconf 88' lang='lat' dir='ltr'><strong>aliqui</strong></span> <span class='ocrx_word' id='word_1_232' title='bbox 1058 2479 1176 2555; x_wconf 85' lang='lat' dir='ltr'><strong>faciunt,</strong></span> 
     </span>
     <span class='ocr_line' id='line_1_29' title="bbox 183 2560 1176 2642; baseline 0.003 -22"><span class='ocrx_word' id='word_1_233' title='bbox 183 2561 440 2642; x_wconf 87' lang='lat' dir='ltr'><strong>plurumumignis</strong></span> <span class='ocrx_word' id='word_1_234' title='bbox 460 2560 569 2620; x_wconf 88' lang='lat' dir='ltr'><strong>habeut</strong></span> <span class='ocrx_word' id='word_1_235' title='bbox 586 2561 605 2619; x_wconf 92' lang='lat' dir='ltr'><strong>ii</strong></span> <span class='ocrx_word' id='word_1_236' title='bbox 627 2578 700 2638; x_wconf 90' lang='lat' dir='ltr'><strong>quos</strong></span> <span class='ocrx_word' id='word_1_237' title='bbox 716 2563 799 2624; x_wconf 87' lang='lat' dir='ltr'><strong>vivos</strong></span> <span class='ocrx_word' id='word_1_238' title='bbox 815 2560 1011 2639; x_wconf 88' lang='lat' dir='ltr'><strong>appellamus,</strong></span> <span class='ocrx_word' id='word_1_239' title='bbox 1030 2562 1176 2638; x_wconf 91' lang='lat' dir='ltr'><strong>pondero·</strong></span> 
     </span>
     <span class='ocr_line' id='line_1_30' title="bbox 183 2643 1231 2722; baseline -0.006 -14"><span class='ocrx_word' id='word_1_240' title='bbox 183 2646 290 2708; x_wconf 88' lang='lat' dir='ltr'><strong>sissimi</strong></span> <span class='ocrx_word' id='word_1_241' title='bbox 310 2655 375 2706; x_wconf 90' lang='lat' dir='ltr'><strong>sunt</strong></span> <span class='ocrx_word' id='word_1_242' title='bbox 394 2646 433 2721; x_wconf 91' lang='lat' dir='ltr'><strong>ii,</strong></span> <span class='ocrx_word' id='word_1_243' title='bbox 455 2643 692 2722; x_wconf 86' lang='lat' dir='ltr'><strong>exploratoribus</strong></span> <span class='ocrx_word' id='word_1_244' title='bbox 708 2652 869 2704; x_wconf 84' lang='lat' dir='ltr'><strong>castrorum</strong></span> <span class='ocrx_word' id='word_1_245' title='bbox 890 2663 1020 2705; x_wconf 87' lang='lat' dir='ltr'><strong>maxume</strong></span> <span class='ocrx_word' id='word_1_246' title='bbox 1039 2651 1174 2706; x_wconf 86' lang='lat' dir='ltr'><strong>neeessa-</strong></span> <span class='ocrx_word' id='word_1_247' title='bbox 1230 2643 1231 2702; x_wconf 68' lang='lat' dir='ltr'>i</span> 
     </span>
     <span class='ocr_line' id='line_1_31' title="bbox 183 2717 1231 2812; baseline -0.004 -22"><span class='ocrx_word' id='word_1_248' title='bbox 183 2731 238 2805; x_wconf 92' lang='lat' dir='ltr'><strong>rii,</strong></span> <span class='ocrx_word' id='word_1_249' title='bbox 264 2731 312 2808; x_wconf 90' lang='lat' dir='ltr'><strong>qui</strong></span> <span class='ocrx_word' id='word_1_250' title='bbox 334 2730 417 2790; x_wconf 88' lang='lat' dir='ltr'><strong>olavo</strong></span> <span class='ocrx_word' id='word_1_251' title='bbox 440 2726 489 2787; x_wconf 87' lang='lat' dir='ltr'><strong>vel</strong></span> <span class='ocrx_word' id='word_1_252' title='bbox 511 2727 604 2788; x_wconf 89' lang='lat' dir='ltr'><strong>altero</strong></span> <span class='ocrx_word' id='word_1_253' title='bbox 627 2717 722 2806; x_wconf 76' lang='lat' dir='ltr'><strong>lapide</strong></span> <span class='ocrx_word' id='word_1_254' title='bbox 746 2729 878 2806; x_wconf 92' lang='lat' dir='ltr'><strong>percussi</strong></span> <span class='ocrx_word' id='word_1_255' title='bbox 899 2726 1052 2788; x_wconf 90' lang='lat' dir='ltr'><strong>scintillam</strong></span> <span class='ocrx_word' id='word_1_256' title='bbox 1077 2730 1203 2807; x_wconf 64' lang='lat' dir='ltr'><strong>edunto</strong></span> <span class='ocrx_word' id='word_1_257' title='bbox 1230 2733 1231 2812; x_wconf 38' lang='grc' dir='ltr'>ξ</span> 
     </span>
    </p>

    <p class='ocr_par' dir='ltr' id='par_1_6' title="bbox 106 2810 1231 2975">
     <span class='ocr_line' id='line_1_32' title="bbox 106 2810 1231 2892; baseline 0.002 -20"><span class='ocrx_word' id='word_1_258' title='bbox 106 2844 108 2849; x_wconf 84' lang='grc'><em>·</em></span> <span class='ocrx_word' id='word_1_259' title='bbox 183 2830 258 2892; x_wconf 88' lang='lat' dir='ltr'><strong>quae</strong></span> <span class='ocrx_word' id='word_1_260' title='bbox 269 2822 392 2891; x_wconf 87' lang='lat' dir='ltr'><strong>excepta</strong></span> <span class='ocrx_word' id='word_1_261' title='bbox 404 2811 522 2890; x_wconf 90' lang='lat' dir='ltr'><strong>sulpure</strong></span> <span class='ocrx_word' id='word_1_262' title='bbox 533 2821 582 2871; x_wconf 91' lang='lat' dir='ltr'><strong>aut</strong></span> <span class='ocrx_word' id='word_1_263' title='bbox 593 2813 688 2888; x_wconf 84' lang='lat' dir='ltr'><strong>iungis</strong></span> <span class='ocrx_word' id='word_1_264' title='bbox 701 2811 787 2871; x_wconf 89' lang='lat' dir='ltr'><strong>aridis</strong></span> <span class='ocrx_word' id='word_1_265' title='bbox 800 2811 848 2872; x_wconf 89' lang='lat' dir='ltr'><strong>vel</strong></span> <span class='ocrx_word' id='word_1_266' title='bbox 859 2811 938 2871; x_wconf 89' lang='lat' dir='ltr'><strong>iuliis</strong></span> <span class='ocrx_word' id='word_1_267' title='bbox 954 2810 1031 2871; x_wconf 90' lang='lat' dir='ltr'><strong>dicto</strong></span> <span class='ocrx_word' id='word_1_268' title='bbox 1047 2812 1174 2874; x_wconf 89' lang='lat' dir='ltr'><strong>celerius</strong></span> <span class='ocrx_word' id='word_1_269' title='bbox 1230 2815 1231 2874; x_wconf 90' lang='lat' dir='ltr'><strong>l</strong></span> 
     </span>
     <span class='ocr_line' id='line_1_33' title="bbox 184 2897 427 2975; baseline -0.008 -18"><span class='ocrx_word' id='word_1_270' title='bbox 184 2897 306 2975; x_wconf 87' lang='lat' dir='ltr'><strong>praebet</strong></span> <span class='ocrx_word' id='word_1_271' title='bbox 321 2899 427 2974; x_wconf 87' lang='lat' dir='ltr'><strong>ignem.</strong></span> 
     </span>
    </p>

    <p class='ocr_par' dir='ltr' id='par_1_7' title="bbox 142 2974 1231 3392">
     <span class='ocr_line' id='line_1_34' title="bbox 142 2974 1176 3058; baseline -0.008 -12"><span class='ocrx_word' id='word_1_272' title='bbox 142 2991 192 3046; x_wconf 75' lang='lat'><strong>139</strong></span> <span class='ocrx_word' id='word_1_273' title='bbox 265 2981 347 3058; x_wconf 88' lang='grc'>(31.)</span> <span class='ocrx_word' id='word_1_274' title='bbox 359 2974 520 3040; x_wconf 86' lang='lat' dir='ltr'><strong>Ostracitue</strong></span> <span class='ocrx_word' id='word_1_275' title='bbox 531 2977 743 3044; x_wconf 89' lang='lat' dir='ltr'><strong>similitudinem</strong></span> <span class='ocrx_word' id='word_1_276' title='bbox 754 2985 848 3039; x_wconf 86' lang='lat' dir='ltr'><strong>testae</strong></span> <span class='ocrx_word' id='word_1_277' title='bbox 858 2979 975 3039; x_wconf 86' lang='lat' dir='ltr'><strong>habent.</strong></span> <span class='ocrx_word' id='word_1_278' title='bbox 993 2997 1062 3038; x_wconf 91' lang='lat' dir='ltr'><strong>usus</strong></span> <span class='ocrx_word' id='word_1_279' title='bbox 1075 2996 1176 3039; x_wconf 88' lang='lat' dir='ltr'><strong>eorum</strong></span> 
     </span>
     <span class='ocr_line' id='line_1_35' title="bbox 184 3061 1176 3145; baseline -0.004 -21"><span class='ocrx_word' id='word_1_280' title='bbox 184 3062 372 3145; x_wconf 23' lang='lat' dir='ltr'><strong>proxpumice</strong></span> <span class='ocrx_word' id='word_1_281' title='bbox 393 3061 428 3122; x_wconf 91' lang='lat' dir='ltr'><strong>ad</strong></span> <span class='ocrx_word' id='word_1_282' title='bbox 450 3062 597 3123; x_wconf 83' lang='lat' dir='ltr'><strong>levandam</strong></span> <span class='ocrx_word' id='word_1_283' title='bbox 613 3069 716 3122; x_wconf 91' lang='lat' dir='ltr'><strong>cutem.</strong></span> <span class='ocrx_word' id='word_1_284' title='bbox 751 3062 813 3140; x_wconf 93' lang='lat' dir='ltr'><strong>poti</strong></span> <span class='ocrx_word' id='word_1_285' title='bbox 830 3064 997 3140; x_wconf 83' lang='lat' dir='ltr'><strong>sanguinem</strong></span> <span class='ocrx_word' id='word_1_286' title='bbox 1019 3063 1128 3122; x_wconf 90' lang='lat' dir='ltr'><strong>sistunt</strong></span> <span class='ocrx_word' id='word_1_287' title='bbox 1148 3071 1176 3123; x_wconf 86' lang='lat' dir='ltr'><strong>et</strong></span> 
     </span>
     <span class='ocr_line' id='line_1_36' title="bbox 184 3144 1231 3224; baseline -0.007 -17"><span class='ocrx_word' id='word_1_288' title='bbox 184 3148 265 3207; x_wconf 90' lang='lat' dir='ltr'><strong>inlita</strong></span> <span class='ocrx_word' id='word_1_289' title='bbox 276 3163 338 3205; x_wconf 93' lang='lat' dir='ltr'><strong>cum</strong></span> <span class='ocrx_word' id='word_1_290' title='bbox 348 3144 435 3218; x_wconf 88' lang='lat' dir='ltr'><strong>melle</strong></span> <span class='ocrx_word' id='word_1_291' title='bbox 450 3145 548 3206; x_wconf 89' lang='lat' dir='ltr'><strong>ulcera</strong></span> <span class='ocrx_word' id='word_1_292' title='bbox 559 3145 736 3224; x_wconf 85' lang='lat' dir='ltr'><strong>doloresque</strong></span> <span class='ocrx_word' id='word_1_293' title='bbox 743 3163 922 3206; x_wconf 85' lang='lat' dir='ltr'><strong>mammarum</strong></span> <span class='ocrx_word' id='word_1_294' title='bbox 933 3153 1043 3206; x_wconf 89' lang='lat' dir='ltr'><strong>sanant.</strong></span> <span class='ocrx_word' id='word_1_295' title='bbox 1059 3144 1209 3206; x_wconf 76' lang='lat' dir='ltr'><strong>Antan-s</strong></span> <span class='ocrx_word' id='word_1_296' title='bbox 1230 3191 1231 3201; x_wconf 71' lang='grc'>,</span> 
     </span>
     <span class='ocr_line' id='line_1_37' title="bbox 184 3228 1177 3308; baseline 0.002 -20"><span class='ocrx_word' id='word_1_297' title='bbox 184 3237 233 3289; x_wconf 89' lang='lat' dir='ltr'><strong>tus</strong></span> <span class='ocrx_word' id='word_1_298' title='bbox 248 3228 362 3288; x_wconf 89' lang='lat' dir='ltr'><strong>alumini</strong></span> <span class='ocrx_word' id='word_1_299' title='bbox 377 3228 478 3289; x_wconf 91' lang='lat' dir='ltr'><strong>similis</strong></span> <span class='ocrx_word' id='word_1_300' title='bbox 493 3230 563 3290; x_wconf 86' lang='lat' dir='ltr'><strong>niluil</strong></span> <span class='ocrx_word' id='word_1_301' title='bbox 578 3231 637 3307; x_wconf 90' lang='lat' dir='ltr'><strong>igni</strong></span> <span class='ocrx_word' id='word_1_302' title='bbox 653 3229 795 3308; x_wconf 87' lang='lat' dir='ltr'><strong>deperdit.</strong></span> <span class='ocrx_word' id='word_1_303' title='bbox 830 3229 877 3289; x_wconf 88' lang='lat' dir='ltr'><strong>hic</strong></span> <span class='ocrx_word' id='word_1_304' title='bbox 893 3230 1042 3293; x_wconf 83' lang='lat' dir='ltr'><strong>venaliciis</strong></span> <span class='ocrx_word' id='word_1_305' title='bbox 1060 3232 1177 3291; x_wconf 85' lang='lat' dir='ltr'><strong>resistit</strong></span> 
     </span>
     <span class='ocr_line' id='line_1_38' title="bbox 185 3312 646 3392; baseline 0.009 -21"><span class='ocrx_word' id='word_1_306' title='bbox 185 3312 331 3388; x_wconf 88' lang='lat' dir='ltr'><strong>omnibus,</strong></span> <span class='ocrx_word' id='word_1_307' title='bbox 346 3315 477 3392; x_wconf 87' lang='lat' dir='ltr'><strong>privatim</strong></span> <span class='ocrx_word' id='word_1_308' title='bbox 490 3312 646 3390; x_wconf 82' lang='lat' dir='ltr'><strong>Magorum.</strong></span> 
     </span>
    </p>

    <p class='ocr_par' dir='ltr' id='par_1_8' title="bbox 124 3393 1231 3480">
     <span class='ocr_line' id='line_1_39' title="bbox 124 3393 1231 3480; baseline 0.001 -21"><span class='ocrx_word' id='word_1_309' title='bbox 124 3398 195 3459; x_wconf 77' lang='lat' dir='ltr'><strong>&#39;lto</strong></span> <span class='ocrx_word' id='word_1_310' title='bbox 264 3394 344 3475; x_wconf 79' lang='lat'>(32.)</span> <span class='ocrx_word' id='word_1_311' title='bbox 371 3393 489 3456; x_wconf 87' lang='lat' dir='ltr'><strong>Geoden</strong></span> <span class='ocrx_word' id='word_1_312' title='bbox 509 3416 548 3458; x_wconf 85' lang='lat' dir='ltr'><strong>ex</strong></span> <span class='ocrx_word' id='word_1_313' title='bbox 568 3407 739 3476; x_wconf 88' lang='lat' dir='ltr'><strong>argumento</strong></span> <span class='ocrx_word' id='word_1_314' title='bbox 762 3397 927 3480; x_wconf 83' lang='lat' dir='ltr'><strong>appellant,</strong></span> <span class='ocrx_word' id='word_1_315' title='bbox 948 3398 1085 3478; x_wconf 87' lang='lat' dir='ltr'><strong>quoniam</strong></span> <span class='ocrx_word' id='word_1_316' title='bbox 1107 3417 1178 3462; x_wconf 89' lang='lat' dir='ltr'><strong>con·</strong></span> <span class='ocrx_word' id='word_1_317' title='bbox 1230 3393 1231 3478; x_wconf 70' lang='lat' dir='ltr'><strong>l</strong></span> 
     </span>
    </p>
   </div>
   <div class='ocr_carea' id='block_1_3' title="bbox 0 0 1247 3817">
    <p class='ocr_par' dir='ltr' id='par_1_9' title="bbox 0 0 1247 3817">
     <span class='ocr_line' id='line_1_40' title="bbox 0 0 1247 3817; baseline 0 0"><span class='ocrx_word' id='word_1_318' title='bbox 0 0 1247 3817; x_wconf 95' lang='lat' dir='ltr'><strong> </strong></span> 
     </span>
    </p>
   </div>
  </div>
 </body>
</html>
