2484 3817
145 176 185 237 36
488 183 516 231 c.
533 184 629 233 eninr
645 184 794 234 secunus

145 340 301 419 placuisse.
337 338 514 415 Syracusana
530 346 595 397 sunt
609 338 639 396 in
655 335 785 396 Pantheo
799 338 892 415 capita
910 336 1103 398 columnarum
1118 358 1135 400 a

145 423 182 483 hl.
199 424 329 501 Agrippa
353 424 463 499 posita,
487 423 555 499 quin
579 423 664 480 etiarn
686 422 797 499 privata
819 419 967 498 opulentia
989 438 1027 480 eu
1048 422 1134 483 modo

146 515 282 586 usurpata
306 514 360 565 est.
401 502 521 564 Camillo
547 506 625 564 inter
645 504 761 563 crimina
784 502 894 563 obiecit
916 503 966 581 Sp,
992 501 1135 565 Carvilius

149 598 286 668 quaestor
304 589 381 667 quod
396 597 492 648 aerata
509 589 584 647 ostia
601 586 723 646 haberet
737 589 766 646 in
783 586 878 646 domo.

104 684 139 738 14
211 673 270 750 (8.)
291 672 363 732 Nam
382 671 506 731 triclinia
526 678 635 731 aerata
648 669 810 747 abacosque
832 679 862 729 et
885 670 1060 749 monopodia
1080 670 1157 733 Gne

146 756 279 817 Manlium
298 755 369 815 Asia
389 755 502 815 devicta
524 755 643 831 primum
659 755 808 814 invexisse
822 752 966 831 triumpho
982 771 1035 813 suo
1050 772 1135 832 quem

146 839 226 900 duxit
240 856 313 899 anno
329 839 409 898 urbis
426 835 568 896 DLXllll.
585 834 615 894 b.
633 834 701 896 Piso
717 846 819 896 auctor
830 843 892 912 est,
906 837 1008 895 Antias
1021 837 1136 915 quidem

144 922 268 983 heredes
289 921 321 983 b.
339 920 436 980 Crassi
459 921 584 978 oratoris
602 919 689 978 multa
712 922 798 979 etiarn
812 918 935 980 triclinia
952 928 1050 979 aerata
1066 938 1135 981 veu-

145 1006 262 1067 didisse.
292 1004 338 1064 En
354 1023 423 1064 aere
435 1003 606 1062 factitavere
623 1010 654 1062 et
670 1004 796 1062 cortinas
811 1004 954 1081 tripodum
970 1005 1086 1064 nomine
1101 1022 1135 1065 ac

144 1088 316 1167 Delphicas,
338 1086 415 1164 quod
430 1103 483 1145 eae
503 1103 633 1145 maxume
648 1086 778 1184 Apollini
798 1086 941 1165 Delphico
956 1087 1130 1159 dicabantur.
1146 1112 1169 1154 m

144 1172 282 1250 placuere
298 1178 328 1229 et
343 1167 493 1244 lychnuchi
508 1169 665 1245 pensiles
655 1188 685 1228 rn
704 1169 832 1229 delubris
849 1177 898 1229 ant
913 1146 1047 1230 arborum
1062 1171 1134 1230 mala

144 1255 296 1314 ferentium
326 1251 412 1311 modo
438 1250 586 1329 lucentes,
615 1251 708 1329 qualis
732 1261 779 1311 est
804 1255 834 1312 in
857 1253 966 1351 templo
987 1253 1134 1332 Apollinis

144 1335 281 1412 Palatini,
312 1334 388 1413 qnod
408 1333 577 1394 Alexander
596 1334 718 1412 blagnus
736 1334 898 1396 Thebarum
919 1324 1135 1424 obpugnatione

145 1420 280 1498 captum
272 1438 301 1478 vn
317 1416 405 1495 Cyme
421 1418 567 1477 dicaverat
584 1419 677 1478 eidem
694 1418 760 1479 deo.

22 1510 27 1525 ‘
104 1515 136 1569 15
212 1507 242 1562 4.
264 1501 321 1586 (9)
340 1501 580 1562 l'ransntdevnde
596 1498 918 1581 arsrolgoubvquead
934 1504 1168 1581 eiligresdeo·1s

145 1604 215 1645 rum.
234 1585 343 1647 Romae
363 1585 543 1645 simulacrum
564 1603 601 1646 ex
618 1604 689 1646 aare
709 1587 814 1645 iactum
830 1583 931 1646 Cereri
953 1590 1070 1665 primum
1085 1606 1132 1647 re·

144 1666 227 1748 perio
246 1689 284 1731 ex
297 1669 413 1750 peculio
428 1667 476 1748 sp.
494 1666 576 1729 Cassi
592 1687 677 1747 quem
701 1688 819 1747 regnum
841 1670 1030 1729 adfectantem
1050 1678 1133 1750 puter
1202 1704 1209 1719 ·

143 1754 234 1830 ipsius
246 1754 434 1813 interemerit.
462 1754 575 1813 transiit
588 1761 617 1813 et
633 1772 649 1812 a
664 1752 708 1813 dis
720 1756 755 1815 ad
770 1754 913 1813 hominum
927 1762 1036 1813 statuas
1047 1763 1132 1831 atque

142 1838 281 1915 imagines
295 1835 391 1895 multis
401 1835 501 1894 modis.
531 1835 672 1897 Bitumine
690 1838 796 1915 antiqui
812 1836 981 1913 tinguebant
995 1852 1057 1915 eas,
1073 1856 1131 1915 quo

143 1923 233 1999 magis
256 1922 356 1979 mirum
377 1927 423 1978 est
444 1918 589 1996 placuisse
613 1938 685 1980 auro
704 1922 850 1997 integere.
892 1920 949 1979 hoc
974 1923 1074 1981 nescio
1095 1940 1168 1987 auen

143 2002 300 2064 Romanum
320 2002 407 2061 luerit
429 2002 590 2078 inventum,
616 2010 699 2063 certe
727 2006 813 2064 etiarn
839 2020 943 2063 nomeu
963 2022 1022 2063 uon
1043 2004 1132 2064 habet

104 2098 137 2153 16
148 2094 300 2147 vetustum.
322 2084 443 2161 Eliigies
458 2084 601 2145 homiuum
615 2103 673 2145 non
687 2086 821 2147 solebant
836 2089 955 2167 exprimi
969 2090 1024 2147 nisi
1036 2087 1130 2165 aliqua

144 2170 257 2230 inlustri
288 2186 373 2228 eausa
399 2170 624 2248 perpetuitatem
649 2173 835 2247 merentium,
866 2173 958 2250 primo
984 2185 1128 2230 sacrorum

143 2255 326 2314 certaminum
344 2253 465 2311 victoria
479 2268 667 2330 maxumeque
683 2252 850 2332 Olympiae,
874 2254 923 2313 ubi
940 2256 1059 2313 omnium
1078 2254 1127 2331 qui

143 2338 282 2396 vicissent
304 2343 412 2394 statuas
435 2335 522 2395 dicari
541 2352 604 2395 mos
626 2345 705 2414 erat,
728 2354 828 2397 eorum
850 2354 924 2400 vero
946 2340 993 2415 qui
1017 2344 1063 2396 ter
1085 2338 1166 2399 ibim

144 2421 360 2498 superavissent
386 2436 423 2479 ex
446 2419 582 2478 membris
605 2420 734 2497 ipsorum
763 2420 946 2480 similitudine
977 2437 1129 2499 expressa,

102 2514 134 2569 17
147 2520 217 2581 quas
232 2502 358 2562 iconicas
373 2510 485 2561 vocant.
518 2502 714 2563 Athenienses
727 2506 827 2563 nescio
842 2522 878 2563 an
893 2506 990 2581 primis
1007 2505 1129 2564 omnium

143 2585 296 2647 llarruodio
314 2593 344 2645 et
358 2585 554 2665 Aristogitoni
569 2586 754 2661 tyrannicidis
770 2587 888 2665 publice
904 2590 1057 2665 posuerint
1073 2596 1130 2646 sta·

143 2678 214 2729 tuas
243 2669 299 2729 hoc
314 2678 407 2729 aetum
429 2668 477 2728 est
489 2667 591 2728 eodem
605 2687 678 2730 anno
697 2688 754 2748 quo
770 2678 800 2729 et
813 2669 924 2730 lionae
937 2688 1026 2747 reges
1042 2670 1128 2748 pulsi

143 2762 266 2833 excepta
289 2752 392 2813 deinde
418 2770 466 2812 res
493 2759 539 2812 est
558 2770 574 2811 a
596 2760 660 2813 toto
683 2754 755 2813 orbe
771 2760 912 2813 terrarum
929 2753 1167 2817 humanissimam

142 2836 314 2913 ambitione,
335 2844 365 2895 et
385 2836 414 2894 in
436 2838 558 2895 omnium
579 2838 796 2913 municipiorum
816 2837 888 2897 loris
908 2845 1019 2897 statuae
1046 2853 1129 2897 orna·

142 2928 266 2980 mentum
283 2938 350 2979 esse
365 2936 492 2998 coepere
505 2920 863 2997 prorogariquememoria
878 2920 1021 2980 hominum
1035 2928 1066 2979 et
1077 2919 1128 2978 ho·

141 3020 229 3063 nores
245 3002 359 3078 legendi
376 3019 448 3061 aevo
466 3000 581 3061 basibus
597 3002 727 3078 inscribi,
745 3020 781 3062 ne
799 3006 827 3063 iu
842 3003 1003 3081 sepulehris
1020 3011 1127 3062 tantum

142 3085 320 3162 legerentur.
351 3100 418 3143 mox
438 3085 531 3145 lorum
552 3092 582 3143 et
599 3085 628 3143 in
643 3084 773 3145 domibus
788 3088 909 3165 privatis
924 3087 1027 3146 iactum
1040 3094 1127 3164 atque

142 3170 172 3227 in
187 3168 267 3227 atriis
283 3166 375 3227 honos
391 3166 535 3227 clientium
550 3168 671 3227 instituit
686 3170 729 3228 sie
744 3170 843 3229 colere
861 3179 1008 3249 patronos.
1136 3190 1164 3231 es

100 3261 134 3315 18
206 3252 233 3310 5.
257 3251 334 3332 (10.)
358 3249 486 3325 Togatae
502 3250 615 3325 eihgies
631 3254 787 3330 antiquitus
802 3254 842 3310 ita
859 3253 1036 3312 dicabantur.
1065 3253 1126 3330 pla-

141 3350 229 3392 cuere
250 3342 279 3392 et
301 3333 392 3393 nudae
412 3341 545 3393 tenentes
560 3331 668 3392 hastam
690 3335 726 3395 ab
742 3335 920 3412 epheborum
937 3355 954 3395 e
969 3339 1126 3413 gymnasiis

141 3415 371 3493 exemplaribus,
393 3432 461 3490 quas
477 3414 626 3476 Achilleas
645 3426 756 3477 vocant.
798 3416 907 3479 Graeca
923 3438 971 3479 res
990 3420 1058 3478 nihil
1075 3436 1127 3479 ve·

369 3642 378 3671 l
