2484 3817
153 174 212 239 182
461 186 492 235 c.
512 185 608 239 amm
628 182 776 236 suonam

149 358 213 403 mae
226 348 383 417 argenteae
394 340 506 418 mistis,
526 332 703 399 utilissimum
716 346 817 399 contra
836 337 964 401 ulcerum
976 338 1128 399 inflamma·

149 426 253 491 tiones.
281 424 365 502 adipe
379 426 493 484 verrino
509 431 540 483 et
557 422 673 497 inungui
688 431 786 501 putant
804 422 893 498 utile,
917 439 1048 501 quaeque
1067 439 1128 483 aar·

109 518 157 572 141
168 516 236 585 pant
246 507 366 569 inlinere
378 524 441 568 cum
451 508 555 567 resina.
567 504 692 583 Antiqui
705 505 806 565 axibus
818 506 1015 567 vehiculorum
1026 520 1129 584 perun·

148 589 269 667 guendis
283 606 413 650 maxume
427 589 464 651 ad
482 588 642 650 faciliorem
660 590 859 650 circumactum
872 597 998 651 rotarum
1013 588 1130 649 uteban-

147 682 203 747 tnr‚
223 673 433 757 abderamen,
452 674 495 732 sic
511 688 627 750 quoque
641 670 701 731 utili
717 672 857 732 medicina
879 688 944 733 cum
962 670 1014 733 illa
1036 670 1157 731 ferm-n

107 766 157 818 142
168 758 237 833 gine
248 765 373 815 rotarum
385 756 421 816 ad
433 756 511 816 sedis
526 756 594 815 vitia
606 754 813 832 virilitatisque.
829 764 859 815 et
869 773 923 833 per
935 772 968 815 so
980 753 1132 830 axungiam

148 839 252 900 medici
269 839 374 917 antiqui
390 856 520 899 maxume
537 836 713 915 probabant,
729 837 844 899 renibus
861 838 1019 899 detractam
1033 854 1130 899 onem·

147 923 263 1001 ptisque
276 925 358 982 venis
372 938 446 1000 aqua
459 921 579 982 caelesti
595 919 738 983 fricabant
749 920 853 983 crebro
869 920 1131 999 decoquebantque

147 1006 229 1066 lictili
241 1022 318 1065 nouo
333 1005 458 1083 saepius,
472 1014 532 1064 tum
547 1002 657 1063 demum
668 1004 864 1065 adservantem
880 1005 1014 1064 conuenit
1024 1003 1130 1065 misam

146 1089 238 1165 magis
249 1087 373 1162 mollire,
388 1087 584 1162 excalfacere‚
598 1086 751 1163 discutere,
768 1086 968 1165 utilioremque
978 1102 1047 1149 ease
1062 1087 1130 1147 vino
1139 1102 1168 1147 aa

147 1172 244 1232 lotam.
274 1169 414 1230 Masurius
432 1170 554 1249 palmam
572 1168 669 1247 lupino
690 1167 767 1247 adipi
784 1169 899 1233 dedisse
919 1170 1051 1247 antiquos
1072 1178 1130 1233 tra·

147 1252 228 1314 didit.
258 1252 325 1313 ideo
345 1269 437 1313 novas
462 1262 565 1333 nuptas
583 1252 635 1312 illo
657 1270 840 1331 perunguere
855 1257 951 1333 postis
971 1253 1071 1315 solitas
1092 1270 1131 1317 ue

148 1335 215 1414 quid
229 1334 296 1395 mali
308 1335 507 1397 medicamenti
521 1336 685 1396 inferretur.

108 1429 158 1485 143
220 1416 304 1497 (38.)
327 1416 409 1491 Quae
423 1420 495 1480 ratio
509 1419 603 1497 adipis
616 1418 718 1479 eadem
732 1418 761 1478 in
771 1418 818 1479 luis
830 1436 904 1499 quae
917 1419 1055 1479 ruminant
1066 1418 1130 1479 sebi

149 1510 210 1578 est,
236 1500 300 1561 aliis
321 1501 429 1578 modis,
460 1520 518 1563 non
541 1503 659 1562 minoris
683 1503 838 1581 potentiae.
876 1502 1022 1581 perlinitur
1043 1516 1167 1565 omnent

149 1584 290 1662 exemptis
304 1586 386 1645 venis
400 1602 474 1663 aqua
487 1587 594 1646 marina
605 1583 654 1644 vel
667 1585 743 1645 salsa
760 1585 859 1663 lotum,
874 1602 943 1647 mox
956 1587 984 1646 iu
996 1584 1052 1665 pila
1068 1594 1130 1646 tun·

148 1667 210 1727 sum
229 1666 369 1746 adspersa
387 1670 503 1729 marina.
540 1666 644 1730 crebro
667 1675 769 1746 postea
793 1670 923 1747 coquitur
943 1668 1037 1729 donec
1056 1669 1131 1730 odor

149 1751 240 1811 omnis
256 1750 422 1829 aboleatur,
438 1769 506 1813 mox
523 1751 641 1812 adsiduo
659 1750 733 1811 sole·
745 1750 781 1812 ad
801 1752 954 1813 candorem
973 1750 1132 1829 reducitur,
1190 1778 1194 1797 ·

108 1843 183 1897 lita
200 1834 316 1895 renibus
329 1843 423 1895 autern
437 1852 520 1895 omna
535 1834 756 1896 laudatissimam
769 1844 826 1895 cst.
857 1838 883 1897 si
897 1852 969 1897 vcro
987 1842 1070 1897 uetur
1082 1853 1129 1897 re·

149 1926 269 1977 uocetur
279 1916 316 1976 ad
327 1936 432 1993 curam,
444 1918 586 1996 liquefieri
594 1918 674 1996 prius
688 1917 794 1995 iubent,
806 1930 874 1979 mor
887 1916 990 1996 irigida
1002 1935 1078 1996 aqua
1089 1918 1130 1979 la·
1139 1932 1168 1973 ²⁰

147 2001 209 2058 vari
222 2000 347 2077 saepius,
360 1999 425 2059 dein
438 2000 615 2079 liqueiaoere
628 2000 728 2061 adfuso
740 2003 807 2061 vino
819 2018 902 2079 quarn
919 2002 1130 2063 odoratissimo.

150 2081 312 2159 eodemque
325 2082 410 2141 modo
425 2084 526 2143 iterum
540 2102 575 2143 ac
595 2084 712 2160 saepius
733 2094 837 2153 cocunt
853 2084 946 2145 donec
964 2085 1040 2145 virus
1062 2102 1130 2147 eva·

133 2173 259 2223 nascar.
290 2164 369 2225 multi
389 2166 519 2243 priuatim
540 2166 584 2225 sic
602 2174 746 2226 taurorum
767 2167 938 2246 leonumque
958 2186 993 2229 ae
1010 2168 1129 2245 pantbe·

149 2264 243 2306 rarum
271 2256 301 2306 et
327 2247 501 2308 camelorum
524 2250 641 2327 pinguia
664 2250 756 2311 curari
777 2251 884 2313 inbenc
923 2268 991 2311 usus
1017 2249 1131 2313 dicetur

149 2332 209 2389 suis
222 2329 306 2389 locis.
1138 2351 1168 2393 as

71 2455 73 2458 -
109 2423 158 2476 145
221 2412 305 2492 (39.)
329 2412 491 2474 communis
511 2424 541 2474 et
559 2414 746 2477 medullarum
772 2425 826 2477 est.
863 2432 963 2479 omnes
987 2416 1130 2495 molliunt,

57 2494 59 2498 ’
150 2494 278 2573 explent,
294 2498 412 2570 siccant,
427 2497 627 2558 excalfaciunt.
652 2498 843 2563 laudatissima
857 2501 989 2577 eneruis,
1005 2518 1074 2562 mox
1087 2502 1130 2562 vi·

148 2580 249 2654 tulino,
265 2579 330 2640 dein
344 2580 453 2640 hircina
468 2590 498 2640 et
514 2582 641 2660 caprina.
676 2591 808 2643 curantur
821 2591 887 2643 ante
903 2592 1064 2643 autumnum
1082 2601 1130 2645 re·

152 2670 252 2721 centes
268 2662 345 2723 lotae
362 2664 546 2741 siccataeque
560 2664 713 2740 inumbra,
734 2683 789 2744 per
809 2666 932 2727 cribrum
952 2666 1017 2727 dein
1038 2665 1131 2745 liqua'·

150 2754 197 2805 tae
215 2763 268 2822 per
280 2744 367 2805 lintea
382 2747 575 2824 exprimuntur
597 2766 634 2807 ac
655 2745 831 2828 reponuntur
851 2750 881 2810 in
895 2748 974 2811 lictili
989 2748 1064 2810 locis
1078 2750 1129 2811 fri·
1139 2772 1168 2814 aa

48 2828 52 2833 ’
150 2828 250 2905 gillis„

109 2923 160 2977 146
224 2911 308 2990 (40.)
329 2910 407 2971 luter
421 2914 513 2973 omnia
526 2923 619 2974 autern
636 2916 792 2977 communia
809 2915 967 2977 animalium
980 2915 1030 2975 uel
1044 2932 1131 2993 prae·

152 2995 352 3055 stantissimum
365 2996 395 3054 in
417 2996 522 3055 ellectu
540 2995 582 3057 iel
604 3007 659 3057 est.
688 3000 731 3058 via
754 3001 815 3058 cius
835 2999 1033 3074 ercallucere,
1054 3014 1130 3059 mor·

150 3077 230 3153 dere,
242 3078 384 3154 scindere,
399 3078 562 3154 extrahere,
575 3080 726 3141 discutere.
745 3082 884 3141 minorum
894 3080 1052 3143 animalium
1064 3080 1130 3141 sub-

150 3159 227 3221 tilius
238 3162 452 3239 intellegituret
464 3162 530 3224 ideo
542 3164 576 3224 ad
589 3162 736 3223 oculorum
746 3163 950 3231 medicamenta
961 3163 1056 3223 utilius
1069 3164 1130 3225 exi·
1139 3185 1169 3227 as

151 3244 288 3303 stimatur.
314 3246 423 3317 taurino
440 3247 595 3325 praecipua
612 3249 739 3322 potentia
757 3247 840 3307 etiam
855 3249 884 3307 in
898 3264 966 3306 uere
981 3246 1129 3324 pelvibus·

152 3345 207 3403 qne
222 3344 309 3388 aureo
332 3328 433 3389 colore
460 3328 645 3390 obducendis.
676 3347 757 3389 omne
779 3338 872 3391 autem
891 3337 1004 3391 curatur
1023 3348 1129 3391 recena

151 3411 310 3489 praeligato
332 3429 383 3473 ore
405 3412 463 3473 lino
484 3429 600 3490 crasso,
625 3412 776 3474 demissum
796 3412 824 3473 iu
845 3413 1006 3475 terrentem
1025 3429 1128 3493 aquam
