2484 3817
308 202 810 273 nsu.a1sr.xx1x.1.a.(e.9.)
987 196 1046 260 211

61 356 135 418 baso
149 354 187 417 ad
201 356 377 434 singulorum
387 358 509 419 salutern
524 362 686 440 pertinent,
702 363 752 425 illa
765 372 858 424 autem
873 381 947 442 quaa
960 365 1051 425 timuit

62 440 133 501 (lato
146 449 234 518 atque
248 441 383 519 providit,
398 442 595 503 innocentiora
605 446 695 507 multo
710 456 739 507 et
750 464 839 526 parva
852 449 1050 527 opinatuqnae

61 542 202 603 proceres
213 527 284 585 artis
298 526 360 585 eius
372 525 409 585 de
423 536 516 586 semet
528 529 586 605 ipsi
598 528 752 607 fateantur,
766 530 983 609 illa.perdidere
998 533 1048 590 im·

60 610 123 685 peri
136 624 246 681 mores,
260 608 309 669 illa
324 626 398 687 quae
409 612 471 669 sani
481 612 609 689 patimur,
625 612 756 691 luctatus,
772 624 917 675 ceromata
932 632 986 673 ceu
1000 632 1048 675 va·

38 692 189 751 slitndinis
206 709 292 751 causa
308 694 451 770 instituta,
463 692 596 754 balineae
611 695 747 757 ardentes
762 697 863 775 quibus
877 715 1049 774 persuasere

58 775 86 834 in
102 774 280 853 corporibus
294 775 378 834 cibos
396 778 482 854 coqui
496 786 527 836 ot
542 796 626 837 nemo
643 796 700 840 non
713 782 804 841 minus
819 780 930 840 ualidus
945 781 1048 855 exiret,

56 857 308 920 oboedientissimi
321 875 395 918 vero
413 860 599 938 eliorrentur,
625 873 714 941 potus
724 863 827 925 deinde
842 864 1000 925 ieiunorum
1015 882 1050 925 ac

58 942 232 1003 vomitiones
247 951 277 1001 et
298 960 396 1001 rursus
411 946 631 1022 perpotationes
645 963 681 1006 ac
696 948 818 1026 pilorum
834 948 1049 1007 eviratioinsti·

57 1036 114 1086 tuta
128 1025 363 1102 resiuiaeorum,
378 1026 503 1105 itemque
518 1030 650 1105 pectines
660 1032 689 1090 in
700 1030 813 1090 leminis
828 1029 941 1109 quidem
956 1030 1049 1109 publi·

27 1112 124 1171 uocati.
154 1112 193 1170 ita
208 1116 255 1169 est
270 1109 415 1187 prolecto,
432 1109 496 1171 lues
513 1128 640 1189 morum,
660 1132 716 1174 nec
729 1115 842 1175 aliunde
856 1116 948 1175 maior
964 1131 1047 1192 quam
1057 1124 1090 1179 ti

59 1192 251 1270 emedicina,
271 1201 367 1253 vatem
389 1210 510 1271 prorsus
533 1197 639 1257 cotidie
654 1197 723 1257 iacit
739 1196 877 1259 Catonem
898 1206 928 1257 et
947 1215 1048 1257 oracu-

59 1277 131 1337 lum:
174 1278 270 1336 satis
298 1293 387 1336 esse
411 1278 561 1355 ingenia
588 1279 809 1341 Graecorum
835 1282 1047 1361 inspicere,

58 1376 126 1419 non
151 1359 387 1439 perdiscere.
421 1360 502 1421 llaec
522 1361 629 1423 inerint
650 1363 770 1425 dicenda
797 1382 851 1446 pro
875 1373 975 1425 senatu
995 1364 1091 1430 illotis
1124 1372 1131 1381 ’

59 1438 264 1522 sexcentisqtie
278 1443 378 1522 populi
391 1443 512 1504 Romani
526 1448 607 1506 annis
616 1446 756 1507 adversus
769 1456 858 1508 artem
869 1450 897 1508 in
909 1466 964 1527 qua
980 1464 1048 1508 con·

27 1526 165 1589 reditione
180 1526 397 1587 insidiosissima
412 1531 611 1589 auctoritatem
626 1534 760 1609 pessimis
779 1532 848 1591 boni
869 1532 992 1606 iaciunt,
1011 1534 1047 1593 si·

59 1609 115 1669 mul
136 1619 238 1669 contra
258 1612 393 1670 attonitas
413 1613 590 1689 quorundam
609 1616 816 1691 persuasiones
838 1616 884 1691 qui
907 1614 1049 1691 prodesse

55 1694 110 1753 nisi
120 1695 252 1773 pretiosa
264 1711 322 1754 non
334 1702 441 1772 putant.
461 1712 555 1774 neque
567 1698 641 1755 enirn
653 1696 839 1756 dubitaverim
855 1697 957 1774 aliquis
970 1696 1049 1757 lasti·

56 1777 106 1837 dio
122 1778 219 1837 iutnra
235 1794 309 1854 quae
323 1778 453 1837 dicentur
466 1780 611 1856 animalia,
633 1787 661 1837 at
674 1795 731 1837 non
746 1778 877 1856 Vergilio
894 1780 946 1839 luit
960 1784 1049 1839 norni-

55 1878 130 1920 nare
144 1860 281 1920 iormicas
292 1860 370 1921 nulla
384 1863 560 1921 necessitate
572 1870 602 1921 et
616 1863 798 1923 curculiones
813 1880 847 1924 ao
868 1863 1050 1941 lucifugis

22 1951 245 2019 rocongesta
271 1944 410 2004 cubilia
434 1943 582 2022 blattis,
613 1962 672 2004 non
692 1944 818 2007 Homero
840 1948 915 2011 inter
936 1948 1049 2025 proelia
1112 2024 1116 2031 1

56 2027 180 2086 deornm
194 2026 392 2103 inprobitatem
406 2046 523 2087 muscae
537 2028 714 2107 describere,
727 2047 784 2090 non
796 2039 914 2091 naturae
926 2030 1048 2109 gignere

55 2113 124 2184 ista,
141 2126 207 2169 cum
223 2111 323 2187 gignat
341 2110 495 2172 bominem.
521 2112 648 2191 proinde
670 2130 771 2173 causas
789 2114 910 2194 quisque
933 2122 961 2174 et
978 2116 1047 2175 elie·

57 2204 133 2270 ctus,
148 2210 269 2254 non‘res
284 2196 422 2254 aestimet.
563 2256 570 2271 ‚

120 2278 186 2357 (9.)
208 2275 357 2337 ordiemur
371 2288 464 2339 autem
480 2296 497 2338 a
512 2279 673 2355 confessis,
690 2279 747 2340 boc
762 2289 807 2339 est
824 2280 897 2341 lanis
912 2283 1044 2359 ovisque,
1056 2292 1090 2346 29

24 2360 154 2421 nobiter
167 2368 199 2419 nt
210 2361 300 2420 rebus
316 2364 479 2440 pmeoipuis
490 2362 583 2423 bonos
594 2364 624 2421 in
636 2366 734 2441 primis
747 2364 939 2442 perhibeatur.
960 2382 1047 2443 quae-

59 2444 122 2504 dam
138 2446 225 2503 etiam
241 2445 285 2503 sic
299 2444 400 2504 alienis
416 2445 507 2520 locis,
534 2454 628 2505 tamen
644 2446 738 2506 obiter
759 2447 815 2506 dici
837 2466 960 2508 necesse
982 2450 1045 2506 erit.

59 2545 114 2588 neo
126 2527 230 2586 deerat
243 2529 362 2587 materia
377 2544 512 2607 pompae,
528 2532 552 2587 si
568 2533 719 2608 quicquam
736 2530 810 2590 aliud
826 2532 929 2592 intueri
943 2529 1048 2589 liberet

59 2628 144 2689 quam
158 2609 246 2670 iidem
261 2613 377 2688 operis,
395 2613 502 2690 quippe
518 2614 593 2672 inter
611 2616 701 2693 prima
716 2613 836 2691 proditis
852 2615 938 2675 etiam
954 2630 992 2672 ex
1007 2614 1046 2671 ci·

33 2688 39 2699 '
58 2712 128 2754 nere
140 2694 296 2773 phoenicis
311 2694 436 2772 nidoque
452 2695 617 2772 medicinis,
641 2716 694 2757 ceu
716 2697 828 2757 veroid
845 2708 953 2757 certum
969 2701 1048 2753 esset

25 2786 145 2855 aratque
159 2794 219 2835 non
234 2776 407 2838 fabulosum.
447 2780 571 2839 inridere
595 2790 640 2839 est
659 2782 736 2840 vitae
757 2782 811 2839 iam
833 2780 959 2839 remedia
980 2786 1046 2855 post

57 2861 239 2921 millesimum
259 2878 359 2921 annom
380 2860 504 2923 reditura
527 2871 696 2932 monstrare.
739 2864 767 2924 2.
790 2863 874 2924 banis
895 2863 1090 2925 auctorita-30

58 2952 116 3003 tem
130 2952 251 3003 veteres
259 2944 378 3005 Romani
394 2946 476 3004 etiam
487 2946 654 3022 religiosam
665 2945 792 3006 habuere
806 2947 898 3024 postis
913 2942 1046 3013 enuben-

57 3026 135 3086 tibus
149 3028 251 3104 attingi
271 3026 419 3104 iubentes,
439 3010 613 3108 prieterque
636 3030 740 3089 cultum
763 3038 792 3088 et
807 3026 923 3087 tutelam
947 3034 1046 3086 contra

57 3110 171 3188 frigora
188 3110 309 3170 sucidae
325 3111 453 3188 pluruma
467 3119 615 3189 praestant
636 3113 763 3171 remedia
784 3130 821 3171 ex
838 3110 904 3171 oleo
921 3111 1046 3187 vinoque

21 3202 227 3272 cantaneto,
249 3202 336 3272 prout
351 3211 481 3273 quaeque
497 3192 616 3253 mulceri
632 3196 792 3254 morderive
809 3212 883 3271 opus
903 3193 939 3251 sit
954 3202 983 3253 et
998 3192 1045 3252 ad·

56 3280 163 3355 stringi
175 3278 323 3351 laxarire,
344 3276 448 3337 luxatis
464 3275 598 3337 membris
615 3276 836 3353 dolentibusque
853 3278 949 3335 nervis
964 3277 1044 3355 inpo-

56 3363 133 3421 sitae
148 3370 180 3420 et
194 3360 301 3420 crebro
317 3360 462 3420 subiusae.
491 3358 603 3438 qnidam
619 3362 704 3419 etiam
720 3360 808 3419 salem
827 3360 982 3420 admiscent
1003 3360 1044 3419 lu-

54 3446 152 3522 xatis,
173 3444 221 3505 alii
243 3460 308 3502 cum
324 3444 390 3504 lana
404 3452 495 3503 rutam
508 3443 600 3502 tritam
615 3442 785 3521 adipemque
807 3444 957 3587 iqpqopunt,
978 3441 1045 3500 item
