2484 3817
270 97 273 108 '
304 109 383 158 unu.
405 109 495 161 uuas.
517 93 651 162 xxxma.
669 110 695 165 a.
712 100 862 180 (tr-ra)
1024 103 1081 176 151

82 284 173 346 quam
187 264 318 339 aimaro
332 263 584 342 euoreragreaa
607 265 761 342 inagnum
777 265 893 342 aaran
908 268 1083 350 terrama,
1149 253 1153 263 “
1213 325 1221 338 ,

86 368 149 412 nou
158 350 272 426 iguem,
287 348 394 428 placet.
420 365 528 409 summa
541 347 604 408 laus
614 347 746 410 Falernis
762 351 850 410 avini
868 350 970 414 colore
987 353 1084 431 dictis,

86 433 170 495 molli
183 432 300 511 fulgore
317 433 491 511 perspicuis.
522 431 673 510 inquibus
690 442 720 494 et
734 433 849 493 decocti
865 434 960 495 mellis
977 437 1083 499 leuitas

86 516 209 595 placeat.
241 534 341 578 verum
355 515 413 575 boc
426 531 543 593 quoque
557 522 656 574 notum
670 515 733 576 lieri
750 524 885 596 oportet,
899 535 1080 599 quocumque
1092 531 1127 588 48

62 600 174 661 amodo
185 601 277 662 libeat
286 601 376 676 tingui
386 598 546 659 haedorum
559 597 634 658 sebo
648 607 678 658 et
692 599 836 660 anchusae
852 600 962 677 radice,
974 606 1083 682 quippe

85 687 182 746 iamet
194 682 347 759 conchylio
357 683 530 744 inficiuntur.
547 690 678 742 ceterum
685 685 787 742 attritu
798 683 955 760 digitorum
965 697 1085 764 accepta

86 769 194 830 caloris
208 769 301 828 anima
314 766 428 827 trabunt
442 767 519 843 inse
534 765 635 844 paleas
648 774 678 825 et
688 765 760 828 lolia
774 769 853 827 arida
869 777 899 827 ct
911 766 1039 846 philyras
1054 779 1085 830 ut

86 869 206 930 magnes
217 850 291 928 lapis
302 852 419 911 ferrum.
433 857 562 909 ramenta
570 854 690 927 unoque
700 851 762 910 eius
773 850 841 911 oleo
852 851 949 911 addito
962 851 1085 928 flagrant

85 933 238 996 dilucidius
258 933 425 1011 diutiusque
444 950 527 1010 quarn
544 933 594 993 lini
614 933 747 994 medulla.
784 932 907 995 'laxatio
923 937 954 995 in
968 934 1081 996 deliciis
1093 948 1127 1003 49

51 1038 77 1078 ιο
87 1026 165 1078 tanta
179 1026 211 1076 ut
225 1017 348 1079 hominis
361 1017 490 1094 quamvis
503 1035 593 1095 parva
603 1018 720 1096 efligies
737 1018 869 1080 vivorum
883 1017 1029 1079 hominurn
1043 1021 1085 1078 ui·
1191 1031 1195 1041 *

85 1103 275 1179 gentiumque
286 1103 382 1178 pretia
391 1109 562 1178 exsuperet,
577 1120 698 1180 prorsus
708 1111 739 1162 ut
748 1103 900 1180 castigatio
915 1121 1037 1168 unauon
1046 1104 1085 1163 sit

87 1186 167 1244 satis.
198 1185 229 1244 in
245 1181 403 1244 Corinthiis
420 1202 472 1244 aes
486 1184 583 1263 placet
605 1196 728 1264 argento
749 1204 879 1265 auroque
896 1191 1044 1264 mixtum9
1055 1187 1085 1246 in

87 1267 207 1328 caelatis
229 1286 277 1327 ars
301 1276 332 1328 et
350 1269 475 1346 ingenie
511 1269 721 1345 myrrhinorum
745 1280 776 1332 et
796 1271 1029 1347 crystallinorum
1044 1270 1084 1330 di·

87 1353 179 1411 ximus
199 1354 339 1428 gratiam,
365 1355 488 1414 uniones
511 1356 606 1432 eapite
628 1356 884 1431 circumferuntur,
910 1373 1041 1433 gemmae
1055 1373 1125 1420 ιιειι·

46 1457 77 1496 rs
87 1435 185 1512 digitis
195 1478 205 1512 ,
215 1437 245 1496 iu
260 1439 392 1498 omnibus
406 1437 533 1517 denique
548 1437 612 1497 aliis
625 1439 704 1497 vitiis
716 1445 764 1496 aut
776 1439 935 1497 ostentatio
951 1448 1000 1497 aut
1014 1455 1083 1498 usus

87 1519 200 1596 placet,
215 1521 244 1581 in
256 1522 364 1582 sucinis
378 1521 443 1582 sola
452 1520 620 1581 deliciarum
631 1521 818 1580 conscientia.
845 1518 987 1580 Domitius
1000 1519 1081 1580 Nero
1092 1531 1127 1581 50
1157 1521 1158 1524 ’

86 1605 117 1662 in
136 1606 244 1663 ceteris
265 1607 344 1664 vitae
372 1623 443 1664 suae
469 1605 614 1680 portentis
640 1603 762 1682 capillos
787 1620 903 1682 quoque
926 1602 1083 1682 Poppaeae

87 1688 220 1764 coniugis
235 1705 306 1747 snae
321 1689 351 1746 in
368 1685 424 1746 hoc
438 1704 544 1751 nomen
567 1686 759 1764 adoptaverat
775 1687 898 1765 quodam
919 1689 1010 1750 etiam,
1022 1705 1084 1748 car·

86 1772 163 1830 mine
184 1772 301 1830 sucinos
315 1768 500 1848 appellando.
532 1770 666 1847 quoniam
687 1769 772 1830 nullis
793 1771 872 1830 vitiis
893 1770 998 1832 desunt
1016 1789 1084 1849 pre·

51 1854 163 1918 actiosa
182 1855 314 1930 nomina,
335 1871 374 1931 ex
392 1869 429 1912 eo
448 1854 551 1913 tertius
568 1852 616 1912 hic
632 1852 745 1931 quidam
763 1853 846 1914 colos
864 1855 964 1932 coepit
982 1855 1083 1932 expeti

85 1938 234 1998 matronis.
273 1956 342 1998 usus
362 1945 457 1996 tamen
474 1937 579 2014 aliquis
602 1939 767 1998 sucinorum
783 1939 930 2015 inuenitur
948 1938 978 1997 in
994 1937 1083 1998 medi-

87 2023 166 2097 cina,
186 2022 239 2082 sed
253 2038 312 2082 non
329 2021 367 2082 ob
387 2020 445 2080 boc
466 2022 578 2081 leminis
596 2021 722 2100 placent.
757 2021 917 2083 lniantibus
932 2020 1081 2098 adalligari
1091 2031 1123 2083 51

87 2105 204 2165 amuleti
218 2106 332 2166 ratione
346 2104 477 2185 prodest.
504 2103 687 2165 Callistratus
702 2105 846 2184 prodesse
859 2107 945 2165 etiam
960 2107 1083 2165 cuicum·

88 2207 145 2266 que
159 2191 247 2251 aetati
263 2197 364 2250 contra
378 2188 591 2266 lymphationes
607 2189 694 2248 tradit
709 2197 740 2248 et
753 2190 853 2250 urinae
867 2189 1082 2249 dillicultatibus

52 2283 185 2350 epotum
212 2272 462 2352 adalligatumque.
506 2273 556 2332 hic
585 2280 616 2333 et
645 2272 836 2334 differentiam
860 2291 965 2334 novam
987 2272 1083 2332 attulit

87 2355 259 2432 appellando
275 2357 520 2433 chryselectrum,
537 2357 615 2434 quod
632 2357 670 2416 sit
685 2357 794 2418 coloris
809 2359 889 2418 aurei
902 2365 932 2418 et
943 2357 1082 2416 matutino

86 2439 242 2514 gratissimi
258 2440 431 2518 adspectus,
452 2441 666 2518 rapacissimum
680 2443 802 2518 ignium,
823 2442 848 2501 si
866 2442 946 2500 iuxta
961 2441 1082 2516 luerint,

88 2520 241 2582 celerrime
257 2524 422 2588 ardescens.
457 2522 514 2582 hoc
527 2523 605 2583 collo
620 2524 804 2602 adalligatum
819 2524 931 2585 mederi
949 2522 1082 2583 febribus

89 2612 119 2664 et
132 2603 259 2681 morbis,
282 2608 378 2668 tritum
394 2624 458 2668 cum
472 2607 559 2668 melle
574 2625 608 2667 ac
621 2625 747 2668 rosaceo
761 2611 871 2668 aurium
890 2607 969 2666 vitiis
985 2613 1034 2681 et,
1056 2607 1081 2666 si

53 2705 150 2754 mcum
180 2687 268 2748 melle
294 2688 394 2751 Attico
422 2698 549 2769 teratur,
576 2691 726 2752 oculorum
752 2709 869 2770 quoque
899 2690 1079 2750 obscuritati.

88 2769 227 2830 stomachi
245 2772 332 2830 etiam
352 2775 431 2832 vitiis
452 2774 501 2835 vel
515 2793 571 2853 per
588 2793 623 2836 se
636 2775 729 2836 iarina
744 2777 807 2835 eius
824 2781 936 2850 sumpta
952 2772 1000 2834 vel
1017 2789 1081 2834 curn

68 2908 71 2920 ,
86 2853 225 2914 mastiche
240 2863 312 2933 poto
323 2872 451 2934 exaqua
466 2857 571 2918 Sucina
586 2866 617 2920 et.
627 2861 747 2935 gemmis
758 2876 833 2936 quae
845 2865 912 2916 sunt
923 2855 1082 2937 tralucidae

87 2937 280 2998 adulterandis
306 2956 439 3016 magnum
464 2940 573 3019 habent
598 2941 711 3020 locum,
744 2958 874 3002 maxume
900 2939 1080 3017 amethystis,

86 3039 150 3082 cum
163 3031 258 3082 emen
273 3024 365 3098 omni,
382 3030 412 3080 ut
426 3022 564 3102 diximus,
580 3024 683 3086 colore
698 3025 873 3100 tinguantur.
1097 3045 1122 3080 ιι

53 3131 79 3173 as
149 3106 232 3185 (13.)
248 3105 294 3167 De
313 3105 445 3183 lyncurio
461 3124 602 3184 proxume
626 3107 681 3168 dici
697 3110 777 3187 cogit
791 3117 939 3169 auctorum
952 3107 1123 3185 pertine-52

87 3189 141 3266 cia,
150 3191 270 3268 quippe,
278 3191 455 3251 etiamsinon
464 3189 640 3252 electrumid
650 3211 717 3254 esse
727 3191 1087 3268 contenduntlyncurium,

88 3280 181 3333 tamen
188 3291 329 3350 gemmam
340 3292 409 3336 csse
415 3273 527 3351 volunt,
538 3276 603 3336 heri
610 3284 706 3336 autem
716 3295 753 3338 ex
760 3277 841 3337 urina
849 3275 962 3354 quidem
975 3275 1080 3354 lyncis,

87 3354 139 3416 sed
153 3363 184 3416 et
199 3375 313 3434 genere
327 3367 442 3435 terrae,
458 3361 590 3438 protinus
605 3377 644 3422 eo
662 3361 776 3422 animali
792 3361 902 3423 urina'm
913 3361 1079 3440 operiente,
