2484 3817
131 141 190 203 178
463 144 782 201 ἰιιιιιιιιοιιιιιιι

129 306 256 366 tissimae
269 307 338 367 liunt
352 306 449 366 verius
460 323 542 384 quam
554 314 707 365 nascuntur
720 305 749 364 in
760 303 869 365 Arabia
882 311 1010 386 repertis
1021 311 1115 388 iugen-

128 389 204 448 tibus
224 390 340 466 glaebis
365 407 434 467 quas
461 388 547 448 melle
571 389 695 486 excoqui
723 388 836 447 tradunt
860 393 991 468 septenis
1018 393 1114 454 diebus

128 473 358 550 noctibusque'
335 492 397 532 sme
412 473 645 547 intermissione,
666 473 705 529 ita
725 473 799 531 omni
818 480 935 533 terreno
952 477 1115 556 vitiosoque

128 554 252 615 decusso
268 564 416 654 purgatam
432 573 587 633 puramque
604 555 737 632 glaebam
748 555 912 614 artificum
905 561 1022 648 ingenie
1039 562 1114 620 varie
1225 551 1226 626 J

128 637 285 697 distribui'
277 658 306 697 ιι
322 657 411 699 venas
428 639 587 716 ductusque
606 637 778 697 macularum
799 656 882 715 quam
905 658 1033 700 maxume
1049 661 1118 702 ven·
1123 663 1134 700 ι
1225 631 1226 704 ι

128 718 209 778 ιιιιιιι
231 723 344 782 ratione
373 722 548 797 secantium,
578 721 776 799 quondamque
797 729 893 782 tautae
916 725 1113 800 magnitudinis
1225 733 1226 794 l

128 803 220 862 lactas
243 812 274 862 ut
296 806 379 882 equis
402 822 501 880 regum
522 806 551 863 iu
572 806 687 864 oriente
706 804 842 864 frontalia
862 824 895 864 ac
914 824 968 884 pro
991 808 1113 885 phaleris

82 887 272 974 195pensilia
292 888 431 948 iacerent.
466 886 504 946 Et
522 887 592 946 alias
613 905 713 946 omnes
733 905 863 962 gemmae
879 889 974 948 mellis
998 891 1114 950 decoctu

128 970 291 1045 nitescunt,
318 973 474 1048 praecipue
505 968 652 1030 Corsici
643 989 674 1030 m
697 972 772 1029 omni
799 970 856 1030 alio
885 991 938 1030 usu
965 975 1114 1033 acrimonia

129 1051 322 1111 abhorrentis.
372 1070 446 1131 quae
469 1055 568 1114 variae
591 1061 658 1113 sunt
686 1061 716 1112 et
737 1053 771 1112 ad
799 1053 956 1114 novitatem
977 1057 1147 1116 accederem

128 1134 318 1194 calliditate
310 1138 490 1212 ingeniorum
520 1137 680 1212 contingit,
710 1144 740 1195 ιιι
768 1152 873 1196 nomen
900 1139 1036 1206 usitatum
1061 1155 1113 1198 non

128 1216 270 1293 habeant,
289 1217 388 1295 physis
406 1218 553 1296 appellant
567 1219 648 1278 velut
663 1220 754 1296 ipsius
770 1226 887 1280 naturae
903 1221 1115 1291 admirationem

127 1301 157 1358 in
171 1301 207 1358 iis
221 1301 411 1360 venditantes.
434 1300 504 1359 Cum
518 1303 581 1360 linis
598 1304 742 1360 nominum
757 1319 813 1360 non
828 1303 876 1379 sit,
892 1321 966 1381 quae
977 1307 1114 1382 persequi

127 1400 186 1440 nou
208 1383 342 1460 equidem
360 1385 459 1461 cogito
480 1385 627 1443 innumera
649 1393 679 1444 et
699 1383 808 1444 Graeca
837 1389 961 1446 vanitate
985 1387 1115 1463 conficta,

128 1464 259 1525 indicatis
275 1467 421 1526 nobilibus
437 1468 573 1544 gemmis,
591 1469 675 1526 immo
691 1485 763 1526 vero
780 1469 863 1527 etiam
880 1469 1009 1546 plebeis,
1027 1471 1150 1528 reric-15

127 1566 189 1607 rum
214 1567 323 1632 genera
346 1551 431 1628 digna
455 1550 532 1611 dictu
552 1550 721 1610 distinxisse
748 1553 818 1610 satis
841 1554 902 1611 erit.
941 1551 1008 1610 illud
1028 1551 1114 1610 modo

127 1635 292 1693 meminisse
305 1635 470 1710 conveniet,
485 1635 716 1694 increscentibus
728 1635 937 1695 varie—maculis
950 1643 1035 1712 atque
1049 1653 1113 1693 ver-

128 1717 204 1774 rucis
231 1717 419 1796 liniarumque
446 1719 659 1777 interveniente
680 1717 829 1795 multiplici
851 1719 935 1778 ductu
961 1727 990 1778 et
1014 1717 1113 1777 colore

128 1800 244 1876 saepius
260 1800 361 1859 mutari
381 1803 493 1859 nomina
508 1801 537 1858 in
552 1801 652 1860 eadem
668 1800 837 1878 plerumque
852 1804 979 1861 materia.

88 1890 136 1944 196
188 1883 268 1961 (75.)
285 1881 367 1942 Nunc
384 1884 571 1942 communiter
591 1884 625 1942 ad
648 1884 769 1942 omnium
791 1902 965 1960 gemmarum
982 1885 1155 1947 observa-ao

128 1965 237 2024 tionem
254 1967 428 2043 pertinentia
444 1965 570 2025 dicemus
586 1968 740 2043 opiniones
756 1969 847 2026 secuti
869 1976 1024 2027 auctorum
1065 1965 1118 2026 Ga-

127 2064 182 2106 rae
210 2057 258 2106 aut
280 2049 489 2108 extuberantes
512 2048 633 2109 viliores
654 2049 788 2108 ridentur
811 2050 995 2128 aequalibus.
1027 2050 1118 2126 figura

128 2129 256 2207 oblonga
275 2148 405 2191 maxume
427 2132 582 2209 probatur,
608 2132 712 2192 deinde
733 2151 806 2209 quae
830 2141 948 2192 vocatur
966 2135 1122 2212 ientacula,

128 2221 232 2290 postca
248 2214 390 2292 epipedos
407 2224 436 2273 et
452 2216 574 2275 rotunda
580 2215 753 2292 ,angulosis
770 2225 864 2275 autem
878 2217 998 2274 minuma
1015 2217 1119 2291 gratia.

87 2304 136 2361 197
150 2295 245 2356 Venas
268 2314 283 2356 a
304 2295 385 2356 ialsis
412 2298 581 2358 discernere
602 2298 892 2375 maguadiihcultas,
919 2301 1026 2375 quippe
1055 2315 1163 2364 cum25

127 2380 273 2450 inventum
294 2381 333 2438 sit
353 2399 391 2440 ex
418 2381 496 2439 reris
520 2383 639 2457 generis
663 2381 783 2440 alterius
805 2383 833 2440 in
855 2380 930 2439 aliud
952 2380 1040 2440 falsas
1063 2389 1122 2440 tra·

129 2461 254 2538 ducere,
275 2471 306 2521 ut
328 2461 523 2539 sardonyches
544 2465 671 2523 eternis
692 2464 867 2540 glutinantur
889 2465 1009 2538 gemmis
1031 2465 1072 2522 ita
1089 2471 1123 2521 ut

127 2544 266 2622 deprendi
296 2565 343 2606 ars
372 2564 429 2605 ιιοιι
456 2547 566 2624 possit,
604 2546 717 2606 aliunde
744 2548 827 2622 nigro
858 2545 971 2605 aliunde
998 2545 1122 2605 candido
1225 2587 1226 2592 η

127 2627 241 2688 aliunde
258 2631 346 2687 minio
358 2631 496 2707 sumptis,
513 2630 643 2688 omuibus
659 2631 687 2688 in
704 2646 756 2688 suo
769 2647 879 2705 genere
894 2629 1123 2706 probatissimis.

129 2712 196 2787 qniu
218 2713 303 2770 immo
319 2714 411 2772 'etiam
433 2720 548 2771 exstant
566 2713 763 2772 commentarii
783 2719 946 2787 auctorum,
967 2728 1040 2787 quos
1060 2728 1124 2768 ιιοιι
1139 2735 1172 2776 ao

128 2794 260 2870 equidem
275 2795 496 2870 demonstrabo,
512 2795 722 2871 quibusmodis
739 2811 776 2852 ex
788 2793 924 2869 crystallo
941 2793 1127 2869 zmaragdum
1225 2855 1226 2864 χ

128 2878 258 2953 tinguant
284 2877 412 2954 aliasque
435 2877 620 2953 tralucentis,
650 2875 858 2950 sardonychem
879 2895 896 2936 e
918 2876 1018 2952 sarda,
1049 2877 1128 2934 item

128 2962 243 3020 ceteras
260 2980 297 3020 ex
316 2959 380 3019 aliis
388 3002 397 3035 ,
418 2977 512 3037 neque
536 2959 610 3018 enirn
632 2967 677 3018 est
698 2959 754 3017 ulla
775 2959 852 3017 iraus
869 2961 945 3017 vitae
965 2958 1125 3017 lucrosior.

90 3050 137 3105 198
193 3043 238 3102 13.
256 3044 336 3121 (76.)
350 3042 412 3100 Nos
425 3050 524 3101 contra
535 3042 679 3102 rationem
693 3040 889 3118 deprendendi
902 3040 989 3099 ialsas
1002 3041 1128 3100 demon-

129 3123 299 3200 strabimus,
324 3124 437 3202 quando
459 3125 543 3184 etiam
563 3124 703 3183 luxuriam
723 3123 862 3182 adversus
878 3123 991 3182 fraudes
1007 3125 1128 3182 moneri
1144 3147 1179 3186 ιι

129 3207 240 3265 deceat.
268 3207 360 3282 igitur
371 3217 487 3284 praeter
501 3207 550 3265 illa
567 3224 640 3282 qnae
656 3208 684 3263 in
699 3207 859 3282 principatu
875 3207 1013 3282 cuiusque
1029 3223 1132 3281 genc-

128 3290 169 3347 ris
182 3289 312 3364 privatim
327 3289 447 3347 diximus
462 3289 629 3347 tralucentis
645 3289 783 3356 matutino
795 3288 910 3364 probari
926 3298 1047 3348 censent
1062 3297 1134 3364 aut,

89 3380 138 3434 199
149 3371 173 3428 si
190 3386 313 3429 necesse
328 3379 391 3445 cst,
413 3373 441 3429 in
458 3379 584 3449 quartam
601 3370 715 3446 horam,
731 3379 838 3454 postea
860 3377 965 3429 vetant.
1004 3373 1135 3450 experi-
