2484 3817
135 219 173 280 14
488 232 518 278 c.
535 232 631 279 rurnr
645 231 793 279 secunus

90 400 125 452 59
196 386 224 445 2.
260 383 341 463 (28.)
372 385 496 445 Acetum
514 384 656 444 scillinum
670 384 861 445 inveteratum
873 385 964 461 magis
978 384 1126 462 probatur.

91 472 120 509 ²⁰
136 471 160 505 ⁰⁰
130 469 301 567 qprodest
316 486 405 546 super
422 486 457 529 ea
475 486 548 546 quae
565 466 687 527 diximus
702 468 903 527 acescentibus
921 468 1006 545 cibis,
1020 503 1064 515 -
1075 488 1127 546 gu·

132 561 208 615 statu
230 554 305 612 cnirn
319 552 437 611 discutit
450 568 573 630 poenam
593 567 668 627 earu,
683 583 725 597 -·-
735 558 766 611 et
781 550 827 610 his
840 553 888 629 qui
900 552 989 611 ieiuni
1000 560 1126 628 vomant,

131 635 291 695 -callum
313 636 388 695 enim
409 636 530 696 faucium
549 634 618 692 iacit
638 652 672 693 ac
687 634 904 712 stomachi,-
932 636 1053 696 odorem
1067 638 1127 695 oris

133 719 227 796 tollit,
250 721 383 797 gingivas
398 719 565 794 adstringit,
590 717 685 777 dentis
701 718 810 795 brmat,
830 718 960 778 colorem
977 718 1153 778 meliorems

132 811 269 881 praestat.
303 803 466 862 tarditatem
481 817 595 878 quoque
611 802 720 860 aurium
734 803 967 879 gargarizatione
982 810 1086 880 purgat
1098 811 1128 861 et

132 888 284 947 transitum
309 886 420 947 auditus
446 885 548 962 aperit.
593 884 740 945 oculorum
764 887 855 945 aciem
880 886 978 945 obiter
1002 887 1128 960 exacuit,

132 971 344 1046 comitialibus,
361 966 593 1044 melancholicis,
611 970 819 1045 vertiginosis,
834 969 982 1028 volvarum
999 977 1129 1045 strangu·

133 1054 309 1129 lationibus‚
324 1052 472 1129 percussis
486 1059 536 1110 aut
550 1052 749 1129 praecipitatis
765 1060 796 1111 et
810 1053 848 1111 ob
863 1052 892 1111 id
907 1053 1046 1128 sanguina
1062 1070 1129 1111 con·

132 1138 270 1215 globato,
286 1135 384 1195 nervis
399 1134 537 1210 infirmis,
554 1136 664 1194 renium
678 1136 757 1194 vitiis
772 1152 910 1213 perquam
925 1135 1007 1213 utile,
1025 1153 1128 1195 caven·
1139 1152 1165 1190 ro

133 1222 197 1281 dum
213 1218 394 1279 exulceratis.

89 1316 125 1369 σο
198 1302 279 1381 (29.)
311 1298 443 1376 Onpmeli
466 1301 592 1399 antiqui,
618 1310 651 1360 ιιι
673 1299 819 1361 Dieuches
841 1302 944 1378 tradit,
969 1300 1025 1361 hoc
1043 1302 1129 1361 modo
1163 1302 1166 1307 ’

131 1384 345 1485 temperabant:
379 1382 474 1443 mellis
502 1386 591 1443 minas
618 1384 735 1461 decern,
764 1387 839 1445 aceti
864 1386 975 1445 veteris
1002 1384 1130 1444 heminas

131 1470 274 1547 quinque,
292 1466 360 1526 salis
377 1468 477 1526 marini
493 1469 590 1546 pondo
608 1468 710 1528 libram
724 1469 927 1546 quadrantem,
952 1486 1044 1546 aquae
1059 1466 1131 1550 [nra-

130 1549 227 1633 rinae]
249 1552 394 1611 sextarios
412 1552 537 1629 quinque
552 1554 662 1628 pariter
681 1552 845 1629 coquebant
861 1552 980 1612 deciens
997 1544 1165 1612 deferre-rc

89 1648 120 1701 σι
136 1644 236 1696 scente
249 1635 371 1711 cortina,
387 1643 473 1711 atque
486 1637 525 1693 ita
536 1634 732 1695 diffundebant
745 1636 1012 1712 inveterabuntque.
1037 1645 1131 1697 sustu·

131 1720 167 1779 lit
182 1726 272 1778 totum
285 1717 314 1777 id
331 1718 525 1797 Asclepiades
543 1721 749 1797 coarguitque,
766 1751 809 1764 —
823 1736 887 1779 narn
901 1722 988 1780 etiarn
1002 1720 1032 1778 in
1042 1720 1132 1779 febri

125 1802 187 1863 bns
207 1800 418 1878 databant,-·
445 1802 592 1881 proluisse
616 1810 712 1863 tarnen
732 1804 839 1864 latetur
860 1812 961 1863 contra
983 1806 1130 1901 serpentis

124 1904 203 1966 quas
224 1904 309 1964 sepas
331 1894 436 1946 vocant
456 1895 486 1945 et
502 1896 603 1946 contra
618 1889 779 1948 meconium
798 1905 831 1947 ac
848 1889 957 1948 viscurn
972 1896 1003 1947 et
1017 1889 1129 1963 anginis

131 1968 252 2029 calidum
275 1971 486 2046 gargarizatum
506 1978 536 2029 et
560 1971 696 2045 auribus,
722 1973 782 2032 oris
806 1973 992 2049 gutturisque
1015 1970 1167 2040 deside-ao

129 2054 199 2128 riis,
221 2070 296 2131 quae
318 2070 392 2112 nuuc
415 2054 510 2111 omnia
526 2052 660 2129 oxyalme
682 2058 872 2131 contingunt,
897 2055 989 2114 idest
1013 2054 1076 2113 sale
1100 2062 1131 2114 ιι

130 2144 215 2197 ιιιιο
231 2144 369 2211 recente,
385 2134 540 2195 efficacius.

87 2231 121 2286 62
196 2218 278 2298 (30.)
308 2218 385 2277 Vino
406 2226 529 2295 cognata
548 2237 599 2279 ιιι
624 2236 694 2296 sapa
716 2228 762 2279 cst
781 2229 876 2280 ruusto
897 2220 1021 2279 decocto
1036 2220 1131 2281 donec

123 2306 217 2364 ¹tertia
238 2318 306 2381 pars
329 2303 465 2379 supersit.
500 2320 538 2362 ex
557 2301 699 2362 albohoc
717 2303 828 2363 melius.
859 2321 928 2361 usus
949 2310 1049 2362 contra
1064 2322 1129 2363 can·

119 2387 272 2462 tharidas,
299 2385 475 2463 buprestim,
502 2386 636 2464 pinorum
653 2403 756 2445 urucas
778 2402 848 2463 quas
863 2388 1060 2463 pityocampas
1076 2404 1168 2451 ιο-ιι
1208 2435 1214 2446 .

128 2479 212 2549 cant,
247 2469 455 2545 salamandras,
483 2476 582 2529 contra
608 2468 767 2527 mordentia
793 2477 944 2529 venenata.
987 2469 1128 2528 secundas

128 2562 287 2633 partusque
301 2561 449 2612 emortuos
459 2552 546 2611 trabit
558 2569 621 2611 curn
634 2549 729 2610 bulbis
741 2560 848 2629 potum.
871 2552 1014 2612 Fabianus
1026 2560 1129 2612 auctor

129 2645 176 2697 est
192 2652 336 2696 venenum
352 2653 436 2713 esse,
454 2638 479 2695 si
496 2636 560 2713 quis
575 2635 689 2694 ieiunus
704 2652 721 2694 a
734 2635 858 2695 balineis
874 2635 904 2695 id
919 2635 1007 2695 bibat.

86 2732 121 2787 63
195 2719 277 2799 (31.)
315 2716 506 2819 Consequens
533 2717 635 2779 horum
668 2727 714 2778 ιιι
748 2719 816 2779 laen
837 2721 881 2779 sui
908 2721 1047 2796 cuiusque
1077 2738 1129 2797 ge

127 2803 215 2863 neris.
246 2800 327 2880 llrgo
353 2804 411 2861 vini
433 2802 564 2863 faecibus
588 2810 666 2861 tanta
686 2805 731 2863 vis
750 2812 796 2863 est
815 2811 848 2862 ut
868 2802 1105 2864 descendentis'
1096 2823 1166 2867 ruso

118 2904 216 2966 'cupas
232 2894 344 2947 enecet
376 2888 605 2965 experimentum
622 2886 747 2947 demissa
761 2888 884 2965 praebet
898 2888 1016 2949 lucerna
1033 2905 1127 2965 qnam

127 2971 175 3029 diu
192 2972 393 3046 exstinguatur
409 2970 569 3048 periculum
583 2969 761 3031 denuntians.
789 2971 880 3032 inlota
889 2973 1027 3031 miscetur
1038 2971 1127 3030 medi-

126 3056 283 3130 camentis,
301 3072 364 3114 cum
380 3054 460 3113 iridis
475 3072 548 3114 vero
564 3055 627 3131 pari
640 3056 771 3132 pondere
789 3056 989 3133 eruptionibus
1005 3056 1126 3133 pituitae

125 3137 272 3215 inlinitur,
304 3146 335 3197 ct
359 3140 436 3197 sicea
460 3137 509 3197 ael
533 3137 644 3198 madida
665 3147 765 3199 contra
786 3140 937 3220 phalangia
960 3146 990 3198 et
1010 3140 1126 3197 testium

125 3238 363 3299 mammarumque
378 3221 591 3281 inflammationi
606 3220 655 3281 vel
671 3223 699 3280 iu
722 3239 898 3300 quacumque
914 3230 997 3301 parte
1022 3237 1164 3298 corpo-ae

125 3306 184 3381 ris,
199 3306 269 3365 item
281 3322 344 3364 curn
365 3304 519 3366 hordeacia
531 3305 623 3365 farina
636 3313 666 3363 ιι
682 3308 754 3365 turis
774 3305 884 3384 polline
896 3308 927 3364 in
946 3306 1014 3363 vino
1031 3313 1124 3364 cocta.

83 3396 270 3453 merehatur
297 3397 327 3449 et
353 3392 466 3449 siccata.
504 3390 733 3468 experimentum
753 3397 799 3449 est
821 3389 952 3466 legitime
973 3394 1074 3448 coctae
1094 3397 1126 3447 ut

125 3472 301 3549 refrigerata
317 3470 443 3551 linguam
459 3482 536 3535 tactu
547 3472 680 3535 videatur
694 3490 788 3534 urere.
818 3472 971 3533 celerrime
983 3472 1127 3531 exanima-
1175 3536 1185 3549 ,
