2484 3817
148 169 185 231 to
487 178 517 229 o.
538 180 636 239 rursu
653 176 802 227 aeonum

147 334 283 410 trossuli,
300 352 363 395 cunr
377 332 513 411 oppidum
528 334 557 394 in
568 331 672 393 Tuscis
687 332 759 391 citra
773 329 923 391 Volsinios
938 346 966 406 p.
976 331 1135 397 ’νῑιῑείιιο

123 449 125 455 v
147 418 207 478 ullo
228 417 355 496 pediturn
372 417 536 476 adiumento
557 416 707 493 cepissent
721 416 784 475 eius
804 412 954 489 vocabuli,
977 413 1064 490 idque
1084 412 1135 471 du·

103 504 223 569 :tonavit
242 501 316 561 ultra
338 498 369 559 G.
393 498 557 559 Gracchum.
593 498 691 558 lunius
712 505 795 559 certe
816 498 863 573 qui
881 496 917 557 alt
933 499 1057 557 amicitia
1071 498 1134 556 eius

148 583 327 645 Gracchanus
338 582 499 662 appellatus
509 591 555 643 est
566 582 704 660 scripturn
714 581 834 659 reliquit
844 580 890 639 lris
902 580 1017 640 verbis:
1034 578 1135 651 Quod

147 669 189 729 ad
215 674 430 745 equestrem
453 665 617 726 ordinem
641 666 784 724 attinet
807 672 916 723 antea
942 662 1156 725 trossuloss

122 752 344 826 ‘vocabant,
378 766 468 809 nuno
497 750 661 831 equites,
681 754 812 808 vocant
841 747 928 807 ideo
956 749 1039 824 quia
1065 764 1135 806 non

147 834 378 911 intellegunt
394 832 582 891 trossulos
599 847 726 890 nomen
744 830 830 908 quid
850 830 970 891 valeat
990 830 1134 889 multos·

148 937 217 996 que
237 917 350 996 pudet
370 932 412 974 eo
434 916 578 975 nomine
597 912 807 992 appellari,
822 922 853 973 et
868 931 1071 992 causamquae
1088 932 1154 973 su·-

147 1019 198 1079 pra
212 1000 335 1060 indicata
355 1006 401 1057 est
424 999 544 1075 exponit
561 998 728 1074 invitosque
745 998 897 1057 etiamnum
912 1005 1006 1057 tamen
1025 1004 1135 1056 trossu-

149 1085 193 1144 los
210 1084 317 1143 vocari.
1147 1100 1172 1142 ιι

106 1176 138 1236 37
213 1165 294 1243 (10.)
315 1164 386 1223 Sunt
404 1162 495 1222 adhuc
510 1162 625 1242 aliquae
645 1179 704 1223 non
728 1162 902 1224 omittendae
921 1164 950 1223 in
967 1182 1037 1224 auro
1054 1162 1135 1224 dille·

147 1250 267 1309 rcntiae.
281 1245 385 1305 auxilia
397 1247 504 1324 quippe
516 1254 545 1306 et
559 1255 698 1307 externos
709 1247 859 1324 torquibus
870 1247 1135 1324 aureisdonavere,

147 1331 261 1391 ateiris
277 1331 403 1388 nonnisi
426 1331 590 1407 argenteis,
616 1338 791 1408 praeterque
813 1329 937 1390 armillas
957 1331 1069 1390 civibus
1086 1331 1135 1389 de·

148 1414 218 1473 dere
234 1430 304 1490 quas
319 1429 377 1473 non
392 1412 497 1491 dabant
512 1415 652 1473 externis.

106 1508 140 1565 38
210 1497 290 1576 (ll.)
310 1495 416 1573 lidem,
436 1514 493 1575 quo
514 1489 604 1573 magis
625 1497 774 1574 miremur,
794 1514 919 1556 coronas
942 1515 980 1563 ex
999 1496 1171 1558 amodo-1⁵

148 1581 219 1641 dere
235 1588 265 1641 et
279 1581 399 1640 civibus.
432 1581 497 1659 quis
514 1582 620 1659 primus
635 1579 755 1639 donatur
770 1581 807 1640 sit
822 1598 857 1639 ea
872 1597 930 1640 non
943 1580 1040 1639 inveni
1054 1580 1133 1655 equi·

148 1666 229 1741 dero,
245 1665 309 1743 quis
326 1665 433 1742 primos
448 1662 600 1723 donaverit
613 1682 630 1724 a
645 1661 677 1722 l.
691 1663 798 1723 Pisone
817 1664 946 1723 traditur.
979 1664 1014 1721 Α.
1030 1661 1133 1721 Postu·

148 1750 220 1807 mius
254 1747 378 1808 dictator
413 1746 487 1825 apud
523 1747 613 1807 lacum
649 1746 796 1823 Regillum
830 1748 931 1806 castris
969 1745 1133 1804 latinorum

149 1832 321 1910 expugnatis
337 1847 401 1889 eum
419 1831 498 1889 cuius
519 1847 648 1890 maxume
665 1848 755 1908 opera
769 1838 852 1908 capta
870 1838 969 1889 essent
984 1826 1032 1887 *ἢ
1061 1828 1133 1887 hanc

148 1932 283 1989 coronam
300 1930 338 1973 ox
353 1913 460 1990 praeda
475 1913 553 1973 dedit
569 1915 638 1986 item
652 1912 684 1973 L.
699 1913 836 1973 Lentulus
853 1930 912 1973 cos.
941 1912 1046 1971 Servio
1062 1910 1170 1971 Cor-20

148 1998 227 2057 nelio
247 1995 404 2056 Merendae
426 1995 580 2055 Samnitum
595 1996 702 2073 oppido
725 2004 829 2073 oapto,
850 1994 904 2055 sed
922 1995 989 2054 huic
1009 1996 1134 2072 quinque

149 2080 292 2141 librarum.
321 2078 390 2139 Piso
406 2079 493 2156 Frugi
503 2076 596 2138 ‘lilium
612 2096 650 2138 ex
660 2081 770 2156 privata
781 2081 904 2156 pecunia
919 2078 1046 2155 donavit,
1059 2096 1134 2137 earn·

149 2181 204 2241 que
219 2180 353 2223 coronam
367 2170 540 2223 testamento
555 2164 583 2221 ei
599 2161 787 2239 praelegavit.

107 2257 141 2313 39
212 2248 242 2308 3.
271 2246 353 2323 (12.)
373 2243 501 2305 Deorum
519 2244 639 2305 honoris
659 2246 689 2305 iu
703 2248 792 2328 sacris
812 2244 882 2305 nihil
897 2243 973 2304 aliud
987 2247 1134 2321 excogita-

150 2337 207 2388 tum
220 2335 267 2389 est
281 2345 364 2406 quarn
378 2337 409 2387 ut
423 2330 529 2388 auratis
544 2329 680 2388 cornibus
694 2328 824 2404 hostiae,
838 2328 963 2387 maiores
978 2328 1134 2406 dumtaxat,
1143 2349 1170 2389 ιι

149 2411 362 2471 inmolaruntur.
393 2410 446 2471 sed
468 2413 497 2471 in
512 2411 612 2470 militia
626 2429 741 2490 quoque
754 2412 784 2471 iu
800 2419 906 2471 tanturn
920 2411 1048 2472 adolevit
1063 2410 1135 2471 lraec

56 2548 59 2557 ι
150 2494 261 2554 luxuria
276 2502 306 2554 ut
319 2492 355 2553 ll.
371 2494 451 2553 Bruti
464 2513 480 2553 e
493 2493 661 2571 Philippicis
675 2496 782 2573 campis
795 2493 937 2571 epistulae
953 2497 1135 2572 reperiantur

150 2578 299 2638 frementis
321 2577 422 2637 tibulus
444 2577 609 2636 tribunicias
630 2596 668 2637 ex
692 2594 762 2637 auro
782 2579 856 2655 geri.
895 2578 952 2654 ita,
980 2577 1134 2654 Hercules,

150 2660 225 2721 idem
241 2662 316 2720 enirn
330 2668 376 2736 tu,
396 2659 499 2735 Brute,
521 2660 670 2719 mulierum
687 2660 807 2737 pedibus
822 2677 920 2737 aprum
934 2669 1078 2739 gestatum
1094 2670 1134 2719 ta·

151 2744 251 2819 suisti,
267 2751 298 2804 et
313 2760 366 2803 nos
382 2742 502 2803 sceleris
518 2745 661 2819 arguimus
677 2742 755 2802 illurn
769 2744 818 2820 qui
832 2743 939 2822 primos
954 2762 1025 2803 auro
1043 2744 1170 2821 digni-ao

152 2834 239 2886 tatem
258 2844 312 2905 per
335 2826 435 2887 anulos
456 2824 539 2885 lecit!
561 2826 685 2886 habeant
703 2826 735 2886 in
755 2825 872 2887 lacertis
894 2827 950 2886 iarn
974 2826 1087 2903 quidem
1102 2835 1134 2885 et

108 2907 316 3054 4ονιϊίζιιιιιιιιί
330 2927 368 3049 qq
382 2908 520 3053 {zardaqis
537 2911 617 3051 'afri‘
632 2910 775 3051 itaqueqt
788 2906 960 3051 qu-danim
974 2911 1134 3053 vfflamrq

152 3009 328 3053 -vrrroae
354 3011 382 3053 ae
408 3010 452 3053 tce
492 3009 554 3051 rcuu
610 3008 731 3066 ,vome
770 3010 978 3054 erarrce-
1067 3011 1121 3053 ean

150 3075 274 3135 feminae
291 3076 320 3133 in
340 3074 456 3135 armillis
478 3072 633 3159 digitisque
655 3075 745 3149 totis,
765 3074 860 3150 collo,
880 3036 1014 3151 auribud,
1033 3078 1132 3153 spiris,

150 3157 310 3216 discurrant
335 3166 453 3218 catenae
475 3158 552 3217 circa
565 3155 657 3216 latera
677 3166 709 3217 et
729 3159 758 3217 in
778 3166 896 3218 secreto
917 3161 1133 3236 margaritarum
1141 3179 1169 3219 ss

151 3238 256 3298 sacculi
272 3258 289 3298 e
305 3240 383 3300 collo
400 3240 574 3300 dominarum
588 3257 677 3300 aureo
692 3240 835 3319 pendeant
850 3249 880 3300 ut
894 3243 923 3299 in
937 3259 1047 3301 sommo
1062 3259 1145 3319 quo-¹

151 3338 207 3397 que
226 3322 360 3383 unionum
381 3322 557 3382 consolantia
583 3322 674 3399 adsit,
705 3325 827 3383 etiamne
851 3323 974 3401 pedibus
1000 3326 1134 3387 induetur

151 3411 237 3481 atque
256 3406 331 3475 iuter
346 3404 449 3467 stolam
463 3402 637 3485 plebemque
651 3404 725 3467 lrunc
737 3404 858 3466 medium
867 3406 1036 3467 feminarum
1047 3425 1135 3486 eque·
