2484 3817
165 182 230 247 236
489 192 521 242 c.
542 193 639 241 annu
660 190 811 241 saoneres

166 350 310 412 undans
322 357 443 409 nnemt
456 347 657 407 Armeniacum
670 345 708 407 de
728 364 761 406 se
782 345 952 424 triumphum
972 344 1107 405 adiersm
1130 354 1160 405 et

124 444 157 500 1¹1
167 434 235 494 ideo
252 433 409 512 provinciis
424 432 533 507 qmris.
552 431 691 507 navigare
704 430 846 505 uoluerat,
863 431 996 507 quoniam
1012 445 1160 506 exspuere

164 519 194 577 in
212 519 301 576 naria
323 516 446 595 aliisque
465 513 626 573 mnndum
646 512 866 573 necessitatibus
894 512 1006 573 uiolare
1031 521 1161 573 naiman

166 617 229 660 eum
243 600 289 659 las
304 614 363 658 non
379 607 487 676 patant
516 597 620 673 llaqos
631 614 729 657 secum
745 596 918 671 adduxerat,
933 596 1056 672 magicis
1074 597 1161 655 etiam

164 685 246 747 cenis
259 699 326 742 eum
341 683 513 758 initiaverat,
527 697 587 739 nou
600 690 708 755 tamen,
726 698 790 741 cum
802 698 922 757 regnum
937 682 965 739 ei
979 679 1070 755 daret,
1086 678 1186 739 henos
1232 696 1233 731 i

164 766 201 827 ab
216 784 253 826 eo
272 776 363 825 artem
378 767 515 843 accipere
530 763 630 822 valuit.
657 763 779 843 proinde
800 765 838 823 ita
858 780 1026 841 persuasum
1040 764 1095 837 sit,
1119 763 1161 822 in·

164 848 347 924 tmnlsileur,
367 850 490 921 inritam,
505 847 618 905 inanem
636 864 719 922 esse,
743 845 894 907 habentem
914 856 1009 907 tumen
1024 844 1162 923 quasdam
1233 895 1234 919 q

167 934 298 993 remmia
311 932 438 1005 umbras,
457 928 511 989 sed
525 930 555 989 in
568 930 614 989 lsis
631 931 780 990 reneicas
794 930 863 990 artis
880 929 1010 1009 pollere,
1025 946 1084 989 non
1100 946 1162 989 mn·
1233 930 1234 933 ’

121 1026 157 1082 18
167 1019 261 1094 picus.
289 1024 410 1094 quaerat
429 1013 550 1090 aliquis,
570 1030 647 1092 quae
661 1016 718 1073 sint
731 1014 840 1073 mentiti
855 1022 972 1075 veteres
984 1012 1079 1089 Magi,
1096 1030 1163 1071 cum

164 1098 398 1161 adulescentibus
413 1096 499 1156 nobis
513 1098 593 1157 uisus
609 1097 707 1175 Apion
721 1099 924 1173 grammaticae
937 1098 1008 1156 artis
1025 1094 1161 1175 prodide·
1172 1111 1194 1153 m

100 1174 106 1186 ⁸
163 1184 202 1241 rit
220 1180 459 1258 cynocephalian
472 1180 608 1254 herbam,
625 1198 700 1259 quae
714 1182 741 1239 in
757 1179 895 1257 Aegypto
910 1187 1064 1240 vocaretur
1077 1178 1162 1239 osiri-

165 1266 213 1340 tia‚
228 1264 352 1323 divinam
365 1272 397 1323 ct
411 1272 511 1323 oontm
527 1266 621 1323 omnia
636 1263 794 1338 veneficia,
815 1265 868 1323 sed
883 1264 908 1323 si
923 1271 984 1322 tota
999 1272 1162 1336 erueretur,

164 1349 259 1406 statim
270 1364 334 1405 enm
348 1348 396 1425 qui
411 1348 537 1405 eruisset
552 1350 635 1423 mori,
653 1364 744 1424 seque
759 1364 901 1407 evocasse
916 1346 1030 1407 umbras
1043 1345 1079 1406 ad
1094 1362 1162 1423 per·

164 1430 335 1490 contendum
360 1430 514 1490 llouuernm
539 1448 660 1509 quanam
686 1430 777 1508 patria
810 1429 971 1508 quibusque
993 1428 1163 1510 parentibus

164 1514 280 1590 genitus
294 1522 385 1591 emes,
400 1530 458 1573 uon
473 1523 568 1574 nmen
578 1531 664 1573 ausus
680 1512 811 1593 profiteri
822 1513 889 1591 quid
903 1513 958 1574 sibi
973 1512 1195 1592 respondissem

164 1596 287 1658 diceru.
407 1607 416 1615 ‘
477 1636 480 1642 ·
1235 1650 1236 1663 ,

122 1690 157 1744 19
222 1681 252 1743 3.
276 1681 339 1759 (7.)
363 1681 514 1741 Peculiare
527 1681 661 1740 vanitatis
679 1681 716 1739 sit
736 1689 933 1755 argumentum
956 1679 1033 1758 quod
1054 1680 1161 1741 auima-

164 1763 232 1824 lium
249 1773 417 1825 cunctorum
432 1765 526 1843 talpas
545 1781 677 1824 manne
692 1763 827 1823 mirantur
848 1772 891 1824 tut
911 1764 1006 1825 modis
1026 1780 1044 1823 a
1065 1780 1162 1825 rerum

163 1847 436 1925 maturrimam,
455 1850 596 1908 caecitate
611 1856 770 1925 perpetua,
790 1847 919 1909 tenebris
930 1850 1081 1907 etiamnum
1096 1848 1162 1907 aliis
1236 1895 1237 1901 ,

164 1930 299 1991 defossas
315 1932 497 2010 sepultisque
510 1931 621 1991 similis.
651 1930 737 1991 nullis
752 1948 845 2009 aeque
861 1932 981 1991 creduut
995 1932 1078 2007 extis,
1098 1930 1196 1991 nul-ac

163 2012 222 2072 lum
237 2013 410 2091 religionum
423 2016 561 2093 sapasim
576 2014 703 2073 iudicant
725 2014 842 2091 animal,
861 2022 893 2074 ut
907 2016 932 2074 si
947 2016 1010 2092 quis
1029 2030 1081 2073 cur
1098 2015 1160 2073 eins

163 2112 273 2155 recens
287 2096 491 2175 palpitansque
507 2098 647 2171 devoret,
663 2098 845 2157 divinationis
864 2106 894 2157 et
912 2114 1010 2157 rerum
1030 2096 1160 2157 cilicien-

122 2177 267 2240 ttitlarnm
283 2190 403 2240 evertam
426 2182 599 2257 promittant.
629 2180 715 2240 dente
735 2180 833 2257 talpae
853 2180 937 2240 vivae
953 2189 1092 2258 exempto
1115 2196 1161 2241 aa·

164 2262 227 2321 neri
251 2261 375 2322 dentium
405 2263 525 2323 delores
557 2264 713 2340 adalligato
734 2264 890 2324 adfirmant.
924 2273 1030 2325 cetera
1059 2280 1098 2323 es
1124 2280 1161 2325 eo

165 2345 277 2405 ammali
299 2346 406 2423 placita
424 2364 526 2407 eornm
551 2348 612 2406 suis
632 2346 786 2407 reddemus
809 2347 894 2407 locis.
933 2366 989 2407 uec
1009 2348 1195 2424 quicquamst

165 2428 346 2507 mutabilius
362 2431 523 2489 inuenietur
539 2447 624 2509 qaam
636 2431 725 2490 muris
741 2432 838 2491 aranei
854 2430 997 2491 morsibus
1011 2428 1162 2491 edumsari

132 2530 198 2573 om
208 2529 269 2590 eas,
288 2514 421 2591 qnoniam
434 2522 465 2572 et
479 2522 558 2574 mure
573 2514 686 2589 culitis,
705 2523 736 2574 ut
753 2513 883 2592 diximus,
901 2515 1041 2593 depressa
1058 2511 1161 2575 adaer-

164 2604 253 2655 ntur.

122 2688 153 2741 21
220 2679 284 2758 (8.)
304 2678 413 2741 (ietero
424 2680 550 2741 lentim
563 2679 724 2757 doloribus,
739 2690 771 2741 nt
784 2682 871 2741 iidem
884 2688 1015 2759 narrum,
1028 2679 1162 2742 medear

164 2778 274 2823 caru·
287 2765 338 2842 qai
359 2763 442 2824 rabie
469 2766 618 2841 perierunt
638 2765 761 2844 capitam
788 2766 859 2823 ciru's
883 2771 1073 2823 crematorum
1096 2764 1197 2823 naeu

163 2846 300 2909 mnibus
317 2848 471 2908 instillatus
492 2864 530 2907 ax
544 2848 613 2907 oleo
631 2849 731 2926 capric
753 2865 807 2925 per
828 2863 927 2907 nure·
941 2848 1023 2907 cuius
1042 2855 1162 2924 eparte

164 2929 299 3005 doleant,
314 2934 432 2991 camum
445 2931 518 2991 ders
533 2932 649 2990 sinister
665 2945 811 2991 maxumus
827 2929 1102 3007 circumscariphato
1122 2944 1162 2989 eu

165 3014 213 3092 qui
228 3014 327 3073 doleat
340 3024 389 3075 aut
403 3014 538 3073 innocuis
554 3031 588 3073 os
604 3033 621 3073 e
636 3014 736 3093 spina,
759 3016 827 3073 item
843 3010 1018 3087 enhydridis.
1049 3020 1097 3073 est
1112 3030 1162 3073 aa·

164 3106 223 3157 tem
237 3102 362 3175 serpens
372 3097 519 3157 masculus
533 3105 566 3158 et
576 3097 668 3157 amns.
694 3097 777 3159 huius
787 3111 921 3157 maxumo
936 3095 1021 3158 dente
1040 3096 1161 3156 circnm-

166 3180 348 3258 arripiant,
370 3190 400 3241 et
422 3182 452 3240 in
466 3182 652 3258 superiorum,
667 3180 768 3241 dolore
786 3179 859 3241 duos
876 3180 1044 3257 superiores
1058 3178 1161 3240 adalli·
1171 3196 1198 3241 su

163 3270 275 3340 gente
290 3264 407 3325 drerso
420 3264 585 3324 interiores.
604 3263 689 3323 huius
703 3263 788 3341 adipe
799 3270 1016 3340 perunguantur
1032 3264 1080 3340 qui
1096 3276 1162 3321 cro·

121 3356 158 3409 22
168 3346 293 3407 ocdilun
306 3354 431 3427 mptant
460 3349 554 3409 dentis
575 3347 743 3427 soadplaut
754 3346 870 3407 ossihm
887 3346 1015 3405 lacertae
1032 3344 1164 3407 eluente

162 3430 232 3490 lnnu
245 3431 331 3510 plena
346 3432 490 3511 exemptio
510 3434 551 3491 ita
563 3448 602 3491 re
617 3440 724 3491 terram
736 3432 884 3507 attingunt.
912 3428 1031 3491 colnuut
1051 3429 1164 3489 caninis
