2484 3817
308 231 311 239 ,
340 178 420 226 usu.
435 176 525 226 men.
540 176 638 226 xxrxa
654 174 681 227 4.
698 166 847 245 (av-eo.)
952 158 956 169 ’
1014 164 1075 229 223

87 335 163 394 enim
175 333 223 393 bic
233 330 335 409 plenus
346 331 494 408 lentigine,
506 332 638 391 stridoris
649 332 758 408 acerbi,
772 334 842 391 eti*
853 333 989 410 vescitur,
1001 352 1076 413 tpuae

87 419 181 477 omnia
197 434 214 476 a
229 416 335 474 nostris
351 414 521 474 stelionibus
536 416 629 475 aliena
644 424 719 474 sunt.

148 500 235 577 (29.)
256 498 378 557 Prodest
391 508 421 556 et
436 498 604 575 gallinarum
619 500 676 557 limi
692 500 762 557 cinis
778 498 919 578 inlinitus,
939 503 1072 564 draconis
1083 516 1113 570 91

86 586 178 657 iecur,
193 584 301 642 lacerta
313 581 432 658 divolsa,
447 600 508 640 mus
524 582 663 657 divolsus,
679 583 796 660 scorpio
813 584 875 661 ipse
887 603 956 645 snae
969 586 1073 665 plagae

62 668 228 745 sinpositns
243 674 292 725 ant
305 683 387 725 assus
401 668 430 723 iu
445 664 511 724 cibo
530 674 658 743 sumptus
670 674 718 725 aut
733 674 819 742 potus
834 668 863 724 in
877 671 948 729 meri
963 672 1073 745 cyathis

86 749 208 809 duobus.
238 749 386 828 proprium
408 758 454 807 est
472 750 655 825 scorpionum
675 749 753 825 quod
767 766 866 809 manns
881 752 1001 828 palmam
1016 769 1074 812 non

86 834 190 893 feriunt
204 850 262 891 nec
276 834 330 891 nisi
346 832 439 909 pilosa
453 833 605 907 attingere.
627 832 742 909 lapillus
757 831 973 912 qualiscumque
987 835 1023 894 ah
1039 853 1075 915 ea
1155 856 1161 872 ⁴

86 926 169 994 parte
187 934 245 993 qua
259 916 288 973 in
302 924 379 974 terra
395 924 456 973 erat
471 916 612 992 inpositus
627 916 732 991 plagae
753 916 831 975 levat
849 916 989 994 dolorem,
1007 920 1076 977 item

85 1009 160 1060 testa
174 1009 253 1059 terra
269 1007 371 1077 operta
387 998 530 1076 exaliqua
546 1006 629 1075 parte
644 999 718 1057 siout
733 1008 794 1059 erat
809 1000 933 1078 inposita
950 1000 1075 1061 liberoso
1174 1066 1176 1071 ,

54 1084 200 1157 rodicitur,
214 1116 258 1129 —-
274 1099 331 1141 non
352 1080 458 1140 debent
471 1083 620 1158 respicere
637 1084 684 1159 qui
700 1083 837 1160 inponunt
858 1094 887 1143 et
909 1102 1014 1145 cavere
1037 1100 1074 1143 ne

87 1166 132 1226 sol
147 1166 297 1243 adspiciat,
311 1197 354 1211 —
368 1182 482 1224 vermes
497 1166 604 1223 terreni
623 1167 681 1223 triti
701 1165 827 1243 inpositi.
857 1167 945 1227 Multa
967 1177 997 1227 et
1016 1166 1117 1231 aliaeu

87 1269 124 1309 ex
136 1250 181 1308 his
195 1248 324 1308 remedia
338 1257 404 1307 sunt
417 1257 537 1326 propter
551 1249 668 1325 quaein
682 1249 770 1308 melle
786 1250 945 1309 servantur.
970 1260 1074 1310 noctua

86 1332 187 1410 apibus
209 1334 353 1391 contrarie
383 1340 412 1391 et
432 1332 532 1409 vespis
553 1331 799 1409 crabronibusque
829 1341 857 1392 et
881 1335 1074 1411 sanguisugis,

87 1420 144 1493 piei
158 1432 277 1495 qnoque
291 1415 384 1474 blartii
401 1423 525 1473 rostrum
542 1433 640 1475 secum
658 1414 798 1475 habentes
810 1434 867 1475 non
882 1417 1022 1478 feriuntur
1037 1416 1073 1475 ab

3 1561 4 1566 ,
56 1501 133 1559 sciis.
163 1499 354 1574 adversantur
375 1507 404 1556 et
425 1498 599 1557 locustarum
623 1500 763 1557 minumae
782 1501 843 1557 sine
866 1501 973 1577 pinnis,
1001 1517 1074 1579 qnos

88 1582 231 1642 attelebos
246 1589 362 1641 vocant.
398 1580 450 1640 Est
466 1591 495 1640 et
509 1581 691 1640 formicarum
705 1598 797 1655 genus
813 1592 997 1657 venenatum,
1017 1601 1075 1642 non

3 1723 4 1728 ,
87 1667 149 1725 iere
169 1670 199 1725 in
217 1665 310 1725 ltalia.
339 1665 488 1742 solipugas
503 1663 609 1723 Cicero
626 1663 770 1740 appellat,
792 1664 928 1740 salpugas
949 1664 1074 1741 Baetica,

86 1751 132 1809 his
144 1750 362 1828 vespertilionis
378 1765 430 1807 cor
447 1747 620 1806 contrarium
636 1745 824 1824 omnibusque
839 1746 983 1822 formicis,
1002 1747 1074 1807 sala·

86 1832 210 1891 mandris
227 1831 406 1893 cantharide-s
419 1831 541 1889 diximus
555 1830 703 1889 resistere.
1083 1850 1106 1882 ra

52 1935 79 1974 ro
153 1914 234 1993 (30.)
257 1914 358 1975 sedin
374 1912 419 1973 his
435 1930 538 1989 magna
554 1913 700 1991 quaestio,
716 1912 847 1990 quoniam
862 1914 943 1993 ipsae
962 1928 1071 1972 venene
1083 1923 1118 1977 93

89 2006 157 2057 sunt
169 2008 253 2074 potae
271 2000 388 2057 vesicae
401 2014 464 2056 cum
483 1997 610 2055 cruciatu
625 1998 793 2074 praecipuo.
823 1995 971 2057 Gossinum
995 1997 1073 2073 equi·

85 2092 145 2141 tem
156 2082 312 2141 Romanum
323 2078 575 2140 amicitiaNeronis
585 2080 722 2158 principis
733 2089 839 2154 notum,
853 2099 915 2140 cum
927 2082 951 2139 is
962 2079 1075 2139 lichene

86 2174 244 2243 conseptus
258 2172 356 2240 esset,
371 2173 495 2236 vocatus
507 2162 646 2241 Aegypto
662 2162 788 2223 medicus
805 2163 841 2223 oh
856 2163 929 2223 hanc
944 2163 1074 2223 valitudi-

85 2266 151 2308 nem
167 2250 229 2307 eius
243 2266 260 2307 a
273 2247 411 2324 Caesare,
430 2265 496 2305 cum
511 2245 705 2307 cantharidum
719 2256 816 2323 potum
831 2263 1007 2324 praeparare
1023 2262 1074 2305 vo·

52 2331 207 2406 sciuisset,
227 2331 380 2390 interemit.
410 2348 509 2389 verum
528 2330 632 2388 inlitas‘
648 2330 789 2408 prodesse
810 2346 868 2389 non
888 2329 1001 2389 dubium
1030 2337 1074 2389 est

87 2432 150 2473 cnm
171 2431 243 2473 suco
264 2413 395 2472 taminiae
411 2430 483 2472 uvae
504 2421 534 2472 et
556 2412 628 2471 sebo
651 2414 714 2473 ovis
728 2412 776 2471 vel
796 2431 913 2491 caprae.
943 2412 1071 2489 Ipsarum
1082 2421 1117 2476 94

86 2497 283 2557 cantharidum
296 2512 437 2555 venenum
456 2496 484 2555 in
501 2514 557 2574 qua
570 2504 651 2572 parte
674 2498 783 2554 sitnon
800 2505 912 2557 constat
930 2496 1004 2553 inter
1025 2512 1072 2553 au·

86 2590 195 2640 ctores.
223 2580 273 2642 alii
289 2580 318 2637 in
331 2578 452 2656 pedibus
467 2587 497 2637 et
512 2580 606 2656 capite
623 2579 785 2637 existimant
803 2598 879 2655 esse,
895 2578 942 2637 alii
956 2585 1072 2651 negant.

85 2664 222 2723 convenit
237 2670 343 2721 tentum
361 2664 462 2739 pinnas
479 2678 577 2721 earum
591 2662 737 2734 auxiliari,
753 2662 780 2719 in
799 2678 976 2740 quacumque
991 2668 1073 2735 parte

53 2749 123 2806 sosit
136 2762 288 2805 venenum.
325 2746 407 2822 ipsae
421 2755 573 2805 nascuntur
588 2762 627 2803 ex
643 2745 813 2821 vermiculo,
829 2747 857 2803 in
871 2758 1000 2821 spongea
1016 2758 1073 2799 ma·

84 2847 170 2889 xnme
187 2827 358 2903 cynorrhodi
375 2846 449 2905 quae
463 2830 494 2887 lit
513 2830 541 2887 in
557 2827 656 2904 caule,
677 2827 730 2886 sed
747 2826 948 2888 fecundissime
970 2824 998 2881 in
1018 2823 1073 2882 ira·
1126 2837 1128 2841 ·

85 2913 168 2987 xino,
187 2919 306 2970 ceterae
325 2912 353 2969 in
375 2910 439 2971 alba
462 2928 545 2988 rosa,
563 2913 655 2970 minus
676 2910 824 2970 efficaces.
855 2905 1072 2985 potentissimae

85 2998 162 3053 inter
183 2995 277 3054 omnis
296 2996 409 3069 variae,
433 2994 517 3053 luteis
533 2995 607 3053 liniis
626 3010 696 3071 quas
712 2996 741 3051 in
756 2992 848 3069 pinnis
863 2998 1007 3050 traversas
1022 2988 1072 3048 ha·

85 3078 166 3151 bent,
182 3078 301 3136 multum
316 3078 449 3154 pingues,
466 3078 619 3136 inertiores
636 3077 769 3148 minutae,
785 3076 870 3145 latae,
891 3074 1014 3151 pilosae,
1032 3071 1071 3129 in·

52 3161 254 3221 seutilissimae
269 3176 342 3218 vero
362 3162 444 3218 unios
461 3158 570 3219 coloris
590 3176 714 3218 macrae.
744 3155 907 3219 Condantur
927 3158 955 3214 in
977 3156 1068 3215 calice
1080 3164 1114 3218 95

86 3244 168 3303 iictili
184 3250 243 3302 non
258 3244 355 3321 picato
371 3251 401 3302 et
415 3244 504 3302 linteo
520 3241 665 3317 conligato
674 3284 683 3317 ,
702 3246 853 3298 contectae
869 3255 935 3296 rosa
952 3247 1071 3313 matura,

85 3337 116 3385 et
131 3325 345 3404 suspenduntur
360 3343 448 3403 snper
468 3332 578 3385 acetum
601 3340 664 3381 cum
684 3321 745 3380 sale
767 3319 883 3378 fervens
904 3319 997 3378 donec
1018 3336 1071 3397 per

85 3409 237 3470 linteolum
249 3417 435 3488 vaporentur,
451 3412 752 3485 postcareponuntur.
781 3401 824 3459 vis
840 3420 933 3461 earum
949 3402 1072 3462 adurere
