2484 3817
293 198 374 247 aar.
389 198 479 247 mse.
498 197 620 247 xxmn.
639 194 666 249 t.
689 186 841 269 (lo—14.)
1005 192 1064 253 165

83 350 177 426 cibus,
199 350 305 412 cadere
318 341 348 411 in
362 370 464 431 aquam
480 352 612 413 demissis
632 353 765 431 frigidam
785 354 924 433 pedibus,
947 358 972 417 si
992 374 1064 418 uero
1145 406 1148 411 .

82 454 119 495 ex
132 435 198 493 aliis
212 436 336 512 ossibus,
350 436 483 513 inpositis
497 439 583 515 capiti
598 455 636 496 ex
658 438 762 497 codem
783 456 853 498 vase
868 441 1016 519 ossiculis,
1039 443 1064 502 si

81 520 160 599 panis
175 517 303 593 haereat,
321 537 358 579 ex
374 520 475 579 eodem
491 522 521 579 iu
536 529 686 599 utramque
700 537 798 581 aurem
815 522 910 583 addito
928 541 1011 601 pane.

140 601 222 679 (13.)
246 602 320 676 Quin
335 611 364 661 et
380 603 476 662 sordis
494 603 615 663 hominis
629 605 658 662 in
675 604 785 680 magnis
805 604 904 666 iecere
924 608 1058 669 remediis
1072 623 1106 674 50

62 694 316 763 squaesmosorum
328 687 488 761 gymnasia
502 686 693 763 Graecorum,
718 688 825 767 quippe
846 706 880 748 eu
897 691 1064 767 strigmenta

5 786 6 838 l
79 768 220 844 molhuut,
242 769 431 843 calefaciunt,
451 769 622 843 discutiunt,
641 771 794 848 conplent,
816 772 924 831 sudore
944 783 974 832 et
995 775 1063 835 oleo

79 850 245 911 medicinam
262 850 442 911 iacientibus.
471 853 567 912 volvis
584 854 762 913 inflammatis
785 854 1000 932 contractisque
1015 858 1063 917 ad·

78 943 235 993 moventur.
259 936 302 994 sic
319 943 348 993 et
360 952 477 995 menses
492 938 583 1013 cient,
606 937 685 997 sedis
698 936 932 997 inflammationes
949 946 978 997 et
997 956 1064 999 con·

80 1018 219 1092 dylomata
233 1017 351 1095 leniunt,
365 1019 432 1077 item
448 1035 602 1079 nervorum
618 1020 745 1096 dolores,
761 1020 866 1099 luxata,
880 1022 1065 1083 articulomm

51 1102 178 1173 mnodos.
208 1101 376 1162 efficaciora
391 1102 492 1162 eadem
511 1106 679 1181 strigmenta
695 1122 711 1165 a
726 1103 863 1182 balineis,
886 1114 915 1165 et
929 1105 997 1167 ideo
1010 1108 1060 1165 mi·
1072 1120 1104 1172 51

79 1194 191 1245 secutur
211 1185 421 1263 suppuratoriis
439 1186 663 1247 medicamentis.
703 1204 766 1247 nam
792 1187 841 1247 illa
868 1206 941 1267 quae
962 1200 1064 1250 sunte

5 1297 6 1300 ¹
78 1276 223 1327 ceromate
243 1268 386 1347 permixta
402 1286 495 1329 coeno
515 1271 654 1330 articulos
668 1278 773 1330 tantum
792 1271 937 1349 molliunt,
958 1273 1063 1333 calciu-

5 1371 6 1430 q
78 1353 162 1427 ciunt,
177 1350 332 1411 discutiunt
347 1351 506 1428 efficacius,
524 1352 577 1413 scd
592 1353 627 1413 ad
644 1362 741 1413 cetera
759 1356 850 1415 miuus
864 1355 972 1418 valent.
1001 1356 1105 1421 *dx-ou

78 1434 154 1501 redit
168 1433 254 1495 iidem
268 1436 409 1512 inpudens
429 1452 496 1495 cura
514 1454 569 1515 qua
591 1438 687 1497 sordis
707 1438 849 1499 virilitatis
867 1447 967 1499 contra
981 1456 1062 1499 scor·

5 1518 6 1584 l
48 1546 70 1587 15
77 1521 190 1597 pinnum
206 1520 281 1577 ictus
293 1518 445 1594 singularis
460 1521 569 1579 remedi
585 1519 768 1580 celeberrimi
781 1530 915 1582 auctores
928 1522 1062 1599 clamant,

76 1620 173 1661 mrsus
195 1602 225 1659 in
252 1601 365 1661 leminis
385 1618 455 1679 quas
479 1603 626 1663 infantium
648 1603 716 1663 alvo
739 1601 831 1662 editas
848 1604 876 1662 in
892 1611 976 1663 utero
996 1606 1062 1683 ipso

76 1694 175 1745 contra
189 1684 368 1744 sterilitatem
382 1685 464 1745 subdi
486 1696 623 1763 censent,
650 1686 811 1745 meconium
832 1694 946 1744 vocant.
977 1688 1061 1748 immo

5 1771 6 1779 ’
76 1770 160 1827 mam
180 1768 262 1845 ipsus
281 1769 493 1843 gymnasiorum
513 1787 613 1829 rasere
634 1770 779 1846 parietes,
808 1776 837 1827 et
856 1766 923 1827 illac
947 1785 1064 1846 quoque

75 1850 180 1910 sordes
192 1849 427 1911 excalfactoriam
439 1853 494 1910 vim
508 1852 618 1911 habere
635 1852 774 1925 dicuutur,
792 1867 885 1929 panos
899 1851 1062 1929 discutiunt,

42 1932 221 1999 mulceribus
235 1950 332 1993 senum
346 1942 557 2013 puerorumque
581 1942 610 1993 et
624 1934 818 2012 desquamatis
831 1933 1006 1995 ambustisve
1020 1936 1062 1995 in·

6 2061 7 2072 .
75 2017 212 2076 linuntur.

6 2083 7 2091 ἵ
139 2098 222 2178 (14.)
243 2098 287 2160 Eo
301 2101 395 2160 minus
410 2101 500 2160 omitti
512 2102 647 2161 convenit
659 2100 695 2161 ab
711 2100 803 2161 auimo
818 2100 939 2163 hominis
957 2110 1057 2181 peteu·
1069 2112 1105 2167 53

71 2184 110 2242 tis
129 2182 296 2243 medicinas.
322 2184 468 2253 abstinere
485 2202 519 2245 se
540 2184 606 2245 cibo
629 2184 704 2245 omui
725 2193 772 2244 aut
791 2193 877 2263 potu,
902 2186 973 2246 alias
993 2188 1061 2245 vino

6 2287 7 2290 ¹
73 2274 179 2326 tantum
194 2276 245 2327 aut
257 2284 354 2344 carne,
370 2267 441 2327 alias
456 2267 586 2345 balineis,
600 2286 662 2328 cum
678 2268 746 2346 quid
761 2286 858 2329 corum
870 2269 997 2348 postulet
1012 2286 1061 2329 va-

42 2349 182 2425 climac,
204 2353 235 2409 in
257 2351 498 2428 praesentissimis
517 2352 653 2412 remediis
670 2351 802 2411 babetur.
834 2351 878 2411 his
895 2353 1060 2413 adnumera-

73 2441 119 2491 tur
141 2434 331 2508 exercitatio,
351 2435 472 2493 intentio
492 2436 591 2513 vocis,
611 2435 717 2511 ungui,
738 2434 836 2494 iricari
857 2452 919 2495 cum
940 2438 1060 2495 ratione.

72 2516 230 2575 vehemens
251 2518 327 2576 enim
342 2517 457 2576 fricatio
476 2520 599 2595 spissat,
628 2518 702 2577 leuis
727 2516 832 2595 mollit,
857 2519 944 2579 multu
965 2518 1063 2577 adimit

72 2616 197 2677 corpus,
221 2608 310 2675 auget
332 2599 453 2660 modica.
488 2602 516 2660 in
537 2602 635 2679 primis
656 2618 728 2661 vero
753 2601 873 2679 prodest
897 2600 1061 2675 ambulatio,

70 2683 198 2759 gestatio
224 2692 255 2741 et
270 2700 304 2742 ea
319 2682 449 2760 pluribus
469 2684 570 2743 modis.
600 2685 738 2763 equitatio
762 2685 910 2745 stomacho
930 2693 959 2745 et
976 2683 1105 2747 coxisse

41 2766 233 2841 inutilissima,
249 2765 355 2842 phthisi
368 2768 529 2842 navigatio,
550 2766 647 2845 longis
661 2767 769 2828 morbis
783 2768 913 2829 locorum
933 2766 1061 2841 mutatio,

69 2848 140 2907 item
155 2865 259 2908 somno
281 2848 335 2907 sibi
354 2850 464 2909 mederi
485 2857 533 2909 aut
548 2849 656 2911 lectulo
678 2859 708 2909 et
728 2868 794 2912 rara
814 2852 979 2911 vomitione.
1015 2864 1062 2907 su·

70 2932 131 3009 pini
149 2931 262 2991 cubitus
283 2932 376 2992 oculis
397 2933 575 3009 conducunt,
604 2941 635 2992 at
656 2936 740 3012 proni
756 2934 900 3009 tussibus,
927 2934 956 2992 in
971 2930 1062 2991 latera

70 3013 214 3074 adversus
237 3014 457 3077 destillationes.
494 3015 670 3077 Aristoteles
690 3025 719 3077 et
741 3016 884 3076 Fabianus
905 3016 1062 3093 plurumum

70 3098 210 3159 somniari
224 3100 304 3158 circa
325 3115 379 3157 ver
398 3107 430 3158 et
445 3108 605 3159 autumnum
629 3100 757 3175 tradunt,
787 3098 937 3174 magisque
959 3099 1062 3177 supino

39 3188 64 3231 ὃ
73 3180 180 3255 cubitu,
196 3190 226 3240 at
239 3197 336 3260 prono
349 3180 429 3256 nihil,
443 3181 660 3258 Theophrastus
671 3182 797 3243 celerius
814 3182 955 3261 concoqui
969 3180 1063 3241 dextri

71 3261 174 3323 lateris
199 3264 341 3341 incubitu,
366 3263 511 3323 difficilius
530 3279 547 3321 a
567 3265 685 3342 supinis.
715 3264 764 3323 Sol
781 3270 902 3342 quoque*
918 3264 1058 3325 remedio·
1070 3275 1104 3328 55

71 3362 134 3404 mm
146 3364 308 3408 maxumum
323 3346 360 3408 ab
379 3348 444 3425 ipso
460 3346 514 3405 sihi
528 3348 669 3423 pmestari
691 3355 803 3423 potest,
824 3350 897 3406 sicut
912 3347 1063 3408 linteorum

72 3430 282 3513 strigiliumque
299 3430 490 3493 vehementia.
524 3428 700 3507 pertundere
716 3438 801 3506 caput
815 3430 908 3490 calida
927 3439 992 3490 aute
1013 3428 1061 3487 ba·
