2484 3817
152 153 213 218 1³²
494 164 800 216 ammanuensium
867 195 871 204 .

150 320 367 382 baenatium·
385 319 472 381 tradit
491 327 610 398 practer
630 327 806 396 magnetem:
830 318 1018 396 principatum
1040 317 1089 378 dat
1112 337 1153 379 ex

151 405 189 463 ils
203 402 380 481 Aethiopico
397 404 545 463 oculorum
560 402 773 462 medicamentis
793 401 946 461 utilissimo
968 410 998 460 et
1021 403 1058 460 iis
1073 419 1152 478 quae

151 486 326 565 panchresta
347 486 493 566 appellat,
516 487 586 546 item
607 487 756 546 ambustis.
790 485 911 554 alterum
927 483 1153 544 androdamanta

152 569 221 630 dicit
243 572 357 644 vecari,
384 569 486 630 calore
507 571 636 646 nigrum,
661 567 791 646 pondere
812 587 845 628 ac
868 569 973 628 duritia
995 569 1153 643 insignem.

153 659 184 713 e't
204 653 270 714 inde
291 671 396 713 nemen
425 654 550 712 traxisse
574 655 790 731 praecipueque
811 654 839 711 in
862 651 961 710 Africa
988 660 1180 728 repertumst

110 736 289 800 reticebere
306 747 401 796 autem
413 737 441 795 iu
453 755 487 796 sc
501 745 670 813 argentum,
686 753 756 809 aes,
771 736 885 795 ferrum.
919 736 1154 810 experimentum

153 821 216 881 eius
240 839 309 880 case
330 822 360 879 in
380 829 448 879 cute
468 838 507 880 cx
531 820 627 896 lapide
643 820 792 894 basanite,
815 817 938 877 reddere
959 819 1034 876 enim
1051 835 1155 878 sucum

153 906 342 980 sanguineum
357 913 387 963 et
402 922 471 963 csse
485 903 519 962 ad
536 905 674 963 iocineris
689 905 757 961 vitia
774 902 919 979 praecipui
939 901 1057 960 remedi.
1093 909 1156 960 ter-

153 988 223 1046 tium
236 1004 329 1064 genus
346 987 464 1046 Arabici
481 987 567 1060 lacit,
588 987 672 1046 simili
689 987 808 1058 duritia,
824 987 872 1043 vix
886 984 1035 1044 reddentis
1051 1003 1154 1043 sucum

153 1069 188 1130 ad
203 1079 297 1129 cotem
313 1071 477 1146 aquariam,
493 1069 644 1144 aliquando
660 1087 747 1129 crocu
765 1069 895 1128 similem.
919 1069 1011 1146 quarti
1029 1070 1154 1143 generis
1168 1090 1192 1129 m

146 1153 303 1230 hepatiten
325 1153 424 1211 vocari
448 1151 581 1228 quamdiu
597 1153 701 1212 crudus
718 1155 771 1225 sit,
795 1160 906 1212 coctum
925 1167 995 1210 vero
1015 1150 1156 1227 miltiteu,

70 1258 72 1269 ·
153 1235 254 1294 utilem
267 1234 425 1311 ambustis,
446 1234 480 1292 ad
498 1237 590 1294 omnia
608 1236 752 1294 utiliorem
769 1233 899 1308 rubrica,
920 1236 1009 1312 quinti
1030 1237 1156 1310 generis

112 1329 164 1385 148
176 1317 317 1392 schiston,
329 1316 566 1377 haemorrhoidas
581 1321 787 1395 reprimentem
803 1322 830 1378 in
844 1328 924 1396 pntn.
947 1320 1038 1376 omnis
1056 1327 1158 1377 autem

153 1400 321 1460 haematitas
334 1403 419 1461 tritos
434 1404 464 1460 in
480 1401 548 1461 olco
562 1403 644 1460 trium
656 1401 850 1461 drachmarum
867 1400 996 1478 pondere
1012 1420 1026 1459 a
1044 1403 1156 1460 ieiunis

153 1483 298 1551 bibendos
309 1488 343 1548 ad
354 1491 422 1547 vitia
437 1490 592 1564 sanguinis.
620 1485 700 1543 ldem
714 1488 842 1546 schiston
856 1495 883 1541 et
893 1485 1011 1543 alterins
1029 1488 1157 1559 generis
1169 1504 1194 1542 as

155 1584 238 1645 quam
260 1568 435 1628 bac'matiten
458 1568 559 1643 tradit,
582 1570 666 1644 quem
699 1578 783 1629 vocat
805 1567 991 1626 anthraciten.
1026 1571 1108 1626 nasci
1127 1571 1159 1626 in

155 1650 255 1710 Airica
270 1655 400 1728 nigrum,
415 1652 540 1709 attritum
557 1652 682 1728 aquariis
698 1652 812 1710 cotibus
830 1650 953 1710 reddere
965 1651 999 1708 ab
1018 1669 1053 1708 ea
1070 1659 1157 1727 parte

156 1751 229 1810 quae
247 1734 335 1794 luerit
351 1735 386 1793 ab
403 1734 499 1794 radice
516 1736 627 1810 nigrum
643 1734 789 1810 colorem,
808 1735 842 1792 ab
856 1733 945 1792 altere
961 1743 1043 1810 parte
1061 1737 1156 1798 croci.

155 1818 248 1895 ipsum
265 1817 365 1877 utilem
380 1835 448 1876 esse
464 1817 611 1876 oculorum
626 1811 851 1878 medicamentis.

114 1910 165 1964 149
239 1899 287 1960 21.
311 1900 392 1978 (39.)
421 1900 537 1972 ¹detitac
553 1900 673 1977 lapides
697 1920 731 1962 ca
758 1907 927 1978 argumente
951 1900 1075 1958 nominis
1098 1919 1196 1960 maa-ac

55 2048 60 2054 ,
156 2001 239 2059 gnam
262 1984 362 2042 lamam
381 1982 495 2042 babent.
536 1971 721 2060 reperi'untur
742 1985 769 2042 in
791 1983 863 2042 nidis
878 1983 1052 2058 aquilarum,
1078 1986 1158 2044 sicut

115 2085 137 2121 m
155 2068 218 2124 ein
232 2066 352 2126 decumo
367 2066 512 2126 volumine
530 2067 661 2125 diximus.
689 2067 767 2125 aiunt
784 2068 867 2125 binos
884 2066 1025 2140 inveniri,
1045 2083 1159 2126 marem

157 2166 190 2207 ac
212 2150 361 2223 laminam,
384 2168 437 2209 nec
459 2153 522 2210 sinc
548 2152 584 2208 iis
608 2168 711 2228 parere
734 2168 804 2228 quas
825 2149 945 2208 diximus
966 2149 1098 2226 aquilas,
1126 2160 1160 2210 et

156 2231 224 2290 iden
248 2231 333 2291 binos
355 2241 470 2294 tantum.
508 2251 618 2310 genera
643 2251 743 2293 eorum
766 2241 915 2309 quattuor:
931 2233 960 2290 in
983 2231 1084 2292 Africa
1109 2253 1160 2292 na·

158 2323 287 2373 suentem
308 2316 440 2393 pusillum
463 2335 497 2376 ac
519 2315 653 2388 mollem,
686 2319 758 2375 intra
779 2334 812 2374 sc
844 2314 922 2374 velut
951 2315 1077 2374 inalvc
1109 2317 1194 2376 hana

158 2396 275 2456 bentcm
299 2399 429 2476 argillam
449 2418 584 2474 suavem,
608 2399 764 2458 candidam.
800 2400 891 2475 ipsum
912 2397 1058 2457 friabilem
1074 2403 1161 2460 lemi-

158 2480 206 2540 uai
218 2501 306 2542 sexus
319 2492 427 2559 putant,
443 2501 550 2543 marem
562 2490 657 2542 autem
672 2485 718 2558 qni
734 2484 761 2541 in
775 2481 881 2540 Arabia
894 2491 1027 2541 nascatur
1042 2483 1160 2560 durum,

159 2563 255 2643 gallae
276 2565 397 2626 similem
420 2575 469 2624 ant
490 2565 676 2640 subrutilum,
696 2567 724 2624 iu
739 2564 803 2624 alvu
823 2564 975 2623 habentem
993 2565 1098 2624 durum
1120 2568 1159 2626 la·

118 2658 169 2712 150
180 2648 282 2724 pidem.
318 2652 420 2710 tertius
447 2651 475 2708 in
496 2647 594 2725 Cypro
616 2650 759 2708 invenitur
788 2647 888 2708 colore
915 2648 971 2716 illis
1000 2650 1030 2706 in
1054 2649 1159 2710 Africa

159 2732 344 2791 nasceuiibus
363 2732 483 2806 similis,
504 2732 626 2808 amplior
650 2741 742 2790 tamen
765 2738 849 2807 atque
867 2731 1019 2806 dilatatus,
1043 2733 1193 2794 ceterlsae

160 2815 235 2877 enim
256 2815 380 2891 glebosa
405 2816 504 2874 iacies.
544 2816 631 2874 babet
656 2818 684 2872 in
709 2814 774 2872 alvu
794 2813 926 2874 barabam
948 2815 1103 2876 iucundam
1130 2827 1160 2878 et

160 2895 294 2973 lapillos,
317 2901 382 2975 ipse
397 2908 451 2957 tam
466 2897 561 2957 mullis
582 2907 611 2956 ut
628 2899 711 2956 etiam
729 2897 825 2973 digitis
842 2897 953 2956 friatur.
991 2904 1089 2974 quarti
1108 2921 1161 2976 gc·

160 2982 239 3038 neris
256 2981 426 3057 'l'apbiusius
449 2982 612 3060 appellatur
639 2999 760 3040 nascens
788 2983 865 3040 iuxta
891 2979 1023 3040 Leucada
1049 2984 1079 3040 in
1106 2985 1161 3044 Ta·

160 3061 273 3139 phiusa,
286 3065 332 3139 qni
346 3063 427 3122 lucus
440 3072 485 3124 cst
497 3060 598 3124 deintra
613 3064 811 3140 navigantibus
824 3076 861 3122 ex
870 3063 964 3121 ltbaca
977 3062 1160 3127 Leucadem.

160 3146 304 3203 invenitur
327 3147 355 3204 iu
378 3146 538 3206 llumiuibus
561 3147 694 3206 candidus
714 3165 748 3206 ae
772 3146 920 3204 rutundus.
962 3145 1030 3205 buic
1055 3158 1107 3206 cst
1133 3154 1197 3212 inae

120 3238 169 3289 151
182 3225 247 3284 alvo
263 3226 335 3304 lapis
348 3232 395 3306 qui
410 3238 528 3288 vocatur
543 3230 681 3304 callimus,
698 3230 911 3305 necquicquam
930 3233 1066 3290 teretius.
1102 3235 1163 3294 Ae·

163 3308 232 3366 titac
249 3311 375 3385 gravidis
390 3311 534 3388 adalligati
546 3313 714 3373 mulieribus
730 3312 775 3372 vel
792 3311 1015 3388 quadripedibus
1033 3315 1163 3389 pellicu-

162 3388 198 3447 lis
215 3389 435 3452 sacrificaturum
451 3397 610 3455 animalium
630 3399 777 3456 continent
798 3403 912 3472 partus,
935 3413 990 3452 non
1010 3399 1067 3456 nisi
1091 3417 1163 3476 par·
