2484 3817
349 178 429 225 unu.
445 178 535 226 mrsu.
552 173 735 231 xxx1.e.9.
753 166 812 243 (44.
827 164 888 241 as.)
1054 164 1116 227 279

123 328 308 391 subfusiones
325 332 475 391 oculorum
490 346 554 389 cum
570 329 647 390 lacte
660 330 690 388 iu
710 330 842 391 coticulis
858 330 974 408 teritur,
988 332 1118 409 privatim

123 413 376 491 suggillationibus
388 417 416 473 iu
430 413 550 473 linteolo
568 412 713 473 involutus
728 412 890 491 crebroque
911 433 948 474 ex
967 432 1041 493 aqua
1061 414 1118 473 ier·

121 499 200 557 nauti
216 498 369 576 inpositus,
386 497 532 557 ulceribus
547 498 606 555 oris
622 496 800 555 manantibus
815 499 844 556 iu
861 498 980 558 linteolo
997 514 1116 557 concer-

121 590 187 661 pto,
202 580 380 659 gingiuarum
390 581 494 639 tumori
506 580 655 640 infricatus
667 588 696 638 et
707 589 807 640 contra
821 581 986 641 scabritiem
1002 581 1117 658 liuguae

95 665 230 725 etractus
239 667 482 743 conminutusque.
502 664 678 722 aiuutdentis
690 680 746 721 uon
759 662 839 723 erodi
852 682 906 723 uec
915 673 1096 743 putrescere,
1109 674 1156 727 101

111 751 146 815 ,sl
161 747 226 825 quis
242 750 348 809 cotidie
359 766 442 807 mane
455 748 568 805 ieiunus
582 746 673 807 salem
688 748 832 807 contineat
848 746 900 805 sub
914 748 1010 824 lingua
1023 746 1117 805 donec

120 832 272 909 liquescat.
303 831 402 909 lepras
421 830 497 889 idem
518 838 549 889 et
570 828 737 889 furunculos
759 840 788 889 et
808 830 938 891 lichenas
967 839 996 890 et
1013 846 1117 909 psoras

121 914 253 975 emendat
269 933 332 973 cum
353 932 439 993 passa
456 932 511 972 uua
526 922 661 991 exempto
684 915 745 973 eius
765 914 844 991 liguo
867 923 896 973 et
915 912 986 973 sebo
1008 912 1115 973 bubulo

118 1008 205 1075 atque
225 1000 347 1074 origano
362 1015 397 1057 ac
407 998 550 1057 fermento
562 997 611 1056 uel
621 1014 711 1075 pauc,
726 1015 857 1057 maxume
870 996 1040 1057 Thebaicus.
1070 995 1117 1055 hic

83 1090 150 1141 noct
164 1080 201 1139 ad
217 1082 341 1160 pruritus
363 1081 497 1157 eligitur,
518 1080 642 1151 tonsillis
663 1088 692 1139 et
710 1083 773 1140 uuis
794 1099 857 1142 cum
879 1081 965 1140 melle
987 1078 1116 1158 prodest.

119 1166 290 1244 quicumque
305 1164 341 1223 ad
355 1166 487 1241 anginas,
503 1164 561 1223 hoc
577 1163 699 1242 amplius
713 1182 776 1224 cum
788 1165 855 1224 oleo
872 1174 901 1224 et
916 1174 1000 1224 aceto
1013 1163 1116 1223 eodem

118 1256 252 1325 tempore
268 1256 350 1307 extra
364 1247 497 1308 faucibus
511 1248 607 1308 inlitus
625 1266 688 1307 cum
703 1248 769 1325 pice
786 1248 902 1326 liquida.
934 1247 1045 1308 emollit
1066 1254 1095 1305 et
1108 1256 1158 1309 102

118 1331 215 1391 alvom
242 1332 270 1391 iu
290 1332 357 1391 uiuo
377 1334 468 1392 mixto
487 1332 605 1391 innoxie
626 1340 656 1390 et
676 1333 832 1393 taeniarum
852 1350 962 1409 genera
983 1331 1066 1410 pellit
1088 1332 1116 1388 in

117 1416 185 1474 uiuo
199 1424 292 1492 potus.
315 1425 412 1475 aestus
423 1416 600 1475 balinearum
611 1416 853 1476 convalescentes
868 1426 897 1475 ut
909 1417 1035 1475 tolerare
1050 1431 1115 1493 pos·

82 1516 110 1555 15
120 1498 312 1575 siutliuguae
334 1499 463 1560 subditus
484 1508 622 1577 praestat.
655 1516 808 1559 nervorum
827 1499 962 1577 dolores,
983 1514 1115 1557 maxume

119 1583 196 1640 circa
211 1599 327 1642 umeros
343 1592 372 1642 et
387 1585 482 1658 renis,
499 1584 529 1640 iu
546 1584 641 1640 saccis
657 1599 731 1657 aqua
748 1581 871 1639 feruenti
889 1581 993 1641 crabro
1012 1581 1115 1641 cande-

117 1666 211 1723 iactus
226 1664 319 1741 levat,
335 1665 431 1723 colum
444 1666 625 1739 torminaque
643 1672 673 1721 et
688 1680 823 1722 coxarum
847 1661 966 1721 dolores
982 1673 1065 1740 potus
1087 1672 1117 1723 et

115 1750 146 1806 iu
159 1746 261 1805 iisdem
275 1749 372 1805 saccis
385 1748 528 1823 inpositus
549 1744 692 1819 caudens,
714 1746 860 1823 podagras
883 1762 945 1805 cum
967 1745 1057 1804 farina
1079 1764 1116 1805 ex

31 1835 34 1842 ⁴
116 1829 204 1887 melle
220 1838 250 1888 et
261 1828 329 1887 oleo
342 1828 438 1903 tritus,
454 1827 493 1886 ibi
505 1844 636 1885 maxume
649 1828 808 1905 usurpanda
824 1828 1028 1888 observatione
1041 1845 1115 1905 quae

79 1912 188 1970 aptotis
210 1909 382 1988 corporibus
398 1910 466 1970 nihil
482 1927 549 1969 esse
571 1910 669 1969 utilius
691 1912 754 1971 sale
770 1921 800 1971 et
820 1912 885 1992 sole
902 1912 982 1973 dixit.
1019 1911 1116 1987 itaque

118 2011 227 2053 cornea
240 1992 369 2053 uidemus
385 2009 510 2071 corpora
524 1994 715 2073 piscatomm,
733 1996 784 2055 sed
803 1997 988 2075 praecipuum
1006 1994 1116 2055 dicatur

117 2079 145 2137 iu
161 2077 309 2157 podagris.
331 2076 408 2136 tollit
422 2087 451 2137 et
467 2078 568 2137 clavos
584 2077 701 2156 pedum,
717 2079 784 2139 item
800 2080 966 2158 perniones.
998 2077 1157 2142 amba-103

117 2162 170 2220 stis
188 2161 307 2220 expleo
321 2160 468 2239 inponitur
490 2169 538 2220 aut
557 2162 800 2223 conmanducatae
821 2162 996 2241 pusulasque
1022 2162 1114 2239 repri-

116 2246 183 2321 mit,
201 2244 316 2322 ignibus
333 2260 406 2303 vero
421 2246 513 2305 sacris
528 2244 732 2324 ulceribusque
748 2264 821 2323 quae
843 2254 962 2325 serpant
976 2264 1013 2304 ex
1029 2254 1113 2305 aceto

81 2354 108 2393 2⁵
118 2337 166 2387 aut
178 2328 309 2407 hysopo,
324 2329 524 2389 carcinomatis
538 2346 601 2387 cum
612 2346 667 2389 uva
679 2330 807 2405 taminia,
823 2329 1019 2407 phagedaenis
1034 2327 1112 2387 ulce-

116 2428 177 2470 rum
190 2420 282 2471 tostus
295 2429 359 2471 cum
373 2412 464 2472 farina
479 2412 597 2488 hordei,
613 2414 829 2491 superinposito
845 2413 964 2472 linteolo
980 2411 1112 2471 madente
1162 2420 1168 2435 ·

115 2495 193 2553 uino.
226 2494 327 2555 morbo
341 2497 425 2572 regio
443 2496 616 2571 laborantis,
636 2495 730 2563 donec
745 2496 845 2555 sudant
861 2496 897 2555 ad
912 2498 1025 2571 iguem,
1045 2510 1112 2553 cou-

115 2586 159 2635 tm
173 2579 297 2652 pruritus
313 2594 387 2655 quos
403 2582 528 2638 sentiunt
543 2597 580 2637 ax
601 2578 669 2639 oleo
695 2588 725 2639 et
743 2590 827 2639 aceto
855 2579 1003 2638 infricatus
1023 2578 1111 2652 iuvat,

115 2659 252 2734 fatigatos
268 2677 305 2718 ex
318 2660 396 2720 oleo.
424 2662 505 2722 multi
521 2671 550 2721 et
570 2662 749 2739 hydropicos
764 2663 826 2723 sale
843 2679 982 2721 curavere
995 2660 1091 2719 fervo·
1104 2668 1155 2721 104

80 2762 107 2803 ao
116 2759 224 2819 resque
233 2740 356 2802 febrium
370 2762 435 2803 cum
448 2744 516 2804 oleo
529 2762 692 2822 perunxere
707 2754 736 2805 et
755 2748 855 2805 tussim
874 2754 1003 2803 veterem
1024 2742 1111 2801 linctu

116 2828 180 2885 eius
202 2825 376 2889 discussero.
411 2828 583 2902 clysteribus
610 2827 741 2888 inludere
770 2828 943 2887 ischiadicis.
981 2826 1109 2886 ulcerum

115 2908 354 2969 excrescentibus
375 2909 423 2969 rel
443 2910 676 2988 putrescentibus
698 2913 871 2991 inposuere,
897 2909 1110 2969 crocodilorum

114 2991 264 3053 morsibus·
274 3008 312 3051 ex
325 3002 410 3053 aceto
424 2994 454 3052 iu
468 2993 593 3053 linteolis
609 2996 647 3053 ita
664 3002 694 3053 ut
708 2993 892 3055 batuerentur
907 3001 972 3054 aute
987 2991 1108 3052 vinculis

115 3075 224 3135 ulcera.
254 3074 359 3137 bibitur
374 3085 405 3136 et
419 3086 519 3136 contra
536 3078 632 3153 opium
653 3095 690 3135 ex
710 3086 794 3137 aceto
808 3075 917 3151 mulso,
941 3076 1044 3135 luxatis
1066 3076 1108 3133 in·

81 3159 231 3236 seponitur
252 3174 314 3218 cum
336 3158 427 3219 iariua
448 3169 477 3218 et
499 3159 602 3235 melle,
624 3162 691 3219 item
715 3158 988 3226 extuberationibus.
1019 3158 1150 3225 deu-105

114 3242 182 3301 tium
198 3241 293 3302 dolori
315 3260 377 3301 cnm
399 3251 483 3302 aceto
508 3243 585 3301 lotus
604 3251 635 3301 et
656 3242 753 3301 inlitus
773 3259 836 3301 cum
859 3243 955 3302 resina
977 3242 1106 3320 prodest.

115 3324 151 3384 ad
171 3325 262 3385 omnia
282 3335 375 3385 autem
397 3343 499 3404 spuma
516 3324 587 3385 salis
604 3324 754 3385 iucundior
774 3324 937 3403 utiliorque.
974 3326 1026 3385 sed
1046 3326 1105 3403 qui-

115 3422 235 3487 cumque
250 3408 295 3469 sal
308 3409 411 3487 acopis
432 3406 552 3468 additur·
562 3407 599 3467 ad
617 3407 859 3484 excalfactiones,
881 3410 947 3467 item
963 3426 1105 3485 anamma·
