2484 3817
329 193 409 239 usr.
426 189 516 239 mur.
531 190 655 239 xxvrn.
673 191 697 242 1.
714 188 739 241 n.
757 180 875 258 (1—3.)
886 184 898 225 -'
1035 184 1094 245 157

104 345 229 406 bominis
244 362 261 404 e
277 345 372 420 capite
386 360 453 404 ossa
468 345 534 422 plus
548 344 708 421 prodesse,
730 345 766 404 ud
784 346 839 406 alia
855 348 937 407 amici
953 357 981 408 et
997 348 1093 427 bospi-

104 431 153 488 tis.
184 430 240 487 iam
255 444 326 487 vero
344 428 371 486 vi
390 430 554 505 interempti
574 427 662 487 deute
676 429 821 503 gingivam
842 432 869 489 in
885 431 987 491 dolore
1004 433 1094 491 scari-

104 512 188 591 phari
204 510 375 589 Apollonius
397 510 626 570 eilicacissimum
649 512 781 589 scripsit,
802 510 925 573 Meletos
946 514 1093 575 oculorum

104 595 290 655 subfusiones
304 592 507 653 fellebominis
519 595 622 653 sanari.
655 595 793 653 Artemon
809 595 933 657 calvaria
951 598 1094 657 interiecti

80 696 200 757 sueque
215 678 333 737 cremati
355 679 517 755 propinavit
535 694 637 753 aquam
657 694 674 735 e
694 677 774 736 ionte
795 687 881 737 noctu
904 680 1094 740 comitialibus

103 761 224 821 morbis.
254 779 293 820 ex
306 759 407 819 eudem
426 760 583 838 suspendio
601 761 764 838 interempti
779 765 922 839 catapotia
939 763 1008 821 iecit
1025 781 1092 823 con·

103 856 149 904 tra
164 845 246 904 oanis
265 843 374 903 rabiosi
389 859 502 903 morsus
516 843 655 903 Antaeus.
686 852 772 920 atque
795 845 879 903 etiam
901 845 1122 924 quadripedes&

102 928 234 987 homiues
252 945 393 986 sanavere
416 936 515 986 contra
535 925 698 985 inflationes
717 926 804 987 boum
825 928 980 1004 perforatis
1001 930 1101 987 corni

102 1011 157 1070 bus
171 1014 333 1070 inserentes
349 1027 417 1068 ossa
433 1009 562 1085 bumana,
578 1009 626 1068 ubi
641 1009 726 1069 homo
743 1012 859 1069 occisus
874 1021 954 1071 esset
970 1020 1018 1069 aut
1033 1030 1093 1070 cre·

70 1104 195 1153 somatus
212 1094 355 1170 siliginem
371 1111 444 1170 quae
458 1102 661 1171 pernoctasset
677 1112 755 1151 suum
770 1094 878 1152 morbis
893 1094 997 1153 dando.
1028 1112 1094 1174 pru·

103 1177 150 1237 cul
170 1196 187 1236 u
208 1175 291 1235 uobis
308 1178 471 1255 nostrisque
493 1177 596 1236 litteris
616 1176 710 1237 absint
724 1178 788 1237 ista.
818 1194 872 1238 nos
896 1181 1001 1239 auxilia
1018 1180 1093 1239 dice-

101 1279 177 1337 mus,
197 1277 254 1319 non
269 1260 394 1338 piacula,
410 1259 500 1319 sicubi
516 1261 599 1319 lactis
611 1277 818 1339 puerperarum
833 1280 901 1322 usus
916 1263 1024 1323 mederi
1041 1280 1092 1341 po-

100 1346 170 1419 tuit,
194 1343 287 1403 sicubi
301 1344 391 1403 soliva
406 1352 537 1403 tactusve
552 1345 686 1421 eorporis
700 1353 855 1422 ceteraque
873 1347 984 1406 similia.
1010 1349 1122 1415 vitam9

101 1427 218 1506 quidem
240 1444 298 1487 non
323 1426 396 1486 adeo
424 1426 615 1505 expetendam
643 1443 794 1487 censemus
820 1438 850 1488 ut
871 1418 987 1508 q'uoquo
1007 1430 1093 1489 ruodo

69 1530 93 1568 so
102 1510 244 1571 trahenda
258 1513 304 1570 sit.
331 1512 459 1589 quisquis
470 1529 504 1569 os
517 1511 592 1588 talis,
604 1528 699 1588 aeque
713 1513 849 1587 moriere,
866 1514 949 1573 etiarn
964 1531 1027 1573 cunr
1043 1513 1092 1572 ob-

100 1610 228 1654 scoenus
247 1596 356 1653 vixeris
369 1602 416 1652 aut
434 1593 583 1654 uelandus.
618 1603 797 1672 quapropter
810 1595 868 1653 hoc
883 1598 1002 1673 primum
1016 1598 1091 1673 quis-

100 1679 209 1757 quein
231 1677 368 1736 remediis
390 1678 473 1735 animi
494 1679 538 1735 sui
559 1676 681 1751 habeat,
710 1695 748 1735 ex
765 1676 894 1735 omuibus
913 1678 998 1735 bouis
1020 1696 1092 1755 quae

100 1761 208 1819 bomini
222 1760 320 1819 tribuit
342 1769 440 1819 natura
460 1760 566 1819 nullum
585 1758 687 1817 melius
709 1776 776 1816 esse
797 1761 968 1837 tempestiva
989 1770 1091 1834 morte,

103 1844 194 1920 idque
219 1843 247 1901 in
272 1860 308 1903 ea
334 1852 478 1922 optumum
509 1842 587 1920 quod
614 1841 691 1916 illam
718 1840 772 1899 sibi
798 1842 918 1921 quisque
944 1851 1093 1920 praestare

65 1927 223 2004 sopoterit.

172 2006 200 2065 2.
221 2008 278 2088 (3.)
301 2008 347 2069 Ex
364 2008 479 2068 bomine
492 2007 683 2068 remediorum
700 2008 820 2086 primum
840 2024 987 2067 maxumae
1003 2021 1135 2086 quae-10

103 2091 208 2150 stionis
227 2101 256 2150 et
275 2108 392 2169 semper
408 2094 537 2151 incertae
561 2100 623 2172 est,
644 2092 808 2170 polleantne
831 2090 938 2168 aliquid
952 2090 1042 2150 verba
1064 2101 1092 2149 et
1148 2102 1149 2107 ’

103 2178 313 2234 ‘ncautamenta
329 2176 495 2235 carminum.
516 2174 629 2253 quodsi
641 2192 738 2233 verum
753 2183 807 2248 est,
820 2172 925 2241 homini
942 2183 1092 2253 acceptum

86 2194 166 2317 ’,θοή
183 2267 323 2337 oportere
341 2260 507 2333 conveniat,
530 2259 582 2317 sed
604 2259 707 2318 viritim
729 2258 933 2335 sapientissimi
955 2259 1092 2335 cuiusque

68 2343 217 2419 urespuit
232 2340 315 2400 fides.
346 2343 374 2400 in
395 2342 557 2401 universum
577 2358 649 2400 vero
674 2341 803 2400 omnibus
823 2340 902 2400 horis
924 2340 1015 2401 credit
1035 2343 1091 2399 vita

102 2442 159 2483 nec
175 2427 270 2484 sentit.
300 2426 408 2502 quippe
423 2424 563 2483 victimam
578 2424 660 2483 caedi
675 2426 736 2482 sine
752 2424 923 2501 precatione
937 2441 995 2483 non
1012 2423 1090 2483 vide·

53 2522 62 2547 ·
102 2518 149 2568 tur
166 2507 278 2566 reierre
294 2516 341 2565 aut
357 2507 429 2567 deos
444 2509 500 2566 rite
518 2507 638 2566 consuli.
670 2516 821 2585 praeterea
844 2506 899 2567 alia
914 2515 979 2565 sunt
999 2504 1089 2563 verba
1103 2520 1132 2570 11

100 2591 256 2669 inponitis,
273 2589 330 2649 ulia
344 2589 533 2669 depulsuros,
554 2590 609 2648 alia
623 2589 888 2664 commendatoriis,
904 2589 1091 2664 videmusque

102 2676 189 2734 certis
209 2673 424 2751 precationibus
447 2673 620 2733 obsecrasse
641 2688 765 2733 summos
784 2674 966 2749 magistratus
988 2678 1033 2744 et,
1056 2688 1091 2727 ne

67 2756 171 2836 coquid
196 2755 352 2815 verborum
373 2764 572 2835 praetereatur
592 2766 640 2815 aut
664 2765 882 2833 praeposterum
906 2756 1032 2826 dicatur,
1056 2752 1092 2811 de

101 2841 214 2917 scripto
241 2841 356 2917 praeire
377 2840 500 2917 aliquem
520 2857 677 2916 rursusque
697 2839 781 2897 alium
803 2838 950 2897 custodem
967 2835 1026 2894 dari
1045 2837 1092 2912 qui

101 2923 242 2996 attendat,
259 2923 344 2981 alium
359 2940 428 2981 vero
444 2924 584 3001 praeponi
599 2924 648 2998 qui
663 2922 764 2981 lavere
779 2922 884 2997 linguis
898 2918 1009 2991 iubeat,
1029 2917 1091 2976 tibi·

102 3007 196 3064 cinem
210 3022 330 3078 cauere,
346 3024 382 3064 ne
397 3007 463 3083 quid
478 3005 553 3065 aliud
569 3005 747 3080 exaudiatur,
762 3014 881 3078 utraque
899 3001 1035 3061 memoria
1050 3002 1090 3059 iu·

101 3090 188 3164 signi,
205 3090 341 3167 quotiens
351 3090 432 3165 ipsae
446 3090 525 3148 dirae
537 3088 741 3166 obstrepentes
759 3086 908 3146 nocuerint
920 3084 1091 3161 quotiensve

68 3173 235 3250 uprecatio
251 3174 408 3247 erraverit,
430 3173 472 3231 sic
489 3182 610 3247 repente
628 3176 702 3231 extis
724 3171 806 3229 adimi
829 3168 921 3244 capita
932 3166 986 3225 vel
1003 3166 1090 3225 corda

100 3264 149 3313 aut
162 3255 303 3332 geminari
324 3255 436 3314 victima
457 3261 558 3313 stante.
590 3255 671 3313 durat
692 3255 820 3311 inmenso
836 3250 969 3329 exemplo
984 3248 1133 3311 Decio-12

101 3354 165 3395 rum
184 3342 275 3415 patris
290 3336 389 3414 lilique
408 3354 465 3414 quo
488 3354 520 3393 se
540 3336 685 3395 devovere
702 3352 832 3408 carmen,
853 3341 948 3392 exstat
966 3332 1090 3391 'luceiae

101 3421 233 3480 Vestalis
260 3421 364 3479 incesti
390 3419 635 3498 deprecatioqua
662 3436 714 3477 usa
736 3432 839 3492 aquom
860 3417 888 3475 iu
911 3414 1007 3474 cribro
1028 3414 1091 3472 tulit
