2484 3817
148 184 186 232 tv
258 171 262 182 '
531 181 738 229 rnnnrnrro.

145 340 337 414 turcotum.)
357 360 372 398 a
395 357 438 397 me
458 341 487 395 in
511 339 604 396 lucem
623 338 695 395 edita
717 346 781 394 sunt
794 355 822 393 tn
836 338 983 398 lectionum
994 341 1127 399 Pliniana·

150 446 210 485 rum
226 425 359 501 particula
374 424 467 499 priore
482 422 601 496 (Suevos.
617 420 850 493 monemur).
905 493 907 497 .

233 509 307 577 Quae
327 517 404 565 antea
421 507 493 582 typis
511 507 582 562 edita
603 513 667 562 sunt
685 504 845 578 exemplaria
862 506 989 565 desinunt
1004 511 1032 566 in
1048 511 1129 567 verba

147 607 319 670 quaerentque
335 593 453 648 ambitur
471 593 547 646 mori
572 589 610 662 (8.
633 591 698 651 203,
723 605 785 661 pag.
801 593 859 644 179.
875 590 923 649 lin.
945 591 1009 666 34.).
1044 593 1128 661 Quem

149 677 240 752 operis
261 676 343 734 finem
365 677 430 733 licet
448 691 500 749 ego
524 675 552 730 iu
579 690 634 729 uno
655 672 748 730 codice
762 673 885 731 Parisino
902 679 997 740 6804„
1022 679 1129 751 quiest

148 780 202 820 sec.
217 761 271 820 XV,
288 763 416 835 scriptus,
435 775 477 814 me
490 757 579 813 videre
595 756 770 818 meminerim,
787 773 875 830 neque
888 761 1038 834 quisquam,
1055 763 1129 834 quod

148 847 243 908 sciam.
265 845 346 901 huius
366 845 406 900 rei
430 849 570 916 practerea
584 840 710 895 habuerit
724 839 869 904 rationem,
888 843 999 900 dubium
1015 863 1070 902 non
1087 855 1130 902 est

149 930 215 1003 quin
235 928 396 987 tribuendus
422 925 458 980 sit
481 923 611 998 peculiari
632 924 737 980 cuidam
760 924 883 980 codicum
898 927 1028 991 familiae,
1050 929 1128 986 cuius

149 1011 284 1070 simillima
311 1027 375 1068 sane
403 1025 462 1064 esse
489 1008 594 1062 videtur
624 1005 708 1063 altera
727 1007 805 1063 cuins
828 1008 923 1067 ultima
943 1011 1021 1066 verba
1047 1020 1127 1069 sunt:

145 1100 309 1170 praeconum
323 1096 362 1150 ad
373 1094 465 1149 oeulm
473 1093 617 1162 perveniat
632 1092 758 1146 desinens
772 1095 845 1146 nitor
859 1092 896 1165 (S.
913 1097 970 1148 199.
987 1112 1049 1168 pag.
1067 1099 1126 1150 lto.

41 1184 72 1236 ‘a
149 1180 196 1236 lin.
213 1178 265 1250 5.);
284 1196 346 1234 nam
367 1182 476 1250 praeter
495 1173 614 1230 codicem
635 1174 781 1231 diedicenm
799 1192 853 1231 sec.
874 1177 937 1237 XIII.
955 1186 982 1233 et
998 1179 1128 1252 Petropo.

149 1263 276 1323 liranum,
300 1277 379 1334 quem
400 1258 541 1314 immeritis
560 1257 686 1314 laudibus
710 1257 806 1314 extulit
836 1258 987 1334 Stephanus
1001 1261 1128 1318 Falcone·

150 1357 209 1409 tus,
229 1346 255 1400 ei
276 1343 442 1416 adscribendi
463 1349 527 1396 sunt
550 1359 565 1398 e
585 1341 733 1414 Silligianis
755 1343 839 1398 codex
858 1343 1072 1402 vindobonensis
1094 1347 1125 1402 tt.

150 1447 204 1486 sec.
222 1428 274 1483 XV.
292 1427 331 1500 (C)
350 1436 378 1483 et
392 1426 557 1482 Monacensis
574 1441 628 1480 sec.
645 1425 697 1480 XV.
717 1422 769 1499 (P),
795 1426 954 1499 quibuscum
968 1429 1127 1503 plerumque

153 1521 308 1585 congruunt
321 1510 483 1584 exemplaria
498 1510 568 1583 typis
583 1509 654 1564 edita
669 1517 731 1564 ante
745 1509 924 1574 Hammeum,
950 1514 996 1585 qui
1010 1515 1128 1570 codicem

150 1597 300 1654 Parisinum
317 1598 394 1650 orat.
411 1593 448 1666 (d)
462 1593 600 1666 amplexus
620 1593 714 1648 incidit
728 1593 756 1647 in
771 1594 877 1650 tertiam
893 1597 1034 1660 familiam,
1051 1599 1128 1654 cuius

151 1680 312 1754 exemplaria
333 1680 460 1736 desinunt
480 1679 508 1734 iu
533 1677 613 1734 verba
630 1680 754 1748 primum
773 1673 899 1748 pondere
924 1679 962 1752 (3.
987 1684 1044 1735 199.
1064 1699 1126 1754 pag,

153 1769 211 1820 179.
225 1764 273 1820 lin.
287 1763 332 1836 1.),
348 1772 376 1820 et
389 1763 418 1819 in
433 1762 488 1818 hoo
500 1761 571 1817 libro
585 1761 738 1834 depravavit
751 1760 837 1818 multo
853 1762 932 1835 plura
946 1782 1025 1836 quam
1039 1782 1128 1820 emen·

153 1845 237 1911 davit,
261 1849 361 1922 quippe
382 1846 427 1920 qui
451 1863 506 1901 non
529 1846 754 1901 animadverteret
772 1844 848 1901 illum
868 1847 985 1903 codicem
1006 1847 1126 1904 Toletani

153 1933 217 1990 alias
239 1931 416 1992 simillimum,
440 1929 473 1984 ab
494 1931 571 1984 initio
593 1947 649 1985 non
669 1928 755 2001 magis
776 1946 856 2002 quam
876 1931 950 1986 huuc
960 1931 1126 1988 continuisse

142 2016 251 2072 'librum
269 2013 403 2076 XXXVII..
432 2012 587 2086 suppletum
607 2021 703 2085 postea
722 2030 737 2068 e
757 2014 849 2070 codice
870 2015 1016 2070 recentiori
1039 2015 1127 2089 qualis

153 2106 194 2155 est
208 2099 345 2154 Parisinus
360 2097 437 2152 6801.
460 2094 552 2152 seculo
568 2095 619 2152 XV.
641 2097 759 2177 scriptus
776 2096 814 2168 (h)
836 2106 863 2153 et
879 2097 933 2153 duo
953 2097 997 2154 alii
1012 2098 1125 2154 Parisiui

153 2198 276 2254 unusque
293 2181 444 2237 Vaticanus.

237 2264 309 2333 Quas
329 2279 412 2338 quum
427 2264 465 2319 ita
479 2265 545 2325 sint,
567 2262 590 2316 si
606 2262 678 2317 sorte
693 2263 766 2319 iusto
779 2263 856 2336 plura
873 2263 900 2318 iu
914 2265 966 2321 hoc
978 2262 1047 2321 libro
1062 2265 1127 2320 reli·

155 2350 214 2424 qui,
231 2365 317 2430 ⁴spero
332 2347 397 2403 mihi
415 2346 506 2402 datum
522 2345 555 2402 iri
570 2345 684 2405 veniam.
1059 2373 1064 2377 -

238 2431 391 2488 Scribeham
409 2429 564 2486 Suevosurti
578 2430 658 2485 nonis
672 2428 746 2486 iuliis
761 2430 916 2486 MDCCGLX.
