2484 3817
161 260 166 269 .
298 220 873 289 unr.111su.m.1om.(ut—-ts.)
1037 212 1099 279 dli

99 388 201 453 aceto,
217 376 342 438 tunicula
352 376 496 452 stelionis
509 391 595 455 quan
608 376 712 439 codem
724 378 810 439 medo
822 386 934 441 aestate
951 380 1100 457 stadonis
1188 403 1191 407 ·

99 463 195 540 exuit,
211 462 241 520 in
257 469 337 538 putu.
362 460 476 537 quidam
491 470 521 520 et
533 462 628 539 ipsura
645 461 802 523 harundine
816 465 1008 525 exinteratum
1017 465 1098 525 inre·

98 556 282 622 teretemque
295 543 448 603 bibendum
467 543 617 620 dederunt,
630 546 678 605 alii
693 547 722 605 in
734 544 803 607 cibo
817 547 846 605 in
863 547 968 624 ligneis
983 548 1100 609 reriltua

98 635 268 694 inassatum.
305 629 552 705 operaepretium
568 637 614 687 eat
635 631 712 689 scire
727 630 873 707 quomodo
895 633 1095 711 praerip'atur,
1106 642 1142 701 09

77 710 170 777 ccum'
180 714 313 786 exuitur,
333 710 497 771 membrana
510 711 631 773 hiberna
648 712 721 773 alias
740 712 986 790 devorantem,
1008 732 1098 794 quon·

99 803 158 860 iam
171 796 281 857 nullum
290 794 394 855 animal
406 794 615 856 modulandus
628 796 759 857 inridere
771 795 879 857 lncnuini
893 798 1017 873 uadunt,
1032 796 1098 859 iude

99 882 257 943 mmionum
276 879 390 939 mutue
415 880 445 937 in
465 879 541 939 mule
559 879 707 939 translatu.
738 875 895 941 observant
914 880 1011 941 cultile
1034 882 1098 942 cius

98 963 271 1036 aestatibus,
286 970 389 1021 -est
408 971 504 1023 uuteu
524 964 553 1021 in
567 963 669 1024 loricis
691 964 831 1025 ostiorum
847 963 1098 1042 fenestrarumque

100 1058 149 1111 ant
163 1047 286 1108 camaris
297 1045 509 1123 sepulchrisre,
519 1046 612 1105 -ibi
627 1065 697 1107 uere
709 1048 866 1127 incipiente
877 1047 954 1109 listis
965 1048 1097 1109 harundi-

68 1133 187 1195 annilius
206 1138 303 1191 textas
318 1138 469 1206 opponunt
483 1146 568 1190 casas
582 1148 699 1207 quarum
713 1132 853 1209 angustiis
876 1133 962 1193 etiam
981 1131 1097 1209 gaudet,

99 1233 138 1277 ec
151 1214 268 1275 lucilius
283 1231 394 1274 eruens
405 1214 608 1274 circumdatum
620 1222 780 1293 torperem.
809 1215 864 1275 aed
877 1215 1019 1277 derelicto
1039 1227 1098 1277 uon

100 1306 199 1381 potest
213 1314 355 1358 remeare.
376 1296 445 1355 uilril
459 1299 488 1357 ei
498 1298 627 1358 remedio
639 1300 668 1357 iu
683 1299 874 1361 comitialibus
888 1299 998 1361 morbis
1010 1318 1093 1380 pree·
1105 1312 1140 1366 90

100 1386 201 1444 lertur,
235 1380 355 1459 prodeat
368 1389 399 1439 et
411 1381 564 1441 cerebrum
579 1382 722 1443 mustelae
738 1384 928 1445 inveteratum
940 1392 1096 1463 potumque

103 1478 133 1527 et
145 1471 228 1527 iecur
243 1466 323 1539 eius,
343 1465 469 1525 testiculi
485 1465 648 1544 vulvaeque
665 1476 713 1527 aut
727 1467 904 1527 uentriculus
920 1469 1097 1529 inveteratus

70 1567 94 1610 u
104 1570 166 1612 cum
182 1549 348 1623 coriandro,
363 1557 395 1607 ut
408 1548 541 1627 diximus,
555 1551 624 1609 item
639 1551 723 1624 ciuis,
743 1550 886 1610 silvestris
901 1567 974 1611 vero
993 1560 1055 1612 tcta
1065 1568 1097 1609 aa.
1108 1570 1133 1605 u

100 1638 129 1695 in
143 1634 212 1694 ciloc
233 1640 354 1709 sumpta.
384 1633 485 1691 eadem
503 1634 596 1692 omnia
620 1634 821 1710 praedicantur
845 1650 883 1691 ex
902 1634 1033 1710 viverra,
1057 1634 1097 1695 la·

101 1728 183 1779 certa
206 1716 307 1776 viridis
328 1734 392 1775 cum
415 1716 604 1775 condimentis
628 1732 701 1792 quae
728 1713 871 1775 fastidium
898 1713 1097 1793 abstergeaut,

6 1789 7 1820 ¹
100 1802 204 1863 ablatis
220 1799 343 1879 pedibus
356 1808 385 1858 ct
400 1800 514 1875 capite,
536 1798 702 1857 coclearum
721 1799 791 1857 cinis
808 1797 906 1858 addito
920 1800 1030 1858 semine
1047 1799 1096 1859 lini

5 1847 7 1952 l
102 1896 132 1945 et
152 1886 263 1945 urticae
286 1900 350 1943 cum
370 1882 459 1941 icelle
478 1880 559 1940 linito
580 1889 690 1940 sanam.
724 1880 817 1957 lllegis
840 1880 939 1959 piacet
958 1880 1094 1943 druccma
1105 1893 1138 1947 91

5 1971 6 1974 ’
68 1969 193 2031 nocenda
208 1966 330 2045 inpelle
344 1963 480 2025 dorcadis
497 1962 653 2040 adalligata
675 1966 799 2025 cervinis
822 1966 920 2027 nervia
935 1965 984 2025 vel
1005 1964 1097 2045 lapilli

82 2060 120 2113 'e
143 2061 245 2111 reutre
268 2051 414 2130 pullorum
437 2048 613 2109 hirundinum
635 2049 751 2109 aiaiatrc
772 2048 883 2110 lacertu
908 2049 1023 2113 adnexi.
1055 2049 1096 2110 di·

101 2146 204 2197 cuntur
226 2137 301 2195 euim
321 2134 442 2194 excluso
466 2132 546 2211 pullo
569 2131 698 2211 lapillum
725 2132 804 2193 dare.
848 2134 926 2210 qnod
949 2135 975 2193 si
998 2133 1094 2212 pallus

99 2220 225 2280 ledetur
241 2220 271 2278 iu
287 2218 368 2293 cilio,
387 2234 472 2295 quem
489 2218 609 2294 primum
626 2217 792 2296 pepererit,
813 2234 877 2277 cum
894 2218 958 2295 quis
975 2219 1096 2295 primurn

99 2312 257 2381 temptatus
275 2304 327 2378 cit,
350 2301 489 2361 liberatur
508 2316 546 2360 eu
566 2300 653 2359 malo.
694 2309 797 2381 postea
817 2300 948 2361 medetur
970 2300 1095 2361 hirundi-

66 2405 170 2447 mnum
188 2388 305 2463 sanguis
326 2404 389 2445 cum
409 2395 474 2443 turc
493 2384 542 2444 uel
562 2401 615 2445 cur
636 2402 739 2445 recens
762 2384 939 2445 devoratum.
980 2385 1048 2463 quin
1068 2392 1097 2443 et

101 2489 119 2531 e
140 2470 209 2529 nido
224 2486 320 2529 eamn
333 2468 450 2546 lapillus
464 2468 605 2547 inpositus
621 2486 759 2528 recreare
774 2468 877 2529 dicitur
892 2468 1045 2529 confestim
1067 2476 1097 2527 et

5 2539 8 2563 ⁸
100 2554 273 2629 adalligatus
292 2553 319 2610 iu
341 2570 378 2630 pe
396 2562 510 2629 petuum
530 2554 613 2611 tueri.
653 2551 837 2630 praedicatur
860 2561 890 2613 el
909 2552 992 2611 iecur
1012 2550 1139 2615 mitriou

100 2638 268 2699 devoratum
283 2644 314 2695 et
334 2570 469 2695 conlectus
488 2638 674 2714 serpentium,
692 2638 774 2695 iecur
788 2636 909 2697 vulturis
923 2636 1018 2695 tritum
1032 2651 1096 2693 cum
1136 2670 1140 2699 ,v

100 2739 154 2781 suc
169 2721 308 2796 sanguine
327 2728 373 2778 ter
393 2720 522 2796 septenis
544 2718 647 2778 diebus
669 2728 783 2797 potum,
806 2737 859 2778 cor
876 2719 946 2797 pulli
961 2718 1097 2781 vulturini

66 2804 294 2879 atadalligntunu
324 2802 377 2862 aed
402 2812 430 2861 et
452 2802 544 2879 ipsum
562 2803 705 2861 vulturem
724 2804 753 2861 in
778 2803 844 2863 cibo
868 2802 930 2865 dari
949 2803 1047 2863 ludent
1067 2812 1097 2863 et

100 2887 217 2966 quidem
230 2888 360 2946 satiatum
375 2885 498 2945 humanu
520 2885 672 2946 cadavere,
707 2886 821 2964 quidam
842 2896 946 2963 pectus
968 2886 1031 2945 eiua
1051 2886 1094 2945 ni·

99 2970 225 3031 bendum
242 2978 362 3029 censent
381 2970 410 3027 in
431 2970 545 3029 cerrino
567 2969 678 3043 calice,
706 2978 754 3028 aut
774 2970 858 3029 testie
876 2969 1032 3045 gallinacei
1056 2988 1096 3030 ex

100 3072 176 3131 aqua
192 3062 222 3113 et
244 3054 320 3113 lacte
343 3053 533 3112 antecedente
546 3054 679 3130 quinque
701 3052 811 3111 dierum
833 3051 1004 3113 abstinentia
1024 3053 1093 3129 viui,

101 3136 139 3199 ult
162 3136 191 3196 id
211 3139 398 3195 inveteratos.
427 3135 509 3195 luere
529 3143 560 3193 et
580 3137 631 3212 qui
652 3135 750 3211 uiginti
765 3153 847 3195 uuam
870 3152 985 3196 muscas
1004 3136 1094 3214 rudes,

67 3229 132 3280 atet
153 3220 269 3298 quidem
292 3219 329 3279 de
350 3226 479 3293 mortuo,
499 3218 529 3276 in
544 3227 642 3295 putum
662 3218 779 3294 darent,
803 3219 1005 3281 infirmioribus
1025 3238 1093 3299 pau·
1135 3245 1138 3257 ·

101 3320 209 3363 acras.

166 3388 215 3445 11.
237 3384 321 3463 (28.)
343 3383 447 3444 llorltc
461 3382 546 3459 regio
560 3384 699 3442 resistunt
713 3382 816 3443 sordes
828 3386 935 3445 aurium
949 3394 998 3445 aut
1010 3396 1139 3449 ruam-93

99 3488 208 3531 mrum
224 3468 346 3547 pecudis
358 3468 457 3527 denari
473 3464 602 3543 pondere
616 3482 680 3525 eum
694 3482 806 3526 murrae
819 3477 964 3529 momentu
987 3478 1020 3527 et
1035 3469 1093 3533 vini
