2484 3817
320 201 401 249 nun.
415 199 506 249 man.
522 201 632 249 xxvn.
649 199 675 253 7.
690 200 717 253 a.
738 194 886 263 (ue-ae.)
1030 194 1089 255 139

99 362 183 430 caut,
206 353 326 413 herbam
341 354 506 414 fruticosam
524 354 674 431 angulosis
693 356 821 418 caulibus
843 359 950 436 nigris,
975 359 1091 419 hirsutis

98 437 181 497 loliis
198 437 398 513 vestientibus,
414 438 570 497 maioribus
585 454 670 515 quam
684 442 764 516 porri
779 451 808 502 et
823 442 1008 519 nigrioribus,
1024 462 1090 520 gra·

100 520 295 581 veoleutibus.
321 522 365 580 vis
381 522 443 580 eius
457 521 563 581 cilicas
578 520 718 580 adversus
734 525 813 584 oanis
834 543 947 584 morsus
969 544 1006 585 ex
1028 528 1090 587 sale

98 604 178 664 loliis
192 606 267 662 tritis
288 605 447 682 inpositae,
467 605 535 663 item
554 603 589 663 ad
605 603 807 679 condylomata
829 608 921 668 coctis
942 611 1041 669 cinere
1063 612 1091 669 in

78 688 172 751 elolio
187 686 291 746 oleris.
324 696 429 765 purgat
442 696 473 746 et
486 686 602 746 sordida
616 688 715 748 ulcera
732 707 795 749 cum
810 692 906 751 melle.

162 772 248 849 (31.)
274 770 380 845 Botrys
396 772 535 830 fruticosa
551 769 641 829 herba
662 780 707 831 est
727 772 812 833 luteis
834 775 960 834 ramulis.
990 793 1088 835 semen
1100 790 1133 841 aa

100 857 180 914 ciros
196 863 275 913 totos
288 856 432 929 nascitur,
446 853 517 913 lolia
535 853 665 913 cichorio
680 856 792 915 similia.
826 858 968 916 invenitur
989 860 1018 916 in
1033 867 1091 918 tor·

98 940 220 998 rentium
243 938 331 1015 ripis,
357 937 487 996 medetur
505 936 712 1014 orthopnoicis.
746 938 803 999 hoc
822 937 1014 1021 Cappadoces
1036 958 1091 1001 am-

99 1022 225 1083 brosiam
243 1030 358 1095 vocant,
374 1020 423 1080 alii
438 1021 629 1080 Artemisiam.

72 1124 92 1164 ro
162 1105 249 1185 (32.)
270 1104 394 1179 Brabyla
416 1103 558 1182 spissandi
583 1105 639 1162 vim
660 1103 749 1165 habet
768 1107 885 1166 cotonei
907 1106 975 1167 mali
994 1107 1092 1184 modo,

100 1207 153 1250 nec
169 1188 293 1266 amplius
309 1187 345 1247 de
360 1206 395 1249 ea
409 1187 522 1247 madunt
538 1196 685 1247 auctores.

161 1272 249 1350 (33.)
265 1270 362 1345 lirpou
374 1272 510 1330 marinum
524 1270 615 1331 herba
630 1272 693 1330 sino
708 1270 883 1332 dubitatione
899 1281 944 1333 est
960 1272 1136 1338 lactucaeso

99 1356 178 1417 loliis
194 1354 311 1430 similis,
334 1372 442 1431 mgosa
458 1355 538 1413 uelut
555 1362 720 1430 contracta,
746 1358 809 1415 sine
824 1357 907 1416 caule
923 1356 959 1416 ab
978 1376 1032 1417 una
1048 1375 1092 1417 ra-

100 1441 163 1501 dice
179 1436 353 1499 exeuntibus
367 1438 455 1497 loliis.
477 1439 604 1497 nascitur
618 1437 647 1496 in
659 1439 789 1517 scopulis
802 1457 933 1499 maxume
952 1442 1093 1520 testisque
1107 1470 1112 1488 ·

72 1542 93 1581 rs
101 1532 176 1583 terra
200 1522 419 1599 conprehensis.
449 1524 608 1601 praecipua
633 1522 760 1581 siccandi
782 1523 983 1602 spissandique
1002 1527 1047 1584 vis
1067 1526 1094 1584 ei

100 1616 129 1666 et
140 1604 338 1667 collectiones
350 1604 643 1683 inflammationesque
658 1608 749 1665 omnis
762 1604 918 1681 inhibendi,
935 1608 1094 1687 praecipue

103 1690 257 1768 podagrae
271 1697 302 1748 et
315 1687 450 1766 quidquid
463 1688 641 1764 relrigerare
656 1704 730 1765 opus
747 1690 791 1751 sit.

163 1773 249 1851 (34.)
271 1771 407 1849 Bupleuri
427 1789 526 1831 semen
546 1770 583 1829 ad
602 1772 677 1829 ictus
699 1771 875 1845 serpentium
898 1770 958 1829 dari
973 1773 1091 1850 reperio
1103 1780 1136 1836 57

103 1856 256 1933 foverique
277 1855 381 1935 plagas
403 1854 525 1915 decocta
546 1870 580 1912 ea
603 1851 693 1912 barba
713 1852 833 1912 adiectis
856 1852 934 1913 loliis
955 1854 1027 1913 mori
1048 1863 1095 1913 aut

72 1953 98 1993 ro
107 1940 227 2015 origani.

167 2020 249 2101 (35.)
270 2019 454 2081 Gatananceu
471 2019 639 2079 Thessalam
659 2018 776 2079 herbam
798 2019 891 2098 qualis
913 2022 949 2079 sit
970 2020 1095 2081 describi

105 2105 220 2166 anobis
235 2121 445 2183 supervacuum
461 2112 517 2179 est,
534 2120 599 2162 cum
613 2104 651 2163 sit
668 2120 737 2162 usus
753 2103 866 2164 eiusad
882 2106 1019 2166 amatoria
1034 2113 1094 2163 tan·

9 2240 10 2252 ,
104 2198 170 2249 turn.
198 2188 270 2248 illud
285 2204 343 2247 non
357 2187 394 2247 ab
408 2205 442 2246 re
457 2194 502 2247 est
513 2187 622 2246 dixisse
634 2186 669 2246 ad
685 2186 865 2263 detegendas
876 2189 1004 2264 magicas
1017 2190 1094 2247 rani·

105 2281 192 2350 tutes,
216 2271 339 2331 electam
353 2272 390 2331 ad
405 2270 480 2330 hunc
495 2289 575 2329 usum
598 2273 783 2344 coniectura,
805 2273 938 2348 quonism
958 2288 1095 2331 arescens

74 2374 98 2413 rs
108 2356 290 2416 contraheret
306 2372 338 2413 se
354 2353 390 2414 ad
405 2356 533 2432 speciem
549 2356 684 2430 unguium
698 2353 777 2413 milvi
794 2354 955 2415 exanimati.
987 2354 1095 2415 Eadem

106 2456 141 2500 ex
156 2456 244 2498 causa
258 2446 288 2497 et
302 2454 401 2497 cemos
416 2437 546 2498 silebitur
560 2455 575 2496 a
593 2436 688 2497 nobis.

165 2522 249 2601 (36.)
273 2520 365 2595 calyx
380 2520 498 2581 duorum
514 2538 652 2597 generum
667 2528 721 2580 est.
751 2534 805 2579 una
822 2519 920 2579 similis
934 2534 984 2580 aro
999 2517 1092 2576 nasci·
1103 2527 1138 2580 58

104 2612 147 2665 tur
165 2603 400 2681 morationibus,
422 2604 567 2681 colligitur
584 2612 736 2682 antequam
757 2604 917 2678 inarescat,
939 2620 1008 2661 usus
1030 2616 1094 2659 eos-

103 2688 166 2748 dem
192 2688 282 2748 habet
302 2704 374 2766 quos
394 2688 533 2747 arisaros.
576 2687 682 2747 bibitur
708 2702 823 2765 quoque
846 2686 929 2746 radix
955 2684 1037 2743 huius
1061 2682 1097 2742 ad

72 2770 310 2831 mesinaniendas
331 2770 412 2830 alvos
435 2788 608 2849 mensesque
633 2770 796 2846 mulierum,
825 2770 892 2829 item
915 2765 1014 2827 caules
1035 2783 1097 2825 cum

103 2854 181 2914 loliis
201 2856 231 2913 in
251 2854 444 2930 leguminibus
465 2855 580 2914 decocti
605 2861 706 2913 sanant
725 2860 885 2912 tenesmon.
919 2850 1001 2927 (37.)
1025 2848 1093 2907 alte·
1105 2858 1139 2912 59

104 2956 163 2997 rum
177 2956 275 3015 genus
288 2939 351 2996 eius
368 2937 479 3015 qnidam
491 2937 646 2997 anchusam
657 2943 774 3011 vocant,
789 2935 836 2994 alii
854 2930 1032 2993 rhinocliam.
1053 2932 1096 2991 lo·

105 3020 143 3081 lia
157 3022 290 3081 lactucae
308 3020 450 3097 longiora,
465 3021 608 3098 plumosa,
624 3018 721 3079 radice
736 3017 842 3090 rubra,
864 3033 937 3091 quae
958 3015 1034 3089 ignis
1052 3032 1096 3075 sa-

106 3121 171 3165 cros
189 3123 255 3164 cum
273 3104 347 3162 dore
363 3104 498 3182 polentae
513 3111 593 3162 sanat
606 3103 748 3181 inposita,
769 3098 906 3159 iocineris
922 3106 1015 3156 autem
1028 3098 1097 3157 vitia

72 3188 133 3246 sain
147 3189 216 3249 vino
231 3186 302 3247 albo
317 3195 396 3264 pota.
664 3182 670 3199 ¹

168 3272 252 3351 (38.)
277 3268 399 3330 Circaea
414 3270 534 3345 trychno
547 3268 641 3327 sativo
656 3263 756 3323 similis
772 3271 833 3337 est,
855 3260 927 3321 llore
943 3262 1027 3339 nigro
1043 3279 1094 3340 pu·
1106 3273 1140 3327 60

108 3355 190 3429 sillo,
207 3370 299 3433 parvo
315 3354 425 3412 semine
448 3352 506 3410 mili
528 3356 667 3409 nascente
687 3348 715 3405 in
739 3342 907 3421 quibusdam
932 3344 1097 3419 corniculis,

108 3437 205 3498 radice
221 3435 403 3517 semipedali,
417 3434 522 3513 triplici
539 3433 602 3491 lere
615 3438 663 3490 aut
677 3425 865 3507 quadruplici,
881 3428 955 3503 alba,
968 3426 1099 3500 odorata,
