2484 3817
157 196 218 258 276
504 204 809 256 cenrmsncoum

459 292 474 327 0
1200 316 1205 325 .

158 362 194 422 de
209 362 320 439 stagnis
335 361 506 423 Tarentinus
525 379 561 421 ac
585 360 728 437 Phrygius
743 362 791 438 qni
810 360 945 421 Tattaeus
959 368 1088 420 vocatur.
1120 359 1151 421 hi

157 445 214 506 duo
228 446 322 505 oculis
335 446 431 505 utiles.
463 464 479 504 e
494 444 682 523 Cappadocia
696 446 783 521 quiin
798 444 946 504 laterculis
961 442 1090 503 adfertur
1101 462 1150 504 cu·

156 531 193 589 tis
207 530 329 588 nitorem
344 528 447 588 dicitnr
461 529 570 589 lacere.
598 528 691 603 magis
707 536 801 587 tamen
819 528 946 588 extendit
961 530 985 587 is
1001 545 1086 605 quern
1102 526 1150 587 Gi·

123 629 146 664 n
157 614 226 672 tium
240 611 463 691 appellavimus,
485 615 610 688 itaquea
625 619 706 688 partu
720 620 850 670 ventrem
866 628 902 671 eo
919 627 981 671 cum
992 610 1148 671 melanthio

112 706 147 760 85
158 695 286 758 inlinunt.
315 696 494 756 Salsissimus
506 694 549 754 sal
561 696 608 772 qui
620 694 812 768 siccissimas,
829 697 1014 754 suavissimus
1027 696 1173 757 omniumr

155 778 327 839 Tarentinus
347 789 434 858 atque
458 777 691 853 candidissimus,
715 787 745 837 et
767 785 866 838 cetero
888 777 1002 855 fragilis
1023 779 1071 855 qui
1092 795 1150 839 ma·

153 880 239 922 nume
255 858 400 922 candidus.
426 862 523 941 pluria
541 861 683 921 dulcescit
698 864 804 937 omnis,
821 863 983 922 suaviorem
994 869 1089 919 tamen
1102 879 1150 921 ro·

153 964 203 1005 res
219 946 343 1020 iaciunt,
361 946 413 1005 sed
430 947 577 1023 copiosum
592 943 737 1022 aquilonis
754 945 845 1004 ilatus.
877 954 974 1005 austro
985 961 1044 1003 non
1056 946 1149 1004 nasci·

152 1037 208 1088 tur.
243 1029 298 1088 dos
313 1027 383 1086 salis
397 1046 455 1087 non
473 1030 505 1087 iit
520 1028 574 1086 nisi
591 1027 782 1105 aquilonibus.
813 1030 847 1087 In
865 1030 933 1104 igne
947 1044 1003 1087 nec
1025 1029 1151 1107 crepitat

153 1128 210 1171 nec
224 1111 320 1171 exsilit
330 1110 511 1188 Tragasaeus
525 1128 619 1187 neque
632 1108 790 1171 Acanthius
801 1112 836 1171 ah
852 1111 961 1190 oppido
974 1110 1186 1189 appellatus,1o

156 1212 213 1253 nec
226 1193 301 1252 ullus
320 1211 418 1271 spuma
436 1204 484 1253 aut
503 1202 632 1254 ramento
655 1203 703 1253 ant
717 1197 820 1253 tenuis.
849 1193 1059 1271 Agrigentinus
1076 1196 1149 1271 igni-

154 1294 200 1335 um
223 1278 336 1353 patiens
360 1294 399 1335 ex
422 1295 496 1355 aqua
516 1278 622 1336 exsilit.
659 1277 730 1336 Sunt
751 1286 779 1336 et
806 1278 936 1337 colorum
959 1278 1150 1338 differentiae.

111 1369 147 1424 86
157 1358 241 1418 rubet
253 1358 394 1435 llemphi,
409 1359 488 1419 ruins
501 1369 547 1418 est
558 1361 636 1419 circa
648 1358 756 1434 Oxum,
771 1359 963 1439 Centumripis
975 1379 1150 1440 purpureus,

155 1444 232 1502 circa
245 1441 343 1501 Gelam
358 1443 387 1501 in
403 1442 503 1502 eadem
514 1442 613 1502 Sicilia
629 1443 697 1502 tanti
712 1444 878 1520 splendoris
892 1454 923 1503 ut
933 1446 1085 1522 imaginem
1103 1464 1149 1505 re·

153 1527 251 1605 cipiat.
281 1528 310 1585 in
325 1524 508 1605 Cappadocia
522 1527 655 1585 crocinus
667 1526 814 1603 effoditur,
831 1528 986 1588 tralucidus
1002 1538 1031 1588 et
1041 1530 1146 1589 odora·
1159 1544 1184 1586 rs

152 1610 288 1668 tissimus.
317 1608 364 1669 Ad
374 1610 533 1670 medicinae
546 1627 616 1669 usus
630 1611 736 1688 antiqui
746 1610 927 1672 Tarentinum
943 1629 1072 1671 maxume
1087 1612 1147 1671 lau·

153 1691 272 1769 dahaut,
288 1692 324 1769 ab
341 1693 398 1754 hoc
418 1712 625 1772 quemcumque
643 1712 659 1752 e
676 1694 809 1770 marinis,
834 1712 872 1755 ex
894 1712 930 1755 eo
946 1713 1057 1771 genere
1079 1713 1147 1773 spu·

152 1794 246 1835 meum
256 1779 424 1856 praecipue,
436 1779 622 1837 iumentorum
634 1794 705 1837 vero
718 1786 747 1836 et
757 1777 843 1837 bourn
851 1778 944 1838 oculis
952 1778 1148 1854 Tragasaeum

109 1871 143 1927 87
155 1869 185 1920 et
194 1860 350 1921 Baeticam.
380 1860 425 1920 hd
439 1862 593 1939 opsonium
609 1869 638 1919 et
653 1860 746 1920 cibum
762 1863 857 1922 utilior
872 1862 1000 1941 quisquis
1012 1862 1098 1921 facile
1113 1862 1146 1921 li·

152 1945 283 2021 quescit,
298 1944 365 2002 item
381 1944 518 2019 umidior,
539 1945 678 2003 minorem
699 1947 773 2004 eninr
794 1944 1007 2006 amaritudinem
1030 1944 1182 2021 habentur

150 2037 181 2086 ut
194 2024 309 2085 Atticus
323 2036 353 2085 et
366 2026 523 2086 Euboicus.
551 2027 700 2087 servandis
717 2029 849 2088 carnibus
861 2031 957 2107 aptior
967 2046 1036 2087 acer
1046 2038 1076 2087 et
1090 2029 1146 2087 sic·

152 2127 219 2183 cus,
240 2117 270 2167 ut
286 2108 458 2185 Megaricus.
492 2109 624 2170 conditur
645 2112 729 2169 etiam
747 2110 884 2171 odoribus
906 2110 1008 2171 additis
1033 2122 1063 2171 et
1083 2112 1145 2191 pul·

150 2192 274 2250 mentari'
284 2193 377 2251 vicem
389 2191 480 2269 inplet
495 2193 660 2253 aviditatem
673 2195 794 2254 invitans
811 2195 1001 2273 excitansqne
1016 2196 1045 2253 in
1057 2195 1145 2255 omni·

151 2274 204 2334 bns
217 2274 304 2350 cibis,
319 2276 358 2335 ita
370 2284 400 2334 ut
415 2276 452 2334 sit
465 2276 622 2352 peculiaris
634 2294 671 2335 ex
686 2294 722 2336 eo
737 2277 902 2339 intellectas
916 2280 990 2337 inter
1001 2279 1145 2349 innumera

108 2369 143 2424 88
153 2358 332 2419 condimenta
346 2359 459 2418 interim
471 2360 500 2417 in
512 2358 687 2435 mandendo,
702 2363 849 2438 quaesitus
863 2378 946 2437 garo.
973 2363 1039 2439 quin
1052 2371 1080 2420 et
1095 2379 1133 2439 pe
1153 2371 1180 2412 2⁵

151 2441 239 2502 cudes
255 2451 439 2520 armentaque
462 2452 491 2502 et
511 2444 635 2502 iumenta
662 2443 723 2502 sale
744 2461 876 2504 maxume
898 2442 1089 2505 sollicitantur
1109 2443 1145 2503 ad

149 2534 250 2603 pastus
265 2525 380 2585 multum
395 2526 524 2603 largiore
545 2526 621 2586 lacte
639 2526 785 2606 multoque
801 2528 931 2603 gratiore
947 2529 1032 2586 etiam
1054 2528 1082 2585 in
1099 2546 1144 2587 ca·

148 2625 202 2667 seo
218 2608 296 2668 dote.
326 2626 420 2685 ergo,
440 2607 598 2685 llercules,
619 2612 677 2669 vita
693 2609 842 2670 humanior
856 2611 918 2668 sina
934 2610 995 2669 sale
1011 2612 1145 2688 nunquit
1240 2608 1241 2617 ’

149 2691 276 2769 degere,
310 2692 441 2770 adeoque
462 2695 659 2752 necessarium
685 2693 858 2752 elementum
883 2702 979 2752 estut
1001 2695 1146 2753 transierit

148 2774 315 2834 intellectus
330 2775 365 2833 ad
379 2775 545 2853 voluptates
570 2778 654 2835 animi
678 2792 803 2853 quoque.
833 2777 962 2836 nimirum
983 2776 1076 2835 asalc
1094 2787 1178 2855 apuu

150 2858 307 2936 pellantur,
325 2860 475 2937 omnisque
493 2861 568 2919 vitae
583 2860 670 2938 lepos
685 2868 714 2918 et
728 2866 833 2917 summa
854 2860 983 2919 hilaritas
1000 2858 1144 2920 laborum-

106 2951 208 3019 89que
229 2944 348 3020 requies
366 2959 424 3001 non
447 2942 505 3002 alio
528 2944 620 3019 magis
642 2941 786 3002 vocabulo
816 2952 939 3002 constat.
984 2942 1144 3017 honoribus

149 3025 234 3084 etiam
252 3023 426 3104 militiaeque
437 3027 629 3105 interponitur
648 3025 760 3085 salariis
774 3026 841 3085 inde
857 3025 940 3085 dictis
954 3043 1058 3101 magna
1068 3024 1144 3103 apud

147 3109 280 3184 antiquos
294 3110 481 3186 auctoritate,
502 3111 577 3169 sicut
591 3109 711 3187 adparet
726 3126 763 3167 ex
782 3108 897 3169 nomine
918 3108 1048 3168 Salariae
1066 3111 1142 3184 viae,

149 3191 279 3268 qnoniam
299 3192 349 3253 illa
369 3191 459 3253 salem
479 3195 508 3253 in
530 3190 653 3250 Sabinos
678 3191 789 3269 portari
814 3201 999 3252 convenerat.
1041 3191 1177 3251 Ancusaa

148 3269 273 3332 hlarcius
286 3291 339 3334 rex
355 3275 426 3335 salis
440 3277 555 3337 modios
572 3281 603 3335 m
617 3276 646 3334 in
662 3275 811 3349 congiario
829 3274 908 3335 dedit
921 3275 1039 3352 populis
1053 3284 1083 3335 st
1097 3292 1141 3335 sa-

148 3354 222 3414 linas
237 3358 343 3434 primus
360 3360 487 3419 instituit.
519 3360 614 3418 Varro
630 3359 713 3416 etiam
729 3356 899 3433 pulmentari
913 3358 981 3416 vice
1004 3374 1075 3418 usos
1089 3376 1141 3418 ve·

146 3444 225 3498 teres
249 3448 349 3501 auctor
369 3451 430 3519 est,
450 3451 480 3501 et
498 3440 589 3501 salem
608 3457 671 3499 cum
686 3456 760 3518 pane
775 3442 898 3501 esitasse
914 3457 968 3500 eos
983 3440 1140 3519 proverbio
