2484 3817
332 194 413 243 usu.
430 195 522 244 mer.
542 196 640 245 xxxr.
656 193 683 249 7.
700 194 726 249 8.
742 184 893 263 (tl-44.)
999 197 1002 205 ’
1045 186 1106 247 277

108 346 242 425 adparet.
288 364 421 407 munuae
446 348 592 409 tamenin
621 351 713 411 sacris
739 349 916 427 intellegitur
940 354 1105 429 auotoritas,

109 430 224 509 quando
239 430 317 490 nulla
334 431 523 492 coniiciuntur
538 434 600 491 sine
614 434 691 494 mola
709 434 794 494 salsa.

173 513 256 593 (42.)
279 513 438 575 Salinarum
455 516 605 575 sinceritas
619 535 756 577 summam
770 517 842 576 iecit
863 534 942 577 suam
964 517 1100 578 differcn·
1113 530 1149 585 90

106 600 175 658 tiam
188 598 326 673 quandam
338 597 466 658 favillam
478 599 547 657 salis
561 617 636 676 quae
648 600 794 660 levissima
805 618 843 659 ex
854 617 890 659 eo
903 610 947 659 est
963 610 992 661 et
1010 600 1103 661 candi·

80 702 95 741 c
108 681 234 742 dissima.
255 680 419 759 appellatur
430 690 459 740 et
471 682 527 741 dos
540 683 609 742 salis
621 686 650 742 in
663 693 752 743 totum
764 684 878 743 diversa
887 702 935 743 res
946 684 1105 745 umidioris-

107 784 165 843 que
182 774 300 823 naturae
326 774 356 823 et
377 766 478 825 crocei
500 765 607 825 coloris
630 776 678 826 aut
698 768 767 842 ruli,
789 766 876 825 voluti
897 766 1002 843 robigo
1025 767 1103 844 salis,

107 850 198 908 odore
217 864 332 926 quoque
349 850 462 925 ingrato
478 866 532 908 ceu
546 851 610 925 gari
625 849 797 909 dissentiens
812 868 828 909 a
844 849 920 925 sale,
943 868 1001 911 uon
1017 851 1103 911 modo

107 951 124 993 a
137 950 247 1009 spuma.
278 930 434 1008 Aegyptus
447 933 571 1008 invenit,
580 932 756 1011 vuideturque
771 932 837 993 Nilo
855 933 978 1009 deferri,
996 943 1026 993 et
1039 934 1102 993 ion·

105 1016 182 1076 tibus
202 1024 297 1074 tamen
319 1014 486 1092 quibusdam
504 1016 621 1076 innatat.
661 1025 805 1095 optummu
826 1035 862 1075 ex
884 1033 920 1075 eo
942 1016 1017 1095 quod
1040 1016 1099 1077 olei
1110 1027 1143 1082 91

70 1117 98 1158 ro
108 1099 248 1179 quandam
260 1098 485 1175 pinguitudinem
496 1098 599 1160 reddit.
627 1109 672 1159 est
686 1102 761 1160 eninr
776 1100 862 1159 etiam
875 1102 903 1159 iu
915 1100 976 1160 sale
994 1101 1103 1179 pingui·

106 1182 194 1257 tudo,
213 1179 289 1259 quod
303 1182 446 1241 miremur.
470 1182 648 1244 adulteratur
667 1192 761 1244 autem
781 1185 975 1261 tinguiturque
990 1183 1104 1243 rubrica

106 1274 154 1326 aut
170 1266 340 1344 plerumque
361 1274 436 1325 testa
453 1269 535 1342 trita,
557 1269 605 1345 qui
623 1267 706 1327 lucus
723 1285 797 1344 aqua
817 1266 1042 1345 deprehenditur
1062 1267 1102 1325 di·

105 1350 204 1409 luente
220 1349 364 1413 facticium
380 1348 525 1425 colorem,
542 1369 604 1410 cum
616 1370 705 1411 verus
720 1351 770 1411 ille
785 1352 910 1412 nonnisi
926 1352 993 1411 olco
1009 1350 1102 1409 resol-

106 1442 188 1493 vatur
207 1441 237 1491 et
264 1435 444 1509 unguentarii
466 1443 587 1512 propter
608 1435 738 1494 colorem
763 1452 800 1494 eo
827 1452 958 1495 maxume
980 1442 1101 1495 utantur.

71 1534 96 1573 re
107 1516 209 1577 canitia
224 1518 253 1574 in
267 1517 346 1577 rasis
361 1535 469 1577 summa
485 1528 546 1593 cst,
561 1519 655 1578 media
669 1534 741 1578 vero
755 1536 822 1595 pars
834 1517 971 1591 umidior,
986 1527 1018 1577 ut
1032 1517 1102 1576 dixi·
1123 1532 1146 1569 u

104 1618 175 1659 mus.
207 1597 303 1658 Floria
321 1610 421 1660 natura
436 1619 557 1678 aspera,
575 1601 798 1673 excalfactoria,
819 1598 968 1657 stomacho
983 1600 1099 1676 inutilis,
1111 1608 1145 1664 92

105 1683 242 1744 sudorem
263 1683 335 1760 ciet,
357 1684 453 1742 alvom
468 1683 555 1742 solvit
572 1684 600 1741 in
616 1684 683 1740 vino
706 1690 735 1739 et
755 1698 846 1757 aqua,
866 1682 966 1757 acopis
983 1690 1012 1739 et
1027 1698 1102 1741 nme·

105 1766 190 1827 cticis
205 1764 293 1824 utilis.
325 1764 450 1824 detrahit
460 1773 490 1823 ct
502 1782 539 1823 cx
556 1763 706 1841 palpebris
719 1762 794 1840 pilos
807 1762 1018 1823 efficacissime.
1044 1764 1102 1823 iae·

106 1866 157 1909 ces
173 1848 388 1921 concutiuntur,
406 1855 437 1904 ut
452 1847 531 1906 croci
546 1845 630 1906 color
645 1845 753 1905 redeat.
779 1845 900 1905 Praeter
914 1844 987 1905 haec
1004 1848 1102 1905 ctiam·

67 1948 172 1997 20num
190 1927 353 2007 appellatur
367 1929 396 1987 in
411 1927 510 1988 salinis
524 1929 659 2007 salsugo,
676 1929 712 1989 ab
728 1928 791 1989 aliis
807 1928 962 2005 salsilago,
984 1937 1044 1987 tota
1069 1927 1101 1987 li·

105 2012 208 2093 quida,
225 2011 332 2081 marina
350 2030 425 2090 aqua
441 2012 561 2087 salsior,
576 2014 605 2072 vi
620 2013 736 2073 distans.

168 2094 252 2174 (43.)
274 2093 360 2156 Aliud
378 2097 529 2155 etiamnum
547 2096 668 2176 liquoris
684 2097 818 2175 exquisiti
829 2114 937 2173 genus,
956 2094 1034 2173 quod
1048 2113 1098 2172 ga·
1110 2104 1144 2159 9³

103 2200 167 2241 rum
186 2196 350 2256 vocavere,
367 2180 510 2239 intestinis
525 2181 648 2259 piscium
667 2181 834 2259 ceterisque
856 2198 930 2258 quae
952 2178 1100 2239 abicienda

105 2272 206 2325 essent
222 2262 285 2323 sale
298 2265 466 2339 maceratis,
484 2273 515 2323 ut
527 2266 566 2325 sit
581 2263 632 2323 illa
652 2264 876 2341 putrescentium
898 2262 1002 2323 sanies.
1044 2261 1101 2321 hoc
1137 2298 1143 2309 -

70 2349 175 2410 acolim
196 2347 402 2407 conficiebatur
428 2365 467 2406 ex
491 2349 573 2425 pisce
597 2366 684 2426 quern
708 2346 810 2407 Gracci
832 2363 923 2423 garon
946 2342 1100 2421 vocabant,

106 2432 202 2508 capite
214 2433 277 2490 eius
287 2440 352 2491 usto
356 2430 456 2527 pulhtu
468 2432 579 2491 extrahi
591 2430 733 2491 secundas
744 2439 944 2490 monstrantes.
983 2428 1012 2489 8.
1024 2446 1097 2487 nuuc
1108 2437 1142 2493 94

106 2534 124 2574 e
144 2512 279 2572 scombro
294 2516 377 2592 pisce
391 2513 613 2575 laudatissimum
627 2514 657 2573 in
674 2512 856 2591 Carthaginis
872 2513 1030 2591 spartariae
1051 2529 1098 2570 ce-

104 2597 203 2669 tariis,
219 2598 364 2658 sociorum
378 2596 406 2657 id
423 2597 600 2676 appellatur,
615 2597 737 2675 singulis
751 2596 863 2657 milibus
879 2599 1019 2655 nummum
1034 2612 1097 2671 per·

106 2678 276 2738 mutantibus
292 2682 415 2756 congios
431 2681 496 2740 iere
513 2680 608 2740 binos.
640 2698 695 2740 nec
710 2681 805 2759 liquor
819 2678 893 2739 ullus
907 2696 999 2757 paene
1014 2694 1098 2753 prac-

72 2771 151 2822 soter
165 2771 308 2837 unguenta
328 2764 437 2823 maiore
457 2765 486 2822 iu
507 2764 602 2841 pretio
628 2782 695 2823 esse
719 2765 818 2841 coepit
837 2761 992 2821 nobilitatis
1013 2762 1098 2819 etiarn

107 2844 251 2921 gentibus.
283 2846 437 2906 scombros
455 2846 570 2924 quidem
588 2856 618 2905 ct
634 2844 809 2906 llaurotania
824 2844 1014 2921 baeticaeque
1027 2841 1096 2905 (lar-
1220 2884 1225 2896 .

106 2929 164 2988 teia
179 2946 217 2988 cx
231 2945 343 2988 oceano
357 2931 486 2989 intrantis
502 2929 618 3007 capiunt
637 2929 673 2988 ad
688 2929 757 2989 nihil
773 2928 848 2989 aliud
862 2928 948 2987 utilis.
981 2927 1095 2987 laudau-

107 3020 152 3070 tur
169 3021 198 3072 et
219 3009 411 3072 Clazomenae
432 3030 506 3089 garo
526 3012 704 3091 Pompeique
726 3022 755 3072 et
774 3011 887 3091 Leptis,
904 3013 985 3073 siout
1006 3010 1095 3069 muria

107 3093 253 3173 Antipolis
267 3113 302 3154 ac
317 3090 433 3171 Thurii,
448 3097 503 3155 iam
519 3113 591 3155 vero
609 3105 639 3155 et
655 3094 804 3155 Delmatia.

72 3194 99 3237 aa
168 3177 252 3255 (44.)
273 3179 379 3238 Vitium
392 3178 535 3238 huius'cst
551 3178 645 3255 allex,
660 3178 820 3257 inperfecta
834 3194 889 3237 nec
906 3178 998 3239 colata
1015 3176 1090 3235 laen.
1103 3184 1136 3240 95
1226 3236 1230 3248 ,

108 3262 305 3337 eoepittamcn
316 3271 347 3321 et
355 3263 487 3339 privatim
495 3280 531 3321 ex
542 3262 631 3321 inutili
644 3260 783 3341 pisciculo
794 3264 974 3339 minumoque
982 3260 1095 3321 confici.
1233 3266 1235 3269 ’

107 3360 210 3422 apuam
221 3347 323 3420 noemi,
342 3343 458 3422 aphyen
472 3344 575 3404 Graeci
590 3354 707 3419 vocant,
731 3346 862 3421 quoniam
873 3344 898 3403 is
912 3342 1067 3423 pisciculus
1079 3360 1096 3401 e

107 3426 353 3505 pluvianascatur.
366 3427 583 3488 Foroiulienses
593 3430 701 3505 piscem
710 3445 746 3486 ex
755 3444 811 3505 quo
823 3426 929 3488 iaciunt
941 3427 1036 3505 lupum
1046 3442 1095 3503 ap·
1109 3464 1111 3470 -
