2484 3817
371 200 451 249 unu.
468 202 559 251 rursu.
580 202 676 251 xxrx.
692 202 719 255 4.
737 193 887 271 (ιι-22.)
1056 194 1117 255 219

127 370 213 433 qum
234 361 332 414 contra
362 356 506 433 serpentis
525 356 653 417 remedia
679 357 909 435 demonstrasse,
931 359 1063 436 qnoniam
1089 369 1118 420 et

126 438 203 498 haec
218 454 327 497 morum
347 440 489 499 venalicia
504 448 579 503 sunt.
599 440 758 501 draconum
774 442 887 520 adipem
909 451 1050 502 venenata
1073 444 1116 503 lu·

125 524 218 599 giunt,
234 523 312 596 item,
325 522 463 599 sinratnr,
478 522 707 604 ichneumonum,
721 524 832 601 lugiunt
844 534 873 585 et
888 526 986 585 urticis
997 525 1071 585 tritis
1088 527 1117 585 in

125 615 211 665 aceto
227 613 394 682 perunctos.

102 712 116 751 s
188 688 272 767 (21.)
294 689 424 766 viperae
440 697 527 767 capnt
540 691 711 767 inpositum,
735 691 784 751 vel
805 690 923 749 alterius
942 707 1024 767 qnam
1041 708 1113 769 qnae
1124 702 1159 757 69

125 773 318 851 percusserit,
336 773 399 830 sine
416 772 477 831 line'
488 773 624 850 prodest,
639 775 708 834 item
724 778 747 834 si
764 776 826 853 quis
842 790 905 832 earn
918 773 1010 850 ipsam
1024 774 1053 832 in
1069 793 1116 835 va·

123 866 199 933 pore
214 855 320 914 haculo
337 856 489 931 sustineat,
512 856 589 915 aiunt
610 860 683 917 enirn
699 874 894 937 praecanere,
919 857 987 915 item
1007 859 1032 915 si
1053 858 1117 935 quis

125 948 247 999 exustae
264 939 326 997 eius
341 940 439 999 cinere
454 939 562 999 inlinat.
589 941 697 1001 reverti
713 951 806 1001 autern
822 939 857 1000 ad
872 956 1040 1017 percussum
1056 958 1116 999 ser·

124 1030 241 1101 pentem
261 1023 436 1081 necessitate
455 1030 574 1082 naturae
589 1022 721 1102 Nigidius
739 1034 840 1084 auctor
860 1030 913 1081 est.
951 1031 1036 1100 caput
1056 1023 1117 1100 qui·

90 1107 193 1165 ndens
213 1106 360 1166 dissecant
381 1105 508 1180 Scythae
533 1107 607 1165 inter
628 1110 705 1167 auris
728 1108 763 1169 ad
787 1106 966 1167 eximendum
988 1105 1117 1182 lapillum

125 1207 212 1268 quern
223 1190 301 1248 siunt
312 1188 348 1248 ab
361 1204 397 1247 ea
411 1190 544 1249 devorari
552 1192 660 1250 territa.
677 1189 725 1251 alii
736 1193 801 1269 ipso
814 1200 874 1250 toto
886 1190 981 1267 capite
993 1196 1115 1248 utuntur.

124 1275 194 1334 liunt
207 1273 355 1349 exvipera
371 1273 477 1349 pastilli
493 1274 540 1351 qui
552 1272 672 1334 theriaci
688 1283 829 1333 uocantur
851 1290 868 1333 a
883 1272 1012 1347 Graecis,
1023 1272 1113 1331 ternis
1123 1280 1158 1336 70

124 1358 223 1434 digitis
233 1356 531 1434 mensnraeutrimque
543 1358 695 1435 amputatis
710 1358 909 1436 exemptisque
923 1357 1077 1415 interaneis
1088 1363 1118 1414 et

125 1440 221 1500 liuore
239 1438 340 1517 spinae
356 1438 541 1514 adhaerente,
557 1441 671 1519 reliquo
688 1457 813 1520 corpore
832 1442 860 1499 in
876 1442 971 1517 patina
988 1456 1025 1498 ex
1042 1454 1116 1516 aqua

95 1542 119 1583 ts
128 1533 158 1583 et
170 1531 259 1582 aneto
274 1522 405 1581 discocto
421 1524 567 1601 spinisque
584 1525 727 1602 exemptis
743 1534 771 1583 et
786 1524 881 1583 addita
901 1523 1062 1599 similagine
1077 1529 1116 1581 at·

125 1625 182 1685 que
197 1608 236 1665 ita
253 1605 399 1678 inumbra
420 1608 537 1665 siccatis
559 1608 681 1684 pastillis
703 1606 805 1683 quihus
831 1605 866 1665 ad
886 1606 972 1665 multa
993 1604 1116 1664 medica·

123 1699 220 1750 menta
238 1696 363 1748 utuntur.
394 1689 611 1765 significandum
629 1689 742 1748 videtur
769 1706 786 1748 e
807 1688 908 1764 vipera
927 1696 1033 1745 tanturn
1059 1688 1117 1746 hoc

124 1776 199 1834 lieri.
235 1771 347 1851 quidam
361 1779 501 1850 purgatae
517 1777 548 1829 ut
568 1768 654 1850 sup'ra
669 1770 773 1829 dictum
789 1779 834 1829 est
851 1768 964 1849 adipem
980 1787 1043 1828 curn
1059 1770 1117 1827 olei

127 1856 255 1917 sextario
273 1855 417 1915 decocunt
431 1854 467 1913 ad
483 1853 619 1912 dimidias.
656 1870 694 1913 ex
709 1870 759 1930 eo,
782 1870 844 1911 cum
861 1868 935 1931 opus
952 1853 1002 1928 sit,
1024 1853 1116 1910 ternis

92 1955 121 1995 ao
132 1939 216 1999 stillis
244 1938 347 1999 additis
371 1940 401 1996 in
426 1937 521 1997 oleum
545 1944 741 2015 perunguntur
763 1946 792 1995 ut
816 1954 916 1996 omnes
940 1934 1052 1995 hestiae
1073 1933 1115 1993 iu-

129 2024 211 2101 giant
227 2039 286 2081 eos.
993 2030 995 2039 ’
1171 2032 1173 2035 ’

194 2105 275 2183 (22.)
298 2103 453 2164 Praeterea
467 2111 580 2163 constat
595 2110 695 2162 eontra
711 2103 832 2162 omnium
849 2102 1024 2180 serpentium
1040 2102 1114 2159 ictus
1124 2108 1156 2163 71

127 2189 258 2267 quamvis
278 2188 443 2247 insanabilis
469 2188 593 2266 ipsarum
611 2195 677 2245 exta
697 2187 818 2265 inposita
835 2187 979 2262 auxiliari,
1005 2200 1117 2261 eosque

129 2274 178 2351 qni
194 2272 475 2349 aliqnandoviperae
490 2274 571 2343 iecur
585 2278 698 2328 coctum
713 2270 859 2329 hauserint
871 2286 1020 2347 numquam
1034 2275 1115 2347 post·

91 2374 165 2417 caea
186 2356 268 2419 lerini
290 2373 306 2414 a
328 2362 474 2433 serpente.
505 2371 600 2431 neque
627 2354 728 2430 anguis
743 2362 900 2411 venenatus
921 2361 966 2411 est
987 2352 1040 2411 nisi
1064 2367 1117 2427 per

127 2456 256 2499 mensem
271 2439 335 2497 lnna
351 2439 512 2514 instigatus,
528 2446 558 2496 et
574 2436 694 2514 prodest
707 2437 790 2494 vivos
808 2436 1023 2513 conprehensus
1045 2442 1073 2492 et
1088 2433 1115 2489 in

128 2540 204 2601 aqua
219 2529 390 2596 centonem,
406 2522 431 2579 si
447 2521 598 2580 foveantur
614 2521 653 2579 ita
675 2536 796 2579 morsus.
832 2520 906 2593 Quin
928 2526 956 2577 et
976 2520 1072 2575 inesse
1088 2516 1158 2578 citt

126 2604 255 2665 remedia
268 2604 357 2663 multa
376 2604 542 2679 creduntur,
564 2611 594 2661 ut
608 2603 786 2679 digeremus,
809 2611 837 2661 et
853 2602 918 2661 ideo
939 2598 1116 2676 Aesculapio

127 2689 250 2749 dicatur.
278 2686 460 2746 Democritus
474 2686 587 2763 qnidam
598 2695 723 2745 monstra
744 2686 881 2763 quaedam
897 2702 934 2743 ex
949 2683 993 2742 his
1010 2680 1115 2740 conlin-

92 2792 119 2832 so
129 2774 173 2849 git
185 2780 217 2831 nt
230 2771 343 2848 possint
356 2771 448 2829 avium
462 2786 612 2829 sermones
626 2769 766 2845 intellegi.
799 2769 909 2844 Anguis
923 2764 1116 2842 Aesculapius

129 2854 278 2934 Epidauro
294 2854 412 2913 Romam
428 2852 565 2913 advectus
580 2862 625 2915 est
639 2852 786 2929 volgoque
802 2850 968 2931 pascitnret
982 2850 1009 2906 in
1027 2846 1115 2906 domi-

129 2938 194 3013 bus,
211 2938 316 2997 annisi
332 2936 470 2995 incendiis
484 2938 591 2995 semina
607 2944 807 3011 exurerentur,
823 2949 880 2991 non
896 2940 974 2992 esset
988 2929 1115 2989 fecundi·

129 3023 179 3082 tati
193 3037 294 3081 eorum
309 3020 457 3081 resistere.
476 3018 509 3078 ln
521 3018 592 3078 orbe
603 3027 742 3077 terrarum
755 3016 973 3096 pulcherrimum
985 3014 1116 3088 anguium

129 3122 224 3183 genus
241 3112 287 3163 est
303 3104 378 3180 qnod
393 3111 422 3161 et
438 3106 466 3162 in
482 3118 555 3178 aqua
569 3104 653 3179 vivit,
678 3101 760 3175 hydri
776 3101 931 3173 vocantur,
954 3096 1033 3157 nullo
1055 3114 1115 3155 ser·

93 3189 257 3267 tepentium
272 3186 427 3246 inferiores
447 3200 569 3245 veneno.
598 3186 699 3244 horum
720 3184 800 3241 iecur
820 3189 961 3240 servatum
977 3179 1116 3239 adversus

128 3279 292 3351 percussos
303 3268 340 3329 ab
355 3269 400 3328 his
412 3270 545 3329 auxilium
560 3275 614 3328 est.
652 3267 775 3340 Scorpio
797 3266 879 3322 tritus
900 3264 1051 3322 stelionum
1065 3278 1114 3319 ve·
1123 3269 1158 3324 73

128 3370 207 3414 neno
229 3354 408 3414 adversatur.
448 3354 480 3412 lit
501 3350 575 3408 enim
595 3358 657 3408 ete
681 3344 849 3407 stelionibus
869 3345 971 3403 malum
992 3343 1114 3403 medica·

128 3447 264 3499 mentum.
301 3455 365 3497 narn
380 3453 444 3495 cnm
456 3437 613 3495 inmortuus
626 3438 672 3491 est
685 3432 764 3503 vino,
778 3428 879 3489 faciem
896 3444 995 3487 eorum
1010 3428 1056 3504 qui
1072 3424 1114 3485 bi·
