2484 3817
310 166 389 213 usn.
405 164 495 213 urso.
511 166 623 213 xnvn.
641 164 667 215 ι.
682 167 710 217 ι.
726 160 875 227 (ro—ao.)
1025 158 1082 219 135

89 322 171 382 ratis.
198 310 333 379 sabulosa
346 318 470 379 arbitror
480 337 555 397 quae
565 318 734 397 adiciuntur,
750 330 869 381 recente
887 340 922 381 ea
935 324 959 381 si
975 331 1082 400 uratur,

89 405 200 465 ferrum
215 411 263 462 aut
278 420 329 461 aes
344 402 516 462 feruminari.

154 489 184 547 5.
207 486 292 564 (15.)
312 485 459 563 Apariueu
469 486 556 565 aliqui
568 486 824 565 omphalocarpon,
843 489 890 547 alii
904 488 1079 565 philanthro·
1091 500 1124 554 32

90 588 151 651 pou
162 577 288 629 vocant
273 586 447 646 ,ramosam
458 568 602 645 hirsutam,
618 572 711 647 quinis
723 572 839 631 senisve
852 572 879 630 in
892 572 991 631 orbern
1005 576 1082 633 circa

69 672 187 714 rramos
201 651 281 712 ioh'is
299 670 352 729 per
365 651 528 713 intervalla.
561 671 660 713 semen
675 654 836 727 rotundum,
852 654 962 729 durum,
978 673 1081 715 conca-

90 756 169 814 rom,
188 734 341 796 subdulce.
372 736 522 795 nascitur
513 754 543 795 ιι
558 736 744 796 ιιιιιιιιιιιο
762 755 834 814 agro
849 746 897 797 aut
910 738 1001 798 hortis
1017 757 1081 816 pra·

89 823 182 897 tisre,
205 818 363 897 asperitate
383 820 469 878 etiam
488 822 611 879 restium
631 814 736 881 tedaci.
774 820 878 879 efficax
900 830 1000 879 contra
1021 840 1081 881 scr-

91 904 187 983 pentis
208 904 320 960 semine
348 911 419 979 poto
442 920 480 961 ex
498 904 565 962 vino
585 902 719 963 drachma
745 912 775 963 et
796 912 895 963 contra
919 903 1081 981 phalangia.

89 987 239 1063 sauguinis
253 984 451 1044 abundantiam
465 1003 503 1045 ιιι
514 986 682 1047 volneribus
692 987 850 1065 reprimunt
866 986 955 1047 folia
948 988 1082 1065 inposita,

60 1085 83 1127 ιι
90 1088 177 1131 sucus
189 1067 307 1130 auribus
322 1067 487 1127 infunditur.

152 1153 239 1230 (16.)
263 1149 391 1219 Arctior,
398 1152 484 1229 aliqui
500 1152 595 1231 potins
609 1160 754 1212 arcturum
769 1162 883 1212 vocant.
921 1153 1021 1213 similis
1035 1161 1080 1213 est
1092 1163 1126 1217 33

88 1236 234 1297 verbasco
251 1233 341 1310 foliis,
356 1235 411 1293 nisi
426 1235 504 1313 quod
518 1235 671 1296 hirsutiora
688 1244 762 1310 sunt,
778 1236 860 1297 caule
876 1236 976 1313 longo,
990 1237 1081 1311 molli,

90 1320 201 1380 semine
219 1318 332 1377 cumini.
367 1322 494 1378 nascitur
510 1320 539 1378 in
551 1320 689 1397 petrosis,
704 1318 801 1379 radice
818 1328 927 1397 tenera,
940 1320 1006 1380 alba
1022 1320 1082 1379 dul·

91 1405 185 1483 cique.
210 1401 401 1479 decoquitur
391 1419 420 1459 ιι
438 1404 503 1463 vino
519 1403 555 1462 ad
567 1403 692 1463 dentium
706 1401 824 1463 dolores
836 1410 870 1463 nt
883 1406 922 1463 ita
937 1406 1082 1465 continea-

64 1486 144 1547 ntur.
177 1485 333 1545 decoctum
348 1482 453 1544 bibitur
473 1494 593 1566 propter
614 1484 752 1545 ischiada
764 1494 793 1545 et
815 1487 1021 1563 stranguriam,
1045 1504 1083 1545 ιιι

91 1572 157 1629 rino
173 1566 334 1629 ambustis
325 1569 470 1645 rnponitur
485 1579 515 1629 et
528 1568 725 1648 pernionibus.
755 1568 890 1629 foventur
902 1570 1002 1629 eadem
1020 1588 1083 1629 curn

88 1654 188 1714 radice
205 1652 317 1711 semine-
333 1652 424 1710 trito
415 1670 444 1710 ιι
458 1654 536 1713 vino.

151 1735 237 1813 (17.)
260 1733 412 1812 Asplenon
429 1746 494 1795 sunt
506 1738 554 1814 qui
570 1734 736 1794 hemionion
750 1740 872 1809 vocant,
895 1733 973 1793 foliis
995 1736 1080 1793 trien·
1092 1746 1126 1798 34

91 1818 198 1879 talibus
210 1817 323 1894 multis,
344 1816 443 1876 radice
466 1819 584 1895 limosa,
608 1832 768 1879 cavernosa
785 1817 858 1875 siout
879 1816 992 1892 felicis,
1017 1834 1083 1875 can-

60 1902 177 1974 aodida,
206 1901 330 1975 hirsuta,
360 1919 415 1960 nec
437 1901 547 1961 caulem
568 1919 624 1961 ιιι
649 1898 751 1961 florem
777 1916 833 1959 ιιι
861 1916 960 1959 semen
986 1898 1107 1984 habet„

93 1984 221 2045 nascitur
233 1986 262 2043 in
277 1984 368 2061 petris
383 1984 598 2062 parietibusque
613 1984 732 2063 opacis,
755 1983 872 2061 umidis,
888 1982 1082 2045 laudatissima

92 2070 121 2127 in
146 2066 241 2127 Creta.
281 2067 365 2126 buius
387 2067 522 2127 foliorum
542 2070 571 2126 in
595 2078 679 2128 aceto
695 2067 819 2127 decocto
840 2086 893 2147 per
913 2068 975 2128 dies
999 2066 1083 2127 XXX

92 2160 163 2230 poto
182 2150 288 2210 lienem
309 2148 418 2209 absumi
439 2154 533 2227 aiunt,
560 2161 589 2211 et
610 2151 763 2212 inlinuntur
783 2160 878 2212 autem
899 2151 1015 2228 eadem,
1037 2169 1081 2210 se·

6 2245 7 2262 ¹
92 2234 157 2295 dant
177 2242 209 2293 ιι
230 2232 382 2310 singultus.
414 2235 527 2295 feminis
546 2252 605 2295 non
625 2234 730 2313 danda,
751 2235 884 2313 quoniam
904 2235 1083 2295 sterilitatem

63 2318 169 2378 niacit.

154 2399 239 2479 (18.)
262 2400 417 2480 Asclepius
431 2400 503 2461 folia
516 2400 642 2461 hederae
659 2400 760 2479 habet,
780 2418 876 2461 ramos
896 2401 1019 2478 longos,
1035 2418 1078 2460 ra·
1090 2410 1123 2463 35

94 2484 175 2544 dices
188 2501 369 2561 numerosas,
386 2485 489 2559 tenuis,
507 2484 653 2561 odoratas,
669 2484 749 2543 floris
764 2486 841 2543 virus
856 2502 969 2560 grave„
983 2500 1081 2542 sennen
1179 2492 1183 2501 ’

94 2568 292 2629 securidacae.
319 2568 445 2627 nascitur
463 2568 491 2625 in
513 2566 666 2629 montibus.
701 2566 812 2629 radiens
834 2565 1001 2627 torminibus
1021 2582 1079 2623 me-

92 2651 194 2711 dentur
220 2658 250 2711 ιι
270 2658 371 2710 ιιιιιι
390 2652 566 2729 serpentium
582 2653 656 2712 ictus
676 2668 733 2711 non
754 2649 846 2710 solum
866 2659 952 2730 potu,
980 2645 1081 2707 sedet

62 2734 182 2795 aoinlitu.

153 2816 239 2895 (19.)
263 2816 352 2875 Aster
372 2815 408 2875 ab
422 2816 525 2895 aliquis
540 2815 686 2876 bubonion
701 2816 874 2895 appellatur,
890 2814 1022 2893 quoniam
1037 2816 1077 2873 in·
1089 2824 1123 2877 33

92 2900 209 2977 quinum
231 2908 467 2976 praesentaneum
486 2899 643 2960 remedium
664 2908 717 2958 est
753 2898 910 2960 cauliculus
930 2896 1008 2956 foliis
1030 2896 1080 2955 ob

94 2984 227 3073 longis
211 2982 325 3043 duobus
341 2991 389 3041 aut
405 2981 541 3059 tribus,
532 3002 560 3041 ιι
576 2983 723 3043 cacumine
739 2981 862 3061 capitula
877 2980 979 3039 stellae
993 2981 1080 3040 modo
1161 3024 1162 3027 ,

92 3044 227 3127 radiata
243 3065 348 3124 bibitur
362 3074 392 3125 ιι
405 3065 543 3125 adversus
559 3066 713 3143 serpentis.
745 3065 798 3125 sed
815 3062 873 3124 ad
864 3062 1006 3137 unguinum
1023 3081 1080 3122 rne-

65 3149 218 3209 ndiciuam
232 3150 347 3209 sinistra
357 3166 440 3209 manu
451 3149 570 3225 decerpi
587 3148 684 3208 iubent
699 3157 728 3208 et
742 3149 819 3207 iuxta
832 3147 941 3205 cinctus
950 3146 1079 3223 adligari.

96 3232 217 3310 prodest
232 3240 264 3291 et
278 3214 447 3291 coxendicis
462 3230 557 3290 dolori
571 3230 734 3305 adalligata.

154 3315 240 3394 (20.)
263 3314 398 3411 Ascyron
412 3324 442 3374 ιι
456 3314 625 3385 ascyroides
640 3312 742 3371 similia
756 3318 822 3367 sunt
841 3310 914 3368 inter
931 3326 964 3366 se
981 3317 1009 3366 et
1027 3308 1076 3381 hy·
1089 3316 1121 3371 37

96 3401 215 3477 pericu,
229 3398 282 3459 sed
298 3399 424 3459 maiores
438 3395 544 3459 habent
557 3410 670 3469 ramos,
691 3390 769 3470 quod
781 3390 948 3465 ascyroides
962 3396 1081 3447 vocatur
