2484 3817
269 180 349 230 nur.
369 180 461 230 mer.
480 180 602 229 xxxur.
617 177 738 232 na-at.
760 173 910 253 (eof-st.)
1029 165 1089 228 137

93 337 181 398 tertia
201 353 269 414 para
288 335 424 414 addatur,
444 335 551 396 melior
568 335 689 394 materia
713 333 780 394 erit.
812 334 848 395 ab
863 333 1040 414 Appennino
1055 331 1091 394 ad

93 419 200 480 Padum
213 421 360 481 iuvenitur
375 420 512 496 fossicia,
529 435 586 478 nec
599 425 680 478 trans
694 418 790 478 maria.
901 469 902 472 ,

49 581 53 604 .
156 537 239 616 (55.)
256 537 413 597 Ruinarurn
427 535 508 596 urhis
525 554 560 596 ea
572 552 703 595 maxume
720 553 817 612 causa,
833 533 910 613 quod
920 535 998 595 lurto
1013 535 1070 596 eal·
1082 539 1135 598 176

94 622 136 681 cis
154 623 218 682 siue
233 622 375 681 ferumine
390 638 443 681 suo
462 626 611 680 caementa
626 628 836 697 conponuntur.
860 619 959 678 intrita
974 637 1101 697 quoque

73 725 128 766 sea
151 723 209 784 quo
233 706 377 764 uetustior
402 722 439 764 eo
454 704 569 763 melior.
601 704 631 761 in
649 703 831 781 antiquorum
847 701 960 762 aedium
974 702 1090 780 legibus

92 791 239 850 invenitur
250 807 287 848 ne
299 789 467 848 recentiore
480 790 562 847 trima
574 793 707 847 uteretur
720 784 899 865 redemptor.
917 785 985 846 ideo
995 784 1091 845 nullae

93 873 217 933 tectoria
238 889 340 932 corum
358 874 447 931 rimae
462 871 635 932 foedavere.
672 868 858 946 Tectorium,
880 869 935 929 nisi
951 867 1029 948 quod
1045 875 1093 928 ter

92 956 232 1016 harenato
245 965 275 1014 et
284 958 329 1015 his
342 961 515 1015 marmorato
526 953 671 1012 inductum
681 959 736 1027 est,
747 969 895 1030 numquam
909 957 979 1013 satis
995 950 1092 1029 splen·

93 1041 173 1099 doris
187 1036 284 1096 hahet.
320 1032 466 1115 uliginosa
485 1042 516 1093 et
535 1035 585 1093 uhi
600 1034 720 1113 salsugo
736 1036 819 1094 vitiat
834 1043 968 1096 testaceo
985 1033 1091 1094 sublini

2 1161 8 1178 .
59 1122 201 1181 loutilius.
237 1119 271 1179 ln
288 1118 428 1179 Graeciae
448 1120 581 1180 tectoriis
603 1121 691 1178 etiam
705 1119 871 1186 harenatum
894 1134 952 1194 quo
992 1119 1133 1186 indu-177

93 1207 165 1265 cturi
180 1212 246 1264 sunt
261 1205 341 1282 prius
357 1206 386 1263 in
402 1205 540 1263 mortario
556 1203 662 1281 ligneis
680 1203 811 1263 vectibus
824 1203 970 1283 subigunt.
1002 1219 1092 1281 expe·

93 1291 246 1348 rimentum
264 1288 429 1348 marmorati
450 1295 496 1348 cst
515 1290 544 1362 lq
563 1287 727 1364 subigendo
751 1286 845 1348 donce
865 1296 947 1346 rutro
969 1287 1027 1346 uon
1043 1304 1091 1345 co·

94 1373 230 1449 haereat,
249 1380 350 1432 contra
370 1373 399 1431 in
420 1371 531 1432 albario
550 1389 643 1450 opere
667 1380 698 1430 ut
713 1378 857 1430 macerata
875 1370 941 1431 calx
958 1387 1013 1430 ceu
1028 1370 1091 1447 glu-

95 1458 153 1515 tina
180 1455 308 1516 haereat.
349 1457 488 1516 macerari
515 1473 574 1515 uon
602 1457 659 1514 nisi
680 1453 813 1531 glaebam
841 1462 968 1531 oportet.
1005 1452 1091 1514 Elide

59 1559 84 1598 us
93 1539 173 1601 aedis
190 1549 235 1600 est
249 1539 400 1600 Minervae
415 1543 444 1600 in
460 1559 515 1617 qua
530 1540 623 1598 irater
636 1537 755 1597 Phidiae
770 1535 921 1596 Panaenus
937 1538 1091 1597 tectorium

92 1625 204 1684 induxit
224 1624 300 1684 lactc¹
325 1644 341 1684 e
369 1641 457 1682 croco
479 1621 646 1697 subactum,
673 1628 704 1678 ut
725 1620 839 1697 lerunt,
862 1620 948 1698 ideo,
971 1622 995 1680 si
1014 1628 1090 1681 tera·

93 1717 139 1769 tur
159 1707 247 1767 hodie
271 1710 299 1766 iu
321 1723 358 1766 eo
381 1706 473 1764 saliva
493 1703 620 1781 pollice,
651 1703 770 1763 odorem
793 1706 874 1764 croci
895 1722 1090 1784 saporemque
1162 1753 1168 1762 .

92 1791 195 1851 reddit.

157 1898 238 1976 (56.)
260 1895 417 1959 Columnae
438 1894 559 1957 eaedem
573 1894 691 1954 densius
715 1898 829 1974 positae
846 1898 1010 1958 crassiores
1029 1898 1071 1957 ui·
1082 1908 1135 1964 178

58 2001 84 2040 20
94 1982 206 2042 dentur.
240 1998 350 2057 genera
366 1996 464 2040 earum
481 1987 632 2058 quattuor:
649 1996 724 2056 quac
741 1989 853 2040 sextam
867 1989 980 2059 partem
995 1981 1090 2042 altitu·

94 2065 168 2126 dinis
184 2067 214 2124 in
229 2063 422 2124 crassitudine
438 2063 493 2122 ima
509 2063 616 2124 hahent
631 2063 761 2124 Doricae
775 2074 932 2142 vocantur,
950 2083 1025 2144 quae
1039 2083 1090 2125 no-

93 2168 157 2210 nam
171 2148 305 2224 lonicae,
328 2165 413 2226 quae
424 2156 583 2225 septumum
597 2146 790 2223 Tuscanicae,
807 2146 966 2210 Corinthiis
989 2149 1090 2210 eadem

93 2236 168 2296 ratio
190 2251 264 2312 quae
285 2231 410 2308 Ionicis,
430 2240 461 2291 et
482 2231 663 2307 differentia,
689 2235 822 2310 quioniam
837 2233 970 2311 capitulis
981 2231 1090 2294 Corin·

93 2318 216 2378 thiarum
235 2316 337 2377 eadem
358 2324 405 2376 est
424 2315 544 2375 altitudo
559 2333 634 2394 quae
650 2315 799 2393 colligitur
814 2318 1005 2380 crassitudine
1022 2319 1089 2394 ima,

57 2401 220 2478 asideoque
236 2402 408 2478 graciliores
430 2400 581 2476 videntur,
598 2398 705 2460 louicis
727 2401 802 2460 euim
818 2401 941 2478 capituli
967 2400 1088 2461 altitudo

95 2485 183 2544 tertia
198 2503 265 2561 pars
281 2494 326 2544 est
341 2483 549 2544 crassitudinis.
571 2485 687 2561 antiqua
704 2486 780 2544 ratio
795 2492 859 2544 erat
873 2484 1068 2544 columnarum
1080 2494 1132 2550 179

94 2567 251 2628 altitudinis
266 2570 352 2629 tertia
363 2587 429 2646 pars
441 2567 621 2627 latitudinum
632 2567 754 2628 delubri.
780 2569 809 2637 in
821 2567 968 2647 Ephesiae
979 2567 1089 2628 Dianae

95 2651 169 2711 aede
192 2668 267 2728 quae
293 2653 372 2729 prius
392 2654 446 2713 luit
466 2653 587 2730 primum
614 2650 754 2712 columnis
779 2654 876 2730 spirae
903 2650 1036 2712 subditae
1059 2660 1090 2712 et

96 2735 221 2813 capitula
236 2734 347 2810 addita,
363 2735 529 2813 placuitque
546 2734 705 2796 altitudinis
724 2744 826 2796 octava
848 2753 915 2812 pars
940 2736 970 2796 in
986 2737 1089 2800 crassi·

60 2819 194 2880 eotudine
217 2827 248 2878 et
271 2827 303 2877 ut
327 2820 424 2895 spirae
449 2819 591 2879 haherent
608 2819 807 2880 crassitudinis
826 2817 970 2878 dimidium
991 2827 1090 2896 septu-

94 2920 215 2981 maeque
230 2911 329 2980 partes
341 2900 562 2963 detraherentur
573 2921 743 2962 summarum
753 2901 954 2966 crassitudine.
970 2911 1089 2980 praeter

94 2986 166 3046 haec
184 2997 249 3046 sunt
264 3003 338 3064 quae
354 2994 495 3045 vocantur
506 2985 623 3047 Atticae
640 2986 790 3046 columnae
802 2987 949 3063 quaternis
966 2986 1088 3064 angulis,

94 3072 156 3150 pari
172 3071 294 3130 laterum
309 3068 473 3129 intervallo.

157 3179 207 3239 24.
229 3179 313 3257 (57.)
335 3176 432 3238 (lalcis
452 3185 483 3237 et
500 3179 531 3236 in
547 3177 689 3238 medicina
703 3195 823 3256 magnus
840 3196 920 3239 usus.
948 3176 1132 3254 eligitur180

59 3283 85 3327 aa
96 3281 201 3323 recens
216 3280 271 3322 nec
285 3259 426 3342 adspersa
439 3262 533 3340 aquis,
546 3263 616 3340 urit,
632 3261 759 3339 discutit,
775 3263 901 3323 extrahit
912 3261 1090 3340 incipientis·

96 3365 153 3426 que
163 3346 287 3425 serpere
297 3347 426 3408 ulcerum
436 3347 562 3424 impetus
573 3355 702 3407 coercet
724 3355 808 3407 aceto
825 3356 855 3421 et
865 3363 989 3408 rosaceo
1000 3347 1090 3406 mixta

96 3440 183 3509 atque
202 3431 303 3510 inlita,
319 3449 389 3494 mcx
402 3449 471 3491 cera
487 3437 575 3508 atquc
589 3447 712 3492 rosaceo
732 3438 891 3510 temperata
904 3430 1037 3510 perducit
1053 3428 1089 3488 ad
