2484 3817
343 185 655 236 manutenuerunt.
672 186 714 241 lo.
731 173 877 254 (st—51.)
1044 175 1107 237 309
1218 181 1222 189 “

115 338 209 400 cautla
223 339 285 398 sive
302 347 425 416 servata,
440 341 521 400 iocur
536 341 621 402 etiam
636 341 729 400 tritum
743 342 890 420 mixtoque
902 341 1002 402 cedrio
1017 341 1106 420 plum·

114 421 170 482 bea
185 421 291 501 pyxide
303 422 493 484 adservatum.
514 425 553 484 ita
565 441 673 501 pueros
682 425 894 500 mangonicavit
903 426 992 504 Salpe
1009 425 1107 484 obste-

113 507 180 566 trix.
210 505 310 566 eadem
325 506 370 568 vis
387 507 513 585 pulmoni
529 508 656 581 marino,
680 508 780 566 marini
804 507 914 584 leporis
930 510 1063 584 sanguini
1080 517 1109 568 et

113 589 188 664 felli,
205 589 251 650 vel
263 590 288 650 si
300 589 328 648 iu
340 588 408 652 oleo
419 589 466 650 hic
481 599 608 650 necetur.
633 592 741 666 cancri,
756 590 970 668 scolopendrae
982 593 1108 651 marinae

88 674 187 738 sciria
204 673 365 748 cumules,
381 674 471 734 urtica
488 673 595 734 marina
611 675 678 734 trita
693 692 731 734 ex
749 682 832 733 aceto
851 674 994 749 scillitico,
1009 684 1106 752 torpe·

112 757 187 817 diuis
199 756 351 816 cerebrum
363 774 426 816 cunr
439 755 561 839 alumine
573 757 681 818 inlitum
694 755 773 818 XVI.
781 757 856 816 luna.
877 775 964 818 ranae
978 775 1086 837 parvae
1099 768 1150 822 1³6

112 857 198 920 quam
220 841 248 898 iu
269 840 429 908 oculorum,
445 841 592 914 curatione
613 841 819 918 descripsimus
845 842 941 900 sanies
965 842 1141 901 efficacis-⁷·

113 925 186 984 sime
208 923 357 1002 psilotrum
374 932 436 997 est,
460 926 486 984 'si
509 941 614 984 recens
632 924 779 998 inlinatur,
804 925 912 1002 etipsa
929 926 1058 984 arelacta
1074 942 1108 983 ac

113 1017 213 1082 tunsa,
237 1025 305 1066 mox
320 1007 442 1068 decocta
459 1007 550 1068 tribus
562 1007 684 1068 heminis
698 1006 735 1068 ad
753 1008 851 1066 tertias
867 1007 914 1067 vel
932 1008 961 1066 in
975 1008 1043 1068 cleo
1058 1007 1106 1066 de·

77 1102 105 1144 ¹⁰
114 1099 198 1152 cocta
211 1093 306 1152 aereis
317 1093 404 1150 vasis.
423 1091 526 1151 eadem
540 1109 673 1152 mensura
690 1091 737 1150 alii
749 1109 765 1150 e
775 1091 938 1169 quindecim
949 1093 1025 1151 ranis
1038 1108 1106 1150 con·
1178 1118 1180 1131 ›

113 1177 210 1236 ficiunt
227 1175 386 1253 psilotrum,
398 1176 472 1234 sicut
487 1176 516 1234 in
527 1175 619 1236 oculis
632 1174 763 1234 diximus.
783 1176 977 1252 sanguisugae
990 1190 1137 1252 quoquest

112 1267 206 1320 tostae
221 1261 250 1320 in
269 1277 339 1318 vase
355 1257 436 1318 fictili
460 1267 489 1320 et
504 1277 544 1318 ex
563 1266 648 1318 aceto
664 1257 762 1325 inlitae
780 1257 901 1318 eundem
916 1267 1016 1318 contra
1031 1255 1107 1337 pilos

112 1342 225 1402 habent.
232 1342 375 1402 ellectum.
392 1341 440 1402 hic
451 1341 563 1402 suffitus
575 1341 715 1403 urentium
727 1359 779 1400 eas
788 1350 872 1401 necat
884 1342 1001 1401 cimices
1013 1343 1106 1400 unice.

115 1435 249 1486 castoreo
265 1442 458 1505 quoque-cunr
473 1425 560 1486 melle
581 1441 636 1504 pro
653 1424 775 1503 psilotro
795 1426 839 1483 usi
856 1423 985 1502 pluribus
1005 1423 1107 1484 diebus

78 1517 105 1560 ¹³
115 1511 306 1587 reperiuntur,
322 1510 351 1568 iu
366 1510 441 1570 omui
457 1518 552 1569 autem
568 1508 691 1586 psilotro
707 1507 852 1567 evellendi
869 1509 950 1584 prius
966 1516 1031 1568 sunt
1046 1507 1106 1585 pili.

174 1591 259 1670 (48.)
273 1591 422 1654 Infantiam
436 1593 562 1670 gingivis
574 1589 835 1668 dentitionibusque
848 1588 1006 1667 plurumum
1018 1609 1086 1650 con·
1101 1599 1149 1654 rat

112 1676 169 1735 fert
185 1675 311 1753 delphini
329 1692 392 1734 cum
407 1675 494 1734 melle
510 1673 634 1733 dentium
649 1674 721 1738 ciuis
736 1681 765 1731 et
786 1673 811 1728 si
827 1673 893 1747 ipso
912 1670 998 1730 dente
1013 1675 1106 1750 gingi-

111 1777 167 1818 vae
189 1767 350 1835 tangantur.
378 1755 550 1833 adalligatus
575 1753 651 1834 idem
677 1771 802 1834 pavores
829 1756 996 1832 repentinos
1021 1755 1107 1814 tollit.

111 1840 187 1902 idem
199 1841 323 1900 effectus
337 1847 366 1897 et
381 1837 530 1898 caniculae
544 1836 646 1896 dentis.
668 1837 766 1898 ulcera
780 1853 852 1896 vero
865 1855 937 1915 quae
950 1837 1106 1897 inauribus

76 1937 103 1982 tc
113 1933 162 1984 aut
176 1923 234 1982 ulla
251 1930 333 2000 parte
345 1921 477 1998 corporis
491 1921 559 1981 hant
572 1937 741 1980 cancrorum
752 1921 927 1981 fluviatilium
942 1939 1029 1981 sucus
1042 1939 1105 1980 cum

112 2006 203 2069 iarina
219 2001 385 2066 hordeacea
400 2013 492 2064 sanat.
519 2013 549 2064 et
564 2004 599 2064 ad
620 2003 752 2082 reliquos
764 2003 883 2065 morbos
898 2006 957 2065 triti
972 2006 1001 2062 in
1017 2004 1085 2064 oleo
1099 2016 1151 2067 tut

112 2089 260 2172 perunctis
273 2096 402 2166 prosunt.
421 2088 541 2149 siriasim
555 2087 702 2148 infantium
715 2105 847 2165 spongea
862 2088 967 2165 frigida
983 2087 1105 2149 cerebro

113 2173 256 2234 umefacto
273 2189 341 2231 rana
357 2171 472 2232 inversa
490 2171 646 2248 adalligata
664 2172 866 2232 efficacissime
884 2180 974 2232 sanat.
997 2172 1105 2233 aridam

113 2257 233 2318 inveniri
248 2255 406 2317 adfirmant.

77 2365 104 2408 un
174 2341 259 2419 (49.)
281 2338 386 2400 hlullus
403 2341 431 2398 in
451 2339 519 2398 vinc
533 2347 654 2398 necatus
675 2337 722 2397 vel
742 2339 831 2416 piscis
848 2337 973 2398 rubellio
989 2338 1037 2397 vel
1057 2357 1105 2398 an·

113 2423 222 2502 guillae
237 2423 324 2499 duae,
338 2423 406 2482 item
424 2439 479 2483 uva
494 2423 645 2482 marineio
664 2422 730 2482 vinc
746 2421 908 2499 putrefacta
922 2424 956 2481 iis
973 2423 1020 2501 qui
1039 2421 1119 2486 inde.

114 2507 238 2566 biberint
253 2506 376 2566 taedium
391 2507 449 2566 vini
465 2505 567 2567 adfert.
598 2567 602 2576 ,

178 2587 262 2667 (hd.)
284 2590 428 2649 Venerem
444 2589 554 2649 inhibet
567 2588 720 2665 echeneis,
736 2588 936 2667 hippopotami
950 2587 1052 2647 irontis
1068 2598 1148 2653 e139

115 2673 228 2732 sinistra
244 2680 326 2748 parte
340 2671 425 2748 pellis
438 2673 466 2730 in
478 2672 581 2748 agnina
597 2672 768 2747 adalligata,
786 2670 827 2730 iel
845 2670 1005 2749 torpedinis
1020 2671 1103 2730 vivae

79 2753 288 2834 acgeuitulibus
309 2754 425 2814 inlitum.
456 2755 598 2816 concitant
621 2754 784 2814 coclearum
805 2753 980 2814 fluviatilium
1002 2770 1105 2812 carnes

113 2839 176 2900 sale
196 2836 365 2897 adservatae
386 2847 416 2898 et
439 2840 467 2897 in
487 2848 557 2916 potu
578 2856 615 2897 ex
634 2838 700 2912 vino
719 2837 818 2914 datae,
841 2835 965 2912 erythini
988 2837 1018 2895 in
1036 2835 1103 2896 cibo

113 2923 233 2999 sumpti,
252 2921 332 2980 iecur
346 2939 433 2980 ranae
453 2921 577 3000 diopetis
593 2920 641 2980 vel
659 2920 809 2980 calamitae
829 2921 858 2979 in
873 2919 1009 2997 pellicula
1024 2922 1104 2996 gruis

113 3005 297 3082 adalligatum
316 3003 363 3064 vel
385 3004 455 3064 deus
476 3003 617 3068 crocodili
637 3003 793 3064 maxillaris
815 3001 943 3063 adnexos
964 3001 1103 3064 bracchio

114 3089 162 3148 vel
175 3088 384 3167 hippocampus
400 3087 447 3148 vel
460 3087 542 3148 nervi
554 3087 676 3148 rubetae
696 3085 800 3146 dextro
817 3085 929 3146 lacerto
945 3084 1102 3162 adalligati.

82 3195 106 3239 m
115 3187 241 3232 umorem
256 3171 317 3230 huit
330 3173 363 3230 in'
374 3172 490 3248 pecoris
504 3171 615 3230 recenti
630 3171 712 3230 corio
727 3167 828 3228 rubeta
843 3167 1007 3247 adalligata.

172 3254 263 3333 ,(51.)
284 3254 429 3334 Equorum
445 3253 571 3313 scabiem
592 3271 679 3314 ranae
697 3252 836 3312 decoctae
858 3253 887 3310 in
907 3270 980 3329 aqua
1002 3260 1147 3315 exte-140

115 3336 313 3414 nuaut‚donec
324 3338 403 3398 inlini
416 3337 538 3416 possint.
553 3337 632 3396 aiunt
639 3337 678 3396 ita
687 3344 802 3394 curatos
813 3352 870 3395 uon
883 3337 978 3413 repeti
988 3345 1102 3413 postea.

113 3421 204 3500 Salpe
215 3432 301 3500 negat
315 3438 403 3483 canes
418 3420 525 3482 latrare
540 3417 642 3497 quibus
657 3420 686 3478 io
700 3417 758 3479 clla
773 3435 843 3478 rana
857 3419 924 3478 viva
938 3416 1004 3478 data
1018 3419 1065 3478 sit.
