2484 3817
162 158 226 225 238
514 170 818 224 oecumenicorum

162 334 221 388 tam
236 326 353 389 iaciunt.
384 327 442 387 lroc
461 325 537 387 idern
557 326 691 400 hystricis
709 327 791 405 spina
810 325 919 387 iecisse
939 323 976 386 ad
991 324 1151 386 firmitatem

161 411 296 489 pertinet.
328 412 444 488 linguae
458 410 558 469 ulcera
574 418 604 469 et
618 409 761 469 labrorum
772 409 938 470 hirundines
951 410 980 467 in
994 407 1086 468 mulso
1102 407 1155 469 des

163 503 265 554 coctae
277 504 388 571 sanant,
403 494 486 573 adips
500 494 613 553 anseris
627 502 675 553 aut
686 493 813 569 gallinae
825 494 921 567 nmas,
935 508 1075 569 oesypum
1087 508 1152 551 cum

161 577 254 653 galla,
274 595 442 638 araneorum
457 577 536 637 telae
550 576 689 637 candidae
711 586 828 655 atquae
851 577 879 634 in
894 574 1020 635 trabibus
1042 592 1152 653 parvae

160 669 305 721 tenuntur.
326 662 352 720 si
365 662 507 721 ferventia
523 678 559 719 os
572 661 647 719 intans
662 662 834 737 exusserint,
849 660 925 719 lacte
938 660 1040 719 canino
1056 658 1152 717 statim
1164 674 1177 715 ι

161 743 343 804 sanabuntur.

117 837 152 891 28
214 827 296 907 (10.)
317 828 444 889 blaculas
461 829 490 886 in
503 826 578 886 lacis
595 842 735 905 oesypum
751 844 813 886 cnm
826 825 913 885 melle
932 823 1052 885 Corsico
1074 823 1153 903 quod

159 912 346 989 asperrimum
361 910 481 970 babetur
495 918 640 985 extenuat,
655 911 721 969 item
736 909 855 971 scobem
870 911 942 969 cutis
956 910 984 967 in
999 908 1074 968 iacie
1088 926 1153 967 cum
1232 928 1233 989 j

158 1010 284 1053 rosaceo
299 994 453 1072 inpositum
466 992 589 1068 vellere,
602 1026 646 1039 --
663 994 775 1070 quidam
790 1002 819 1053 et
831 992 962 1067 butyrum
978 990 1094 1067 addunt,
1109 1023 1153 1038 -
1232 1020 1233 1051 ι

159 1080 184 1136 ai
201 1095 273 1137 vero
287 1077 443 1152 vitiligines
459 1078 524 1151 sint,
539 1075 580 1135 iel
595 1075 724 1136 caninum
740 1078 819 1154 prius
836 1094 889 1137 acu
905 1082 1099 1153 conpunctas,
1123 1084 1186 1135 atro
1232 1074 1233 1083 ’

158 1160 277 1219 liventia
291 1168 321 1218 et
336 1158 490 1234 suggillata
506 1158 657 1237 pulmones
672 1159 791 1220 arietum
804 1158 1003 1237 pecudumque
1017 1158 1046 1217 in
1057 1160 1153 1217 tenuis

160 1242 291 1302 consecti
307 1240 486 1301 membranas
507 1241 591 1301 calidi
604 1243 738 1321 inpositi,
760 1242 809 1301 rel
831 1241 1022 1307 columbinum
1047 1242 1151 1301 dmum.
1232 1244 1233 1247 ’

116 1334 151 1389 29
163 1323 263 1385 Cutem
278 1326 307 1383 in
322 1324 399 1385 facie
417 1324 542 1384 custodit
559 1324 640 1403 adips
661 1327 772 1386 anseris
793 1326 841 1385 vel
858 1326 993 1403 gallinae.
1021 1323 1153 1385 lichenas

159 1418 190 1468 et
202 1409 313 1467 murino
331 1408 397 1468 fimo
416 1426 454 1469 ex
473 1417 559 1468 aceto
575 1408 693 1468 inlinunt
713 1418 742 1467 et
757 1409 855 1469 cinere
869 1409 996 1468 irenacei
1020 1426 1056 1467 ex
1071 1409 1150 1469 oleo.
1232 1464 1233 1469 ,

158 1494 188 1551 in
205 1491 261 1551 bac
276 1492 424 1551 curatione
444 1494 524 1571 prius
542 1492 618 1551 nitro
632 1508 670 1551 ex
690 1500 775 1551 aceto
794 1491 898 1552 taciem
919 1492 1013 1551 foveri
1037 1494 1150 1570 praeci·
1161 1506 1184 1545 15

158 1576 248 1652 pinet.
275 1574 351 1634 tollit
365 1594 404 1634 ex
417 1577 492 1637 facie
506 1576 574 1633 vitia
590 1583 620 1633 et
643 1574 806 1635 coclearum
821 1594 896 1654 quae
915 1576 991 1635 latae
1012 1584 1041 1633 et
1061 1577 1150 1635 minu·
1232 1574 1233 1579 ’

158 1666 205 1717 tae
230 1660 337 1737 passim
362 1659 543 1719 inveniuntur
565 1675 628 1717 oum
655 1658 742 1719 melle
769 1660 851 1718 cinis.
893 1661 1017 1719 omnium
1036 1659 1150 1736 quidem

159 1740 324 1802 coclearum
340 1743 412 1803 cinis
427 1744 544 1820 spissat,
561 1742 688 1818 calfacit,
705 1744 841 1803 smectica
856 1743 901 1821 vi,
923 1752 952 1805 ct
965 1742 1031 1801 ideo
1047 1744 1151 1801 causti·

158 1826 202 1885 cis
215 1828 362 1901 miscetur,
377 1828 531 1903 psorisque
547 1834 576 1885 et
589 1825 681 1903 lepris
693 1834 721 1885 et
732 1824 861 1902 lentigini
872 1825 1007 1885 inlinitur.
1033 1826 1149 1885 invenio

42 1936 46 1943 ·
159 1918 189 1968 ct
203 1908 338 1969 formicas
356 1908 552 1968 Herculaneas
573 1908 714 1987 appellari
735 1908 838 1986 quibus
856 1910 930 1969 tritis
950 1907 1062 1969 adiecto
1085 1908 1182 1967 saleto

115 2002 151 2057 ao
161 1994 267 2066 exiguo
279 1991 346 2050 talia
361 1993 428 2051 vitiu
439 2000 583 2052 sanentur.
614 1992 761 2070 buprestis
775 1992 877 2051 animal
894 2001 938 2051 est
948 2006 1042 2051 rarum
1058 1991 1149 2051 inlta-
1232 1964 1233 2041 l

159 2074 216 2148 lia,
231 2074 403 2133 simillimum
424 2074 584 2135 scarabaeo
599 2074 760 2153 longipedi.
789 2074 863 2136 fallit
883 2077 956 2135 inter
976 2072 1082 2134 barbas
1097 2074 1149 2133 bo·

157 2174 223 2214 vem
242 2173 389 2233 maxume,
408 2158 483 2217 unde
503 2166 534 2217 ct
554 2157 794 2232 uomeninvenit,
821 2157 1045 2235 devoratumque
1068 2166 1149 2217 tacto

158 2238 230 2298 telle
244 2241 283 2298 ita
300 2240 452 2299 inflammat
467 2248 499 2298 ut
511 2249 632 2317 rumpat.
662 2236 736 2301 haec
757 2257 820 2301 cnm
841 2240 951 2301 hircino
972 2240 1044 2300 sebo
1067 2240 1149 2301 inlita

115 2342 145 2383 aa,
157 2342 180 2375 ss
199 2320 327 2381 lichenas
342 2340 378 2381 ex
389 2321 465 2381 iacis
478 2321 555 2381 tollit
568 2324 678 2401 septica
692 2326 732 2400 vi,
749 2334 779 2385 ut
796 2340 882 2402 snpra
897 2323 1000 2384 dictum
1015 2332 1068 2383 est.
1084 2324 1182 2382 vol-ra

157 2405 267 2463 tatinus
288 2406 405 2481 sanguis
423 2423 486 2465 cnm
502 2404 714 2465 chamaeleonis
731 2407 832 2482 albae,
849 2424 932 2485 quam
947 2405 1064 2465 herbam
1079 2424 1149 2466 esse

90 2546 93 2550 ,
114 2508 146 2553 aa,
157 2488 318 2564 ediximus,
329 2488 427 2547 radice
438 2497 469 2548 ct
481 2487 578 2547 cedria
592 2490 675 2549 tritus
689 2498 895 2567 contectusque
907 2490 1037 2549 brassica
1049 2489 1149 2567 lepras
1232 2490 1233 2521 ³

157 2580 254 2648 sanat,
275 2573 342 2630 item
364 2570 455 2649 pedes
470 2571 646 2631 locustarum
663 2590 726 2631 cum
746 2572 818 2649 sebo
833 2573 943 2633 hircino
962 2574 1029 2631 triti.
1059 2589 1150 2633 raros

156 2654 239 2731 adips
265 2654 445 2731 gallinaceus
465 2672 528 2715 com
548 2672 624 2733 cepa
644 2656 788 2715 subactus.
825 2656 1002 2717 utilissimum
1021 2655 1050 2713 in
1071 2654 1148 2717 iaoie

135 2752 139 2763 ’
155 2737 213 2797 mel
229 2739 258 2798 in
271 2755 329 2816 quo
343 2756 416 2816 apes
427 2739 484 2798 sint
497 2739 667 2817 inmortuae,
682 2741 839 2817 praecipue
852 2748 946 2799 tamen
959 2739 1064 2799 taciem
1079 2756 1146 2816 pur·
1157 2745 1181 2787 ³⁰

158 2830 209 2898 gat
224 2828 253 2879 et
272 2830 375 2898 erogat
387 2821 473 2898 cygni
487 2821 579 2899 adips.
605 2824 737 2899 stigmata
750 2821 881 2883 delentur
900 2820 1064 2885 columbino
1079 2822 1147 2881 inmo

156 2913 303 2965 exacctos

114 2996 167 3051 tt.
190 2988 296 3067 ·(1t.)
318 2986 509 3049 Gravcdincm
535 2988 652 3049 invenio
673 2988 763 3062 liniri,
786 2988 895 3066 siquis
921 2989 998 3049 naris
1024 2987 1149 3048 mulinas

157 3069 313 3130 osculetur.
328 3089 384 3131 uva
396 3082 426 3132 et
436 3072 560 3141 lancium
570 3070 656 3132 dolor
667 3071 811 3147 mitigatur
825 3072 891 3131 fimo
903 3088 1040 3147 agnorum
1053 3073 1147 3150 prius·

157 3170 239 3230 qnam
251 3152 369 3214 herbam
380 3156 559 3232 gustaverint
570 3156 598 3213 in
609 3153 707 3214 urnbra
720 3153 860 3229 arefacto,
875 3172 929 3213 uva
939 3170 1010 3213 suco
1024 3154 1181 3215 cocleaeaa

156 3253 210 3294 acu
224 3237 403 3298 nominasse
420 3238 515 3313 inlita,
535 3246 566 3296 nt
587 3236 690 3297 coclea
713 3239 776 3315 ipsa
798 3238 826 3295 in
843 3237 919 3297 inmo
941 3238 1146 3315 suspendatur,

154 3318 331 3380 birundinum
344 3324 444 3382 cinere
459 3341 523 3382 cum
532 3320 629 3381 melle.
646 3322 689 3379 sic
702 3328 730 3381 et
741 3319 863 3379 tonsillis
876 3322 1060 3379 succurritur.
1082 3329 1147 3379 ton·

111 3402 235 3467 tusillas
256 3412 287 3465 et
306 3405 398 3466 laucis
420 3406 504 3467 lactis
524 3404 604 3464 ovilli
628 3404 820 3480 gargarizatio
835 3403 957 3465 adiuvat.
988 3402 1147 3483 multipeda
