2484 3817
162 185 223 248 ltu
471 198 502 247 c.
524 199 621 248 rurus
642 196 792 248 succum

159 351 295 412 subvenit
322 352 468 428 agaricum
496 351 641 411 victor-imi
670 351 802 430 pondere
831 351 927 410 tritara
953 359 984 410 et
1011 353 1040 410 iu
1064 351 1149 412 rualsi

118 445 153 500 bt
165 437 289 514 quinqua
305 433 415 510 cyathis
429 434 533 493 datum.
562 435 638 494 idem
653 445 828 494 manaurae
843 434 922 492 iacit.
950 433 1076 494 iocineri
1089 436 1149 512 pri·

161 521 247 578 vatim
262 518 384 578 Teucria
397 515 502 576 bibitur
516 535 621 577 recens
630 517 773 578 drachmis
786 515 841 576 1111
854 518 883 574 in
896 533 1007 594 poscae
1022 516 1148 593 hemina,

162 601 335 661 vettonicae
352 599 487 660 drachma
507 618 562 660 una
576 602 605 658 in
621 618 713 678 aquae
729 600 840 659 calidae
855 599 967 673 cyathis
980 599 1090 676 tribus,
1111 600 1150 660 ad

94 741 99 750 ,
162 684 259 744 cordis
272 685 341 744 vitia
362 685 391 742 io
406 683 529 759 frigidae
548 683 659 758 cyathis
682 683 804 745 duobus.
847 682 1035 760 Quinqueioli
1058 701 1174 748 saccas

161 769 299 827 iocineris
326 775 356 826 ct
386 766 528 844 pulmonis
552 767 627 827 vitiis
649 767 876 844 sanguinemque
904 764 1093 826 reicientibus
1118 775 1150 824 et

161 852 331 929 cuicumque
344 849 489 925 amputate
504 849 573 908 vitio
585 849 661 908 intus
674 851 810 909 occurrit.
832 849 953 908 iocineri
967 847 1149 924 anagallides

160 934 230 992 mire
247 940 377 1012 prosunt.
392 949 505 1008 capnon
514 931 633 991 herbam
642 934 690 1011 qai
702 933 791 992 edere
802 931 889 992 bilem
900 933 1069 1009 perurinarn
1081 931 1149 992 red·

137 1041 139 1046 v
161 1015 239 1090 dunt,
254 1030 365 1074 aaaron
377 1015 497 1073 iocineri
509 1015 649 1091 medetur,
663 1015 776 1076 thoraci
784 1023 815 1074 et
826 1015 1004 1093 praecordiis
1017 1015 1149 1074 daucum.

118 1109 152 1163 56
226 1098 309 1176 (20.)
332 1095 469 1172 llphcdra
489 1097 525 1155 ab
543 1097 607 1157 aliis
622 1098 754 1158 anabasis
766 1106 870 1158 vocata
886 1100 1012 1158 nascitur
1025 1107 1149 1158 ventoso
1158 1121 1188 1162 ro

159 1181 223 1240 iere
238 1189 331 1239 tractu
346 1178 487 1238 scandens
503 1180 636 1240 arborem
651 1191 734 1240 etex
749 1181 837 1239 manis
849 1181 1053 1260 propendens,
1073 1181 1149 1240 folio

149 1259 255 1339 'nullo,
279 1261 360 1321 cirris
373 1279 525 1322 numerosa
547 1265 595 1343 qui
610 1266 666 1324 sint
678 1265 754 1324 iunci
767 1263 943 1340 geniculati,
970 1263 1069 1324 radice
1085 1264 1149 1340 pal·

160 1346 225 1405 lida.
255 1345 338 1404 datur
358 1361 397 1404 ex
417 1345 483 1404 uino
504 1348 588 1424 nigro
602 1356 719 1408 austero
739 1348 805 1406 trita
820 1346 856 1406 ad
870 1349 986 1423 tussim,
1011 1348 1148 1425 suspiria,

159 1429 281 1488 tormina
307 1436 337 1487 et
362 1425 519 1488 sorbitione
539 1430 615 1488 iacta
637 1431 665 1488 in
690 1446 774 1508 quarn
794 1431 889 1489 vinum
909 1430 975 1489 addi
1002 1430 1147 1489 convenit.

157 1515 225 1570 item
252 1512 387 1586 gentiana
412 1511 570 1572 madefacta
596 1513 689 1589 pridie
713 1513 836 1572 contrita
858 1512 957 1572 denari
973 1513 1103 1590 pondere
1117 1515 1186 1575 iuss

158 1593 269 1668 cyathis
289 1593 345 1652 uini
361 1593 462 1652 tribas.

117 1687 149 1742 37
222 1675 305 1754 (21.)
326 1674 416 1737 (leam
431 1676 574 1737 radiculas
590 1680 684 1740 tenuis
702 1678 790 1738 habet
804 1681 919 1756 nimus,
939 1677 1016 1738 benc
1030 1679 1147 1739 olentis.

158 1760 288 1819 medetur
302 1775 360 1818 uon
374 1759 460 1819 modo
475 1763 605 1838 pectoris
620 1761 769 1821 doloribus
783 1771 832 1821 aut
852 1761 951 1821 lateris
961 1760 1017 1820 sed
1034 1771 1064 1821 et
1082 1780 1148 1821 cru·

158 1844 261 1904 dilates
283 1843 398 1902 discutit
424 1845 547 1905 iucundo
574 1861 690 1922 sapore.
736 1844 899 1905 verbenaca
920 1861 993 1905 rero
1015 1843 1148 1904 omuibus

157 1925 318 1986 visceribus
331 1925 473 2002 medetur,
489 1927 645 2004 lateribus,
667 1927 864 2006 pulmonibus,
879 1927 1067 2002 iocineribus,
1083 1927 1183 1990 tho-ac

114 2021 150 2076 38
160 2011 235 2085 raci,
258 2009 446 2086 peculiariter
461 2019 553 2068 autam
568 2011 749 2088 pulmonibus
770 2005 800 2071 et
815 2027 889 2088 quos
904 2009 940 2070 ab
962 2010 1006 2070 his
1021 2009 1145 2088 phthisis

156 2099 279 2169 temptet
310 2089 392 2152 radix
419 2089 528 2149 herh'ai'e
556 2094 743 2171 consiliginis,
757 2111 841 2171 quarn
875 2111 968 2171 nuper
998 2096 1146 2154 inventam

114 2197 146 2236 su,
157 2195 181 2230 ee
199 2173 329 2233 diximus.
351 2189 431 2231 suum
443 2175 555 2250 quidem
566 2184 594 2233 et
610 2179 727 2252 pecoris
738 2177 828 2235 omnis
840 2176 995 2236 remedium
1005 2193 1145 2256 praeseus

157 2265 202 2316 est
218 2255 380 2333 pulmonum
396 2255 466 2315 uitio
482 2257 530 2314 vel
544 2259 664 2316 traiecta
677 2267 783 2317 tantum
803 2258 832 2316 in
847 2259 983 2319 auricula.
1013 2258 1072 2318 bibi
1091 2259 1142 2318 de

156 2339 206 2398 bet
230 2356 266 2397 ex
293 2355 368 2417 aqua
386 2337 544 2418 haberique
565 2341 594 2399 in
615 2357 667 2399 ore
687 2339 803 2399 adsidue
824 2341 877 2399 sub
898 2341 1003 2418 lingua.
1042 2359 1183 2420 super-rs

157 2422 239 2481 ficies
254 2422 317 2480 eius
337 2421 446 2482 herbae
467 2440 502 2482 an
522 2424 558 2482 sit
576 2423 605 2481 in
629 2424 725 2500 aliquo
744 2441 796 2484 usu
817 2423 911 2483 adhuc
931 2426 1069 2485 incertam
1088 2434 1145 2484 est.

155 2504 272 2566 renibus
285 2503 405 2583 prodest
420 2505 593 2584 plantaginis
605 2505 695 2581 cibus,
707 2506 878 2567 vettonicae
890 2516 985 2586 potus,
998 2509 1146 2585 agaricum

124 2596 257 2667 sapatum
271 2597 302 2646 ut
319 2589 441 2648 iniussi.

112 2681 148 2736 39
220 2671 304 2749 (22.)
326 2669 476 2748 'l'ripolion
505 2673 534 2730 in
559 2672 705 2730 maritimis
723 2676 851 2734 nascitur
869 2674 948 2733 saxis
968 2672 1016 2732 ubi
1037 2673 1147 2733 adludit

154 2754 246 2828 unda,
268 2769 363 2830 neque
384 2755 412 2811 in
425 2756 494 2813 mari
510 2771 605 2832 neque
627 2755 656 2812 in
671 2757 769 2830 sicco,
790 2756 863 2815 tolio
884 2758 965 2816 isatis
985 2757 1186 2833 crassiore,ao

156 2837 246 2897 cocle
259 2837 382 2915 palmum
398 2836 466 2912 alto,
485 2839 514 2896 in
529 2855 666 2897 mucrone
680 2837 784 2912 diviso,
800 2838 898 2898 radice
912 2839 992 2915 alba,
1014 2838 1146 2915 odorata,

152 2937 266 2996 crassa,
283 2919 366 2979 calidi
380 2928 490 2996 gastus.
520 2920 601 2991 datur
615 2921 758 2998 hepaticis
772 2923 801 2979 lu
814 2922 892 2981 terre
905 2922 1038 2983 decocta.
1071 2921 1147 2982 haec

154 3003 244 3118 lLerba
258 3002 360 3063 eadem
370 3002 483 3063 ridetur
497 2996 664 3080 quibusdam
674 3019 749 3081 quae
765 3003 872 3080 polium
882 3004 920 3064 da
934 3021 1058 3085 quasue
1073 3004 1145 3066 loco

113 3085 163 3160 fig,
191 3085 337 3159 diximus.

165 3133 189 3169 q,
218 3167 303 3246 (23.)
325 3167 536 3247 Grorhpluaena,
553 3169 670 3229 alternis
684 3170 824 3230 uiridibus
839 3172 993 3249 roseisque
1009 3188 1065 3249 per
1077 3184 1189 3230 cau-ao

112 3261 147 3314 40
158 3249 212 3310 lem
221 3250 300 3310 loliis
310 3251 437 3330 inposca
450 3253 617 3329 sanguinem
630 3253 815 3313 reicientibus
824 3254 963 3313 medetur.
980 3253 1065 3333 (24.)
1074 3256 1146 3313 ioci-

154 3335 217 3394 neri
232 3343 326 3394 autem
342 3335 432 3396 herba
453 3335 646 3411 malundrum,
668 3353 791 3396 nascens
808 3338 837 3396 in
861 3344 964 3414 segete
985 3351 1020 3394 aa
1042 3339 1147 3414 pratis,

155 3417 228 3477 dore
242 3416 310 3478 albo
327 3417 458 3480 adorata.
482 3420 544 3480 eius
559 3419 718 3480 cauliculus
734 3421 892 3481 conterltur
901 3437 941 3478 ex
952 3419 1020 3478 rino
1031 3427 1146 3480 vetere.
