2484 3817
168 160 231 225 202
502 172 533 222 o.
546 171 643 222 ru1u1
656 166 803 219 suenum

128 338 180 393 246
243 328 291 389 19.
314 327 397 405 (77.)
420 326 569 388 Mulierum
583 323 774 404 purgationes
786 290 900 383 adiurat
909 322 949 381 iel
965 323 1038 381 tauri
1046 318 1077 381 in
1091 321 1156 381 lana

170 410 269 471 sucida
289 411 451 489 adpositum
474 444 516 455 -
540 409 688 487 Olympias
711 406 845 467 Thebana
866 405 943 469 addit
962 406 1105 482 hysopum
1127 413 1158 464 et

169 494 271 558 nitrum
284 526 342 568 ·-,
366 512 471 554 cornus
487 494 595 553 ceruini
611 493 682 551 cinis
699 499 797 569 potas,
819 489 887 549 ilom
905 490 1007 550 volvas
1025 488 1156 548 laboran·
1233 486 1234 521 ³

169 578 206 637 tis
220 577 316 638 inlitus
334 595 449 656 quoque
464 587 494 637 et
508 576 550 654 iel
566 575 707 635 taurinum
721 592 785 634 cnm
802 573 870 651 opio
885 572 1045 651 adpositum
1060 570 1156 631 obolis
1233 614 1234 621 .

169 660 253 721 binis.
288 660 389 721 volvas
409 661 469 737 pilo
499 660 620 719 cervino
646 658 744 717 sallire
771 654 899 737 prodest.
937 655 1062 715 Tradunt
1090 672 1176 717 cer-s
1233 700 1234 721 2

167 761 238 819 aas,
253 761 316 803 cum
332 745 476 803 senserint
491 760 524 802 se
538 742 691 819 gravidas,
707 740 835 820 lapillum
853 736 1012 815 devorare,
1027 756 1113 816 quem
1127 740 1157 797 in

169 829 362 887 excrementis
383 836 528 905 repertum
542 832 591 884 aut
611 827 639 883 in
662 824 749 884 volva
765 857 808 869 —
826 838 890 883 nam
908 831 937 883 et
954 821 993 881 ihi
1012 821 1157 881 iuvenitur

126 919 176 972 247
189 940 232 956 —-
248 910 394 969 custodire
411 918 508 987 partus
523 907 716 984 adalligatum.
746 908 926 967 inveniuntur
941 914 971 965 et
985 904 1112 965 ossicula
1129 906 1157 963 iu

168 992 258 1053 corde
274 1002 303 1051 et
316 995 345 1051 in
359 992 447 1051 volva
467 1009 606 1069 perquam
620 992 699 1051 utilia
719 991 847 1067 gravidis
865 988 1156 1066 parturientibusque.
1233 1016 1234 1021 ¹

167 1093 232 1137 nam
242 1069 288 1134 'de
303 1076 416 1153 pumice
433 1076 525 1151 quiin
545 1091 698 1134 vaccarum
716 1082 799 1133 utero
818 1073 901 1133 simili
916 1072 1000 1132 modo
1014 1073 1157 1131 invenitur
1167 1088 1188 1127 n

128 1178 202 1217 umus
215 1159 337 1217 diximus
353 1160 383 1217 in
397 1167 497 1217 natura
511 1157 607 1218 boum.
640 1156 711 1235 lupi
726 1157 808 1233 adips
823 1158 917 1216 inlitus
938 1155 1039 1215 volvas
1054 1154 1155 1230 mollit,
1233 1168 1234 1217 l

169 1241 288 1301 dolores
309 1258 406 1299 eurum
425 1242 524 1300 iocur.
555 1242 650 1301 carnis
667 1240 726 1317 lupi
752 1239 849 1299 edisse
870 1238 1004 1317 parituris
1023 1237 1156 1315 prodest,
1233 1250 1234 1293 ι

168 1332 217 1383 aut
231 1324 257 1381 si
278 1323 481 1401 incipientibus
501 1325 644 1405 parturire
666 1324 702 1382 sit
723 1324 800 1383 iuxta
828 1325 875 1401 qni
896 1321 1002 1399 ederit,
1026 1322 1100 1381 adeo
1127 1330 1157 1380 nt

168 1406 254 1466 etiam
273 1415 372 1465 contru
385 1405 487 1467 inlatas
501 1408 601 1466 noxias
615 1405 721 1465 valeat.
749 1405 869 1466 eundem
885 1406 1073 1484 supervenire
1090 1422 1156 1481 per·

126 1489 330 1553 248niciosum
351 1498 406 1549 est.
434 1491 555 1566 llagnus
577 1498 608 1549 et
628 1488 739 1567 leporis
758 1507 833 1550 usus·
850 1488 1026 1549 mulieribus.
1053 1488 1188 1548 volvasn

102 1578 108 1596 ⁸
168 1571 283 1631 adiuvat
300 1572 397 1650 pulmo
414 1574 510 1634 aridus
525 1581 621 1650 potus,
639 1572 779 1651 prolluvia
794 1574 876 1631 iocur
892 1588 954 1631 cum
966 1572 1060 1632 Samia
1078 1580 1157 1631 terra

167 1673 206 1713 ex
227 1673 301 1733 aqua
322 1666 437 1733 potum,
460 1656 602 1716 secundas
617 1656 784 1732 coagulum,
808 1692 845 1705 -
869 1664 1007 1715 caventur
1027 1654 1156 1733 pridiana

151 1737 280 1799 rlaalinea
294 1772 351 1811 -—,
366 1740 476 1799 inlitum
491 1756 606 1817 quoque
618 1756 681 1798 cum
696 1755 785 1797 croco
802 1747 831 1799 et
847 1740 926 1817 porri
945 1754 1025 1814 suco,
1042 1737 1156 1797 vellere
1233 1750 1234 1825 ἐ

167 1822 327 1899 adpositum
341 1822 459 1883 abortus
472 1833 602 1883 mortuos
617 1821 747 1901 expellit.
780 1824 804 1881 si
819 1822 905 1883 volun
926 1821 1056 1900 leporum
1070 1823 1099 1879 in
1116 1823 1156 1881 ci-

166 1904 212 1963 bis
229 1915 364 1981 sumatur,
380 1908 467 1965 maris
481 1906 595 1985 concipi
612 1913 724 1983 putant,
737 1903 794 1965 hoc
806 1916 835 1967 et
849 1904 989 1965 testiculis
1005 1922 1105 1964 eornm
1126 1914 1156 1965 et
1164 1921 1188 1960 ao

169 1989 293 2063 coagulo
306 1989 418 2064 prolici.
441 1998 613 2067 conceptum
625 1988 734 2066 leporis
749 1998 831 2049 utero
844 1998 1006 2067 exemptum
1020 1988 1065 2047 his
1080 2006 1157 2065 quae
1233 1990 1234 2075 l

125 2077 292 2147 msparere
309 2070 447 2129 desierint
465 2072 624 2131 restibilem
643 2072 846 2132 fecunditatem
862 2071 991 2148 adferre,
1015 2071 1067 2131 sed
1087 2089 1156 2131 cou-
1233 2090 1234 2157 ᾗ

168 2161 269 2230 ceptus
293 2153 404 2230 leporis
422 2155 530 2213 saniem
551 2163 580 2214 ct
595 2154 659 2214 viro
675 2155 751 2231 Magi
772 2157 939 2233 propinant,
960 2156 1028 2213 item
1049 2156 1156 2231 virgini
1233 2158 1234 2229 l

167 2252 271 2293 novem
301 2254 391 2311 grana
417 2237 475 2295 fimi
502 2245 533 2295 ut
561 2245 638 2308 stent
664 2246 805 2315 perpetuo
837 2256 982 2299 mammae.
1027 2238 1154 2313 coagulo
1233 2244 1234 2321 l

167 2334 282 2395 qnoque
300 2317 337 2376 ob
353 2320 458 2379 iduum
472 2319 558 2379 melle
575 2319 703 2395 inlinunt,
721 2323 858 2397 sanguine
872 2320 919 2380 uhi
933 2320 1053 2381 evolsos
1073 2321 1153 2399 pilos
1163 2330 1187 2369 ²⁵
1233 2340 1234 2391 ι

165 2404 279 2461 renasci
300 2401 407 2461 nolunt.
443 2402 585 2463 lnllutioni
601 2403 707 2462 volvae
731 2405 824 2464 limum
841 2422 977 2482 aprunum
1000 2404 1153 2463 suillumve
1233 2456 1234 2461 ,

166 2502 231 2545 cnm
250 2484 317 2544 oleo
333 2486 413 2546 inlini
428 2486 556 2563 prodest.
588 2486 736 2547 ellicacius
758 2490 819 2547 sisti
839 2488 929 2546 iarina
951 2487 1036 2563 arilli,
1061 2496 1091 2546 ut
1105 2486 1155 2549 ad·
1233 2518 1234 2525 ι

167 2577 321 2644 spergatur
334 2570 455 2646 potioni,
470 2570 519 2629 vel
533 2570 558 2629 si
569 2570 707 2645 gravidae
722 2580 770 2629 aut
780 2588 943 2649 puerperae
955 2579 1154 2649 torqueantur.

123 2660 176 2713 250
185 2649 273 2710 Lacte
284 2652 344 2710 suis
360 2661 428 2729 poto
445 2671 508 2713 cum
518 2653 610 2711 mulso
626 2653 794 2713 adiuvantur
808 2664 906 2733 partus
920 2654 1077 2713 mulierum.
1100 2672 1155 2733 per

152 2743 199 2792 'se
214 2751 285 2793 vero
300 2743 398 2811 potum
415 2735 576 2797 deficientia
592 2736 681 2797 ulnera
699 2754 905 2816 puerperarum
920 2738 1025 2816 replet.
1050 2738 1152 2797 eadem
1163 2753 1186 2794 sc

166 2818 324 2877 circumlita
339 2820 476 2895 sanguine
491 2820 614 2880 feminae
636 2821 696 2879 suis
716 2821 806 2877 minus
823 2828 966 2879 crescunt.
1003 2820 1027 2879 si
1043 2818 1153 2897 dolent,

166 2900 249 2961 lactis
266 2903 366 2960 asinini
380 2911 449 2980 potu
466 2903 636 2977 mulcentur,
652 2902 728 2979 quod
744 2902 839 2961 addito
857 2902 944 2961 melle
965 2912 1106 2981 sumptum
1125 2912 1155 2963 et

166 2986 353 3061 purgationes
367 3004 463 3046 earum
479 2986 600 3045 adiuvat.
623 2994 704 3045 sanat
718 2994 746 3045 et
757 2985 904 3044 volvarum
920 2985 1153 3046 exulcerationes

166 3068 293 3127 eiusdem
307 3070 435 3129 animalis
456 3068 555 3128 sebum
570 3069 759 3128 inveteratum
779 3077 807 3126 et
822 3070 850 3127 iu
864 3070 976 3131 vellere
991 3069 1153 3147 adpositum

165 3149 282 3209 duritias
296 3153 443 3212 volvarum
460 3152 578 3212 emollit.
607 3169 660 3231 per
679 3170 714 3210 se
736 3167 807 3210 vero
822 3169 926 3211 recens
945 3152 993 3211 vel
1010 3154 1152 3213 invetera-
1164 3167 1188 3209 us

123 3242 173 3296 251
186 3240 243 3291 tum
257 3252 295 3293 ex
309 3254 382 3313 aqua
396 3237 502 3295 inlitum
517 3234 631 3313 psilotri
647 3235 703 3294 vim
718 3235 837 3312 optinet.
874 3234 1000 3295 eiusdem
1022 3236 1154 3296 animalis

165 3316 223 3374 lien
244 3318 418 3379 inveteratus
435 3337 471 3378 ex
492 3336 564 3398 aqua
586 3317 682 3377 inlitus
703 3320 830 3377 mammis
850 3317 1049 3378 abundantiam
1069 3320 1153 3393 iacit,

166 3398 268 3460 volvas
282 3402 376 3461 sullitu
391 3403 519 3479 corrigit.
554 3400 685 3477 Ungulae
704 3400 830 3461 asininae
845 3402 1078 3482 suilitio'partum
1092 3418 1152 3463 ma·
1225 3432 1234 3465 ι
