<?xml version="1.0" encoding="UTF-8"?>
<!DOCTYPE html PUBLIC "-//W3C//DTD XHTML 1.0 Transitional//EN"
    "http://www.w3.org/TR/xhtml1/DTD/xhtml1-transitional.dtd">
<html xmlns="http://www.w3.org/1999/xhtml" xml:lang="en" lang="en">
 <head>
  <title>
</title>
<meta http-equiv="Content-Type" content="text/html;charset=utf-8" />
  <meta name='ocr-system' content='tesseract 3.04.00' />
  <meta name='ocr-capabilities' content='ocr_page ocr_carea ocr_par ocr_line ocrx_word'/>
</head>
<body>
  <div class='ocr_page' id='page_1' title='image "./cplinisecundina24plingoog_0324.png"; bbox 0 0 2484 3817; ppageno 0'>
   <div class='ocr_carea' id='block_1_1' title="bbox 159 202 929 269">
    <p class='ocr_par' dir='ltr' id='par_1_1' title="bbox 159 202 929 269">
     <span class='ocr_line' id='line_1_1' title="bbox 159 202 929 269; baseline -0.006 0"><span class='ocrx_word' id='word_1_1' title='bbox 159 202 224 269; x_wconf 72' lang='lat'>2³2</span> <span class='ocrx_word' id='word_1_2' title='bbox 403 238 407 247; x_wconf 84' lang='lat'><strong>·</strong></span> <span class='ocrx_word' id='word_1_3' title='bbox 503 212 646 269; x_wconf 79' lang='lat' dir='ltr'>eruunt</span> <span class='ocrx_word' id='word_1_4' title='bbox 663 210 823 267; x_wconf 72' lang='lat' dir='ltr'>morsm</span> <span class='ocrx_word' id='word_1_5' title='bbox 913 250 929 267; x_wconf 65' lang='lat'><strong>„</strong></span> 
     </span>
    </p>
   </div>
   <div class='ocr_carea' id='block_1_2' title="bbox 112 361 1195 3528">
    <p class='ocr_par' dir='ltr' id='par_1_2' title="bbox 118 361 1193 1445">
     <span class='ocr_line' id='line_1_2' title="bbox 161 361 1157 449; baseline -0.005 -19"><span class='ocrx_word' id='word_1_6' title='bbox 161 373 240 449; x_wconf 77' lang='lat' dir='ltr'>potui</span> <span class='ocrx_word' id='word_1_7' title='bbox 251 365 359 443; x_wconf 88' lang='lat' dir='ltr'>datur,</span> <span class='ocrx_word' id='word_1_8' title='bbox 378 369 461 429; x_wconf 90' lang='lat' dir='ltr'>nocis</span> <span class='ocrx_word' id='word_1_9' title='bbox 482 366 635 429; x_wconf 66' lang='lat' dir='ltr'>abellanae</span> <span class='ocrx_word' id='word_1_10' title='bbox 651 364 854 441; x_wconf 73' lang='lat' dir='ltr'>magnitudine.</span> <span class='ocrx_word' id='word_1_11' title='bbox 879 363 987 441; x_wconf 87' lang='lat' dir='ltr'>aliqui</span> <span class='ocrx_word' id='word_1_12' title='bbox 997 361 1105 426; x_wconf 84' lang='lat' dir='ltr'>addunt</span> <span class='ocrx_word' id='word_1_13' title='bbox 1125 372 1157 428; x_wconf 86' lang='lat' dir='ltr'>et</span> 
     </span>
     <span class='ocr_line' id='line_1_3' title="bbox 160 445 1156 530; baseline -0.004 -17"><span class='ocrx_word' id='word_1_14' title='bbox 160 468 294 515; x_wconf 81' lang='lat' dir='ltr'>anserum</span> <span class='ocrx_word' id='word_1_15' title='bbox 310 452 480 530; x_wconf 74' lang='lat' dir='ltr'>adipemur</span> <span class='ocrx_word' id='word_1_16' title='bbox 499 452 570 511; x_wconf 78' lang='lat' dir='ltr'>viso</span> <span class='ocrx_word' id='word_1_17' title='bbox 583 458 708 523; x_wconf 73' lang='lat' dir='ltr'>myrteo.</span> <span class='ocrx_word' id='word_1_18' title='bbox 738 448 841 509; x_wconf 84' lang='lat' dir='ltr'>sordes</span> <span class='ocrx_word' id='word_1_19' title='bbox 855 446 892 507; x_wconf 87' lang='lat' dir='ltr'>ab</span> <span class='ocrx_word' id='word_1_20' title='bbox 908 445 1045 507; x_wconf 79' lang='lat' dir='ltr'>uberibus</span> <span class='ocrx_word' id='word_1_21' title='bbox 1060 447 1156 509; x_wconf 84' lang='lat' dir='ltr'>cuium</span> 
     </span>
     <span class='ocr_line' id='line_1_4' title="bbox 160 531 1156 609; baseline -0.006 -11"><span class='ocrx_word' id='word_1_22' title='bbox 160 536 281 598; x_wconf 88' lang='lat' dir='ltr'>eundem</span> <span class='ocrx_word' id='word_1_23' title='bbox 305 536 438 597; x_wconf 74' lang='lat' dir='ltr'>effectum</span> <span class='ocrx_word' id='word_1_24' title='bbox 459 534 582 609; x_wconf 84' lang='lat' dir='ltr'>babent,</span> <span class='ocrx_word' id='word_1_25' title='bbox 609 536 677 595; x_wconf 89' lang='lat' dir='ltr'>item</span> <span class='ocrx_word' id='word_1_26' title='bbox 701 548 804 591; x_wconf 87' lang='lat' dir='ltr'>carnes</span> <span class='ocrx_word' id='word_1_27' title='bbox 825 532 1002 595; x_wconf 84' lang='lat' dir='ltr'>inveteratae</span> <span class='ocrx_word' id='word_1_28' title='bbox 1025 531 1156 593; x_wconf 76' lang='lat' dir='ltr'>irenacei</span> 
     </span>
     <span class='ocr_line' id='line_1_5' title="bbox 153 614 1156 697; baseline -0.004 -18"><span class='ocrx_word' id='word_1_29' title='bbox 153 628 301 697; x_wconf 77' lang='lat' dir='ltr'>sumptae</span> <span class='ocrx_word' id='word_1_30' title='bbox 323 618 447 678; x_wconf 87' lang='lat' dir='ltr'>vomitus</span> <span class='ocrx_word' id='word_1_31' title='bbox 463 634 580 695; x_wconf 82' lang='lat' dir='ltr'>quoque</span> <span class='ocrx_word' id='word_1_32' title='bbox 592 634 693 677; x_wconf 85' lang='lat' dir='ltr'>cenum</span> <span class='ocrx_word' id='word_1_33' title='bbox 705 616 803 675; x_wconf 89' lang='lat' dir='ltr'>inlitus</span> <span class='ocrx_word' id='word_1_34' title='bbox 812 615 905 679; x_wconf 81' lang='lat' dir='ltr'>uentri</span> <span class='ocrx_word' id='word_1_35' title='bbox 921 630 1024 693; x_wconf 84' lang='lat' dir='ltr'>aquam</span> <span class='ocrx_word' id='word_1_36' title='bbox 1038 614 1156 675; x_wconf 88' lang='lat' dir='ltr'>trabere</span> 
     </span>
     <span class='ocr_line' id='line_1_6' title="bbox 181 704 1184 769; baseline -0.004 -6"><span class='ocrx_word' id='word_1_37' title='bbox 181 704 342 763; x_wconf 79' lang='lat' dir='ltr'>remittitur.</span> <span class='ocrx_word' id='word_1_38' title='bbox 1170 729 1184 769; x_wconf 78' lang='lat'><strong>5</strong></span> 
     </span>
     <span class='ocr_line' id='line_1_7' title="bbox 118 722 1156 863; baseline -0.009 -13"><span class='ocrx_word' id='word_1_39' title='bbox 118 722 179 850; x_wconf 49' lang='lat' dir='ltr'>lot?</span> <span class='ocrx_word' id='word_1_40' title='bbox 234 786 282 845; x_wconf 86' lang='lat'>12.</span> <span class='ocrx_word' id='word_1_41' title='bbox 306 784 389 863; x_wconf 83' lang='grc'>(32.)</span> <span class='ocrx_word' id='word_1_42' title='bbox 410 784 474 861; x_wconf 79' lang='lat' dir='ltr'>lgm</span> <span class='ocrx_word' id='word_1_43' title='bbox 485 798 571 843; x_wconf 89' lang='lat' dir='ltr'>sacro</span> <span class='ocrx_word' id='word_1_44' title='bbox 581 780 713 843; x_wconf 88' lang='lat' dir='ltr'>medetur</span> <span class='ocrx_word' id='word_1_45' title='bbox 724 798 865 859; x_wconf 80' lang='lat' dir='ltr'>oesypum</span> <span class='ocrx_word' id='word_1_46' title='bbox 880 798 942 841; x_wconf 89' lang='lat' dir='ltr'>cnm</span> <span class='ocrx_word' id='word_1_47' title='bbox 954 748 1156 858; x_wconf 76' lang='lat' dir='ltr'>pompholyge</span> 
     </span>
     <span class='ocr_line' id='line_1_8' title="bbox 161 863 1155 943; baseline -0.006 -14"><span class='ocrx_word' id='word_1_48' title='bbox 161 879 191 929; x_wconf 88' lang='lat' dir='ltr'>et</span> <span class='ocrx_word' id='word_1_49' title='bbox 201 886 337 943; x_wconf 88' lang='lat' dir='ltr'>rosaceo,</span> <span class='ocrx_word' id='word_1_50' title='bbox 352 871 434 929; x_wconf 89' lang='lat' dir='ltr'>ricini</span> <span class='ocrx_word' id='word_1_51' title='bbox 438 866 574 941; x_wconf 78' lang='lat' dir='ltr'>sanguis,</span> <span class='ocrx_word' id='word_1_52' title='bbox 587 882 700 925; x_wconf 83' lang='lat' dir='ltr'>vermes</span> <span class='ocrx_word' id='word_1_53' title='bbox 712 867 819 929; x_wconf 86' lang='lat' dir='ltr'>terreni</span> <span class='ocrx_word' id='word_1_54' title='bbox 834 883 872 926; x_wconf 78' lang='lat' dir='ltr'>ex</span> <span class='ocrx_word' id='word_1_55' title='bbox 883 872 967 925; x_wconf 87' lang='lat' dir='ltr'>aceto</span> <span class='ocrx_word' id='word_1_56' title='bbox 980 863 1155 939; x_wconf 57' lang='grc'>1111113111-</span> 
     </span>
     <span class='ocr_line' id='line_1_9' title="bbox 160 942 1154 1026; baseline -0.008 -13"><span class='ocrx_word' id='word_1_57' title='bbox 160 954 205 1013; x_wconf 89' lang='lat' dir='ltr'>lus</span> <span class='ocrx_word' id='word_1_58' title='bbox 224 954 364 1014; x_wconf 88' lang='lat' dir='ltr'>contrilos</span> <span class='ocrx_word' id='word_1_59' title='bbox 380 953 410 1011; x_wconf 91' lang='lat' dir='ltr'>in</span> <span class='ocrx_word' id='word_1_60' title='bbox 425 949 571 1022; x_wconf 89' lang='lat' dir='ltr'>manibus,</span> <span class='ocrx_word' id='word_1_61' title='bbox 596 965 653 1025; x_wconf 85' lang='lat' dir='ltr'>quo</span> <span class='ocrx_word' id='word_1_62' title='bbox 676 965 786 1024; x_wconf 71' lang='lat' dir='ltr'>genere</span> <span class='ocrx_word' id='word_1_63' title='bbox 803 956 930 1026; x_wconf 85' lang='lat' dir='ltr'>praestat</span> <span class='ocrx_word' id='word_1_64' title='bbox 949 956 980 1006; x_wconf 93' lang='lat' dir='ltr'>ut</span> <span class='ocrx_word' id='word_1_65' title='bbox 1005 942 1096 1024; x_wconf 79' lang='lat' dir='ltr'>quiid</span> <span class='ocrx_word' id='word_1_66' title='bbox 1110 947 1154 1006; x_wconf 87' lang='lat' dir='ltr'>ie·</span> 
     </span>
     <span class='ocr_line' id='line_1_10' title="bbox 160 1029 1156 1112; baseline -0.007 -17"><span class='ocrx_word' id='word_1_67' title='bbox 160 1037 234 1095; x_wconf 90' lang='lat' dir='ltr'>cerit</span> <span class='ocrx_word' id='word_1_68' title='bbox 241 1045 416 1112; x_wconf 83' lang='lat' dir='ltr'>,antequam</span> <span class='ocrx_word' id='word_1_69' title='bbox 431 1034 548 1109; x_wconf 78' lang='lat' dir='ltr'>incipiat</span> <span class='ocrx_word' id='word_1_70' title='bbox 561 1033 673 1107; x_wconf 85' lang='lat' dir='ltr'>vitium,</span> <span class='ocrx_word' id='word_1_71' title='bbox 688 1040 749 1092; x_wconf 90' lang='lat' dir='ltr'>toto</span> <span class='ocrx_word' id='word_1_72' title='bbox 767 1048 841 1091; x_wconf 86' lang='lat' dir='ltr'>enno</span> <span class='ocrx_word' id='word_1_73' title='bbox 858 1030 887 1090; x_wconf 85' lang='lat' dir='ltr'>ci</span> <span class='ocrx_word' id='word_1_74' title='bbox 900 1048 961 1093; x_wconf 77' lang='lat' dir='ltr'>noo</span> <span class='ocrx_word' id='word_1_75' title='bbox 975 1029 1097 1092; x_wconf 87' lang='lat' dir='ltr'>accidat.</span> <span class='ocrx_word' id='word_1_76' title='bbox 1111 1064 1156 1077; x_wconf 81' lang='lat'>--</span> 
     </span>
     <span class='ocr_line' id='line_1_11' title="bbox 160 1113 1193 1198; baseline -0.008 -20"><span class='ocrx_word' id='word_1_77' title='bbox 160 1128 279 1198; x_wconf 87' lang='lat' dir='ltr'>oportet</span> <span class='ocrx_word' id='word_1_78' title='bbox 291 1128 386 1178; x_wconf 86' lang='lat' dir='ltr'>autem</span> <span class='ocrx_word' id='word_1_79' title='bbox 402 1134 466 1178; x_wconf 86' lang='lat' dir='ltr'>eum</span> <span class='ocrx_word' id='word_1_80' title='bbox 480 1116 561 1175; x_wconf 78' lang='lat' dir='ltr'>ferro</span> <span class='ocrx_word' id='word_1_81' title='bbox 577 1133 641 1175; x_wconf 90' lang='lat' dir='ltr'>curn</span> <span class='ocrx_word' id='word_1_82' title='bbox 662 1123 741 1175; x_wconf 88' lang='lat' dir='ltr'>terra</span> <span class='ocrx_word' id='word_1_83' title='bbox 762 1132 913 1177; x_wconf 87' lang='lat' dir='ltr'>cavernae</span> <span class='ocrx_word' id='word_1_84' title='bbox 927 1132 996 1176; x_wconf 86' lang='lat' dir='ltr'>suae</span> <span class='ocrx_word' id='word_1_85' title='bbox 1012 1113 1091 1190; x_wconf 90' lang='lat' dir='ltr'>tolli,</span> <span class='ocrx_word' id='word_1_86' title='bbox 1111 1148 1155 1161; x_wconf 87' lang='lat'>—-</span> <span class='ocrx_word' id='word_1_87' title='bbox 1166 1144 1193 1185; x_wconf 65' lang='grc' dir='ltr'>ω</span> 
     </span>
     <span class='ocr_line' id='line_1_12' title="bbox 160 1197 1155 1279; baseline -0.005 -17"><span class='ocrx_word' id='word_1_88' title='bbox 160 1205 273 1263; x_wconf 85' lang='lat' dir='ltr'>anseris</span> <span class='ocrx_word' id='word_1_89' title='bbox 292 1201 390 1279; x_wconf 80' lang='lat' dir='ltr'>adips,</span> <span class='ocrx_word' id='word_1_90' title='bbox 414 1202 533 1277; x_wconf 87' lang='lat' dir='ltr'>viperee</span> <span class='ocrx_word' id='word_1_91' title='bbox 555 1206 642 1276; x_wconf 88' lang='lat' dir='ltr'>caput</span> <span class='ocrx_word' id='word_1_92' title='bbox 661 1198 769 1259; x_wconf 91' lang='lat' dir='ltr'>aridum</span> <span class='ocrx_word' id='word_1_93' title='bbox 790 1198 986 1264; x_wconf 85' lang='lat' dir='ltr'>adservatum,</span> <span class='ocrx_word' id='word_1_94' title='bbox 989 1205 1019 1255; x_wconf 90' lang='lat' dir='ltr'>et</span> <span class='ocrx_word' id='word_1_95' title='bbox 1038 1197 1155 1257; x_wconf 90' lang='lat' dir='ltr'>combu-</span> 
     </span>
     <span class='ocr_line' id='line_1_13' title="bbox 160 1282 1156 1360; baseline -0.002 -17"><span class='ocrx_word' id='word_1_96' title='bbox 160 1294 249 1360; x_wconf 89' lang='lat' dir='ltr'>stum,</span> <span class='ocrx_word' id='word_1_97' title='bbox 277 1284 382 1344; x_wconf 89' lang='lat' dir='ltr'>deinde</span> <span class='ocrx_word' id='word_1_98' title='bbox 407 1300 445 1346; x_wconf 81' lang='lat' dir='ltr'>ex</span> <span class='ocrx_word' id='word_1_99' title='bbox 466 1291 551 1343; x_wconf 86' lang='lat' dir='ltr'>aceto</span> <span class='ocrx_word' id='word_1_100' title='bbox 569 1283 739 1360; x_wconf 88' lang='lat' dir='ltr'>inpositum,</span> <span class='ocrx_word' id='word_1_101' title='bbox 760 1290 895 1341; x_wconf 88' lang='lat' dir='ltr'>senectus</span> <span class='ocrx_word' id='word_1_102' title='bbox 920 1282 1096 1359; x_wconf 72' lang='lat' dir='ltr'>serpentium</span> <span class='ocrx_word' id='word_1_103' title='bbox 1117 1301 1156 1341; x_wconf 86' lang='lat' dir='ltr'>ex</span> 
     </span>
     <span class='ocr_line' id='line_1_14' title="bbox 161 1364 992 1445; baseline -0.006 -17"><span class='ocrx_word' id='word_1_104' title='bbox 161 1386 234 1445; x_wconf 76' lang='lat' dir='ltr'>aqua</span> <span class='ocrx_word' id='word_1_105' title='bbox 251 1368 330 1426; x_wconf 83' lang='lat' dir='ltr'>inlita</span> <span class='ocrx_word' id='word_1_106' title='bbox 346 1384 362 1425; x_wconf 90' lang='lat' dir='ltr'>a</span> <span class='ocrx_word' id='word_1_107' title='bbox 378 1366 496 1434; x_wconf 84' lang='lat' dir='ltr'>balineo</span> <span class='ocrx_word' id='word_1_108' title='bbox 513 1382 578 1425; x_wconf 89' lang='lat' dir='ltr'>cum</span> <span class='ocrx_word' id='word_1_109' title='bbox 590 1365 728 1425; x_wconf 89' lang='lat' dir='ltr'>bitumine</span> <span class='ocrx_word' id='word_1_110' title='bbox 743 1374 773 1425; x_wconf 90' lang='lat' dir='ltr'>et</span> <span class='ocrx_word' id='word_1_111' title='bbox 787 1364 859 1425; x_wconf 87' lang='lat' dir='ltr'>sebo</span> <span class='ocrx_word' id='word_1_112' title='bbox 877 1364 992 1440; x_wconf 75' lang='lat' dir='ltr'>agnino.</span> 
     </span>
    </p>

    <p class='ocr_par' dir='ltr' id='par_1_3' title="bbox 119 1447 1155 1527">
     <span class='ocr_line' id='line_1_15' title="bbox 119 1447 1155 1527; baseline -0.006 -14"><span class='ocrx_word' id='word_1_113' title='bbox 119 1460 169 1515; x_wconf 85' lang='grc'>107</span> <span class='ocrx_word' id='word_1_114' title='bbox 235 1451 320 1527; x_wconf 81' lang='grc'>(33.)</span> <span class='ocrx_word' id='word_1_115' title='bbox 340 1448 538 1512; x_wconf 79' lang='lat' dir='ltr'><strong>Carbunculus</strong></span> <span class='ocrx_word' id='word_1_116' title='bbox 557 1449 623 1508; x_wconf 86' lang='lat' dir='ltr'>sumo</span> <span class='ocrx_word' id='word_1_117' title='bbox 647 1448 808 1512; x_wconf 88' lang='lat' dir='ltr'>columbino</span> <span class='ocrx_word' id='word_1_118' title='bbox 832 1447 966 1508; x_wconf 77' lang='lat' dir='ltr'><strong>aboletur</strong></span> <span class='ocrx_word' id='word_1_119' title='bbox 983 1466 1036 1525; x_wconf 91' lang='lat' dir='ltr'>per</span> <span class='ocrx_word' id='word_1_120' title='bbox 1057 1467 1090 1509; x_wconf 91' lang='lat' dir='ltr'>se</span> <span class='ocrx_word' id='word_1_121' title='bbox 1114 1448 1155 1507; x_wconf 91' lang='lat' dir='ltr'>in·</span> 
     </span>
    </p>

    <p class='ocr_par' dir='ltr' id='par_1_4' title="bbox 112 1530 1193 2109">
     <span class='ocr_line' id='line_1_16' title="bbox 112 1530 1193 1609; baseline -0.004 -16"><span class='ocrx_word' id='word_1_122' title='bbox 112 1557 115 1562; x_wconf 92' lang='lat'>·</span> <span class='ocrx_word' id='word_1_123' title='bbox 160 1534 211 1594; x_wconf 90' lang='lat' dir='ltr'>lito</span> <span class='ocrx_word' id='word_1_124' title='bbox 225 1534 272 1595; x_wconf 85' lang='lat' dir='ltr'>vel</span> <span class='ocrx_word' id='word_1_125' title='bbox 287 1552 351 1594; x_wconf 88' lang='lat' dir='ltr'>cum</span> <span class='ocrx_word' id='word_1_126' title='bbox 364 1534 415 1593; x_wconf 91' lang='lat' dir='ltr'>lini</span> <span class='ocrx_word' id='word_1_127' title='bbox 430 1533 540 1592; x_wconf 86' lang='lat' dir='ltr'>semine</span> <span class='ocrx_word' id='word_1_128' title='bbox 556 1550 594 1591; x_wconf 81' lang='lat' dir='ltr'>ex</span> <span class='ocrx_word' id='word_1_129' title='bbox 609 1540 695 1591; x_wconf 86' lang='lat' dir='ltr'>aceto</span> <span class='ocrx_word' id='word_1_130' title='bbox 710 1532 813 1609; x_wconf 91' lang='lat' dir='ltr'>mulso,</span> <span class='ocrx_word' id='word_1_131' title='bbox 830 1534 898 1591; x_wconf 87' lang='lat' dir='ltr'>item</span> <span class='ocrx_word' id='word_1_132' title='bbox 915 1530 1018 1609; x_wconf 88' lang='lat' dir='ltr'>apibus</span> <span class='ocrx_word' id='word_1_133' title='bbox 1032 1550 1107 1609; x_wconf 88' lang='lat' dir='ltr'>qnae</span> <span class='ocrx_word' id='word_1_134' title='bbox 1123 1534 1153 1591; x_wconf 91' lang='lat' dir='ltr'>in</span> <span class='ocrx_word' id='word_1_135' title='bbox 1166 1548 1193 1590; x_wconf 81' lang='lat' dir='ltr'>uc</span> 
     </span>
     <span class='ocr_line' id='line_1_17' title="bbox 159 1615 1154 1694; baseline -0.002 -19"><span class='ocrx_word' id='word_1_136' title='bbox 159 1616 248 1677; x_wconf 88' lang='lat' dir='ltr'>melle</span> <span class='ocrx_word' id='word_1_137' title='bbox 273 1620 329 1677; x_wconf 91' lang='lat' dir='ltr'>sint</span> <span class='ocrx_word' id='word_1_138' title='bbox 356 1626 487 1678; x_wconf 82' lang='lat' dir='ltr'>mortuae</span> <span class='ocrx_word' id='word_1_139' title='bbox 511 1616 644 1693; x_wconf 76' lang='lat' dir='ltr'>inpositis</span> <span class='ocrx_word' id='word_1_140' title='bbox 667 1615 839 1694; x_wconf 81' lang='lat' dir='ltr'>polentaque</span> <span class='ocrx_word' id='word_1_141' title='bbox 867 1615 991 1693; x_wconf 82' lang='lat' dir='ltr'>inposita</span> <span class='ocrx_word' id='word_1_142' title='bbox 1011 1616 1154 1693; x_wconf 85' lang='lat' dir='ltr'>inspersa.</span> 
     </span>
     <span class='ocr_line' id='line_1_18' title="bbox 161 1698 1154 1778; baseline -0.002 -19"><span class='ocrx_word' id='word_1_143' title='bbox 161 1701 341 1761; x_wconf 75' lang='lat' dir='ltr'>inserendis</span> <span class='ocrx_word' id='word_1_144' title='bbox 356 1702 521 1778; x_wconf 81' lang='lat' dir='ltr'>ceterisque</span> <span class='ocrx_word' id='word_1_145' title='bbox 536 1699 575 1759; x_wconf 90' lang='lat' dir='ltr'>ibi</span> <span class='ocrx_word' id='word_1_146' title='bbox 590 1698 735 1762; x_wconf 87' lang='lat' dir='ltr'>ulceribus</span> <span class='ocrx_word' id='word_1_147' title='bbox 752 1700 879 1759; x_wconf 89' lang='lat' dir='ltr'>occurrit</span> <span class='ocrx_word' id='word_1_148' title='bbox 899 1716 936 1759; x_wconf 80' lang='lat' dir='ltr'>erc</span> <span class='ocrx_word' id='word_1_149' title='bbox 960 1698 1048 1761; x_wconf 88' lang='lat' dir='ltr'>melle</span> <span class='ocrx_word' id='word_1_150' title='bbox 1068 1716 1154 1773; x_wconf 74' lang='lat' dir='ltr'>oesy-</span> 
     </span>
     <span class='ocr_line' id='line_1_19' title="bbox 161 1782 1154 1865; baseline 0.001 -22"><span class='ocrx_word' id='word_1_151' title='bbox 161 1802 228 1861; x_wconf 86' lang='lat' dir='ltr'>pum</span> <span class='ocrx_word' id='word_1_152' title='bbox 246 1803 311 1843; x_wconf 91' lang='lat' dir='ltr'>cum</span> <span class='ocrx_word' id='word_1_153' title='bbox 336 1783 445 1863; x_wconf 87' lang='lat' dir='ltr'>plumbi</span> <span class='ocrx_word' id='word_1_154' title='bbox 461 1785 605 1861; x_wconf 84' lang='lat' dir='ltr'>squamis,</span> <span class='ocrx_word' id='word_1_155' title='bbox 629 1784 697 1843; x_wconf 89' lang='lat' dir='ltr'>item</span> <span class='ocrx_word' id='word_1_156' title='bbox 712 1784 815 1865; x_wconf 11' lang='lat' dir='ltr'>*sumum</span> <span class='ocrx_word' id='word_1_157' title='bbox 834 1783 975 1861; x_wconf 89' lang='lat' dir='ltr'>pecudum</span> <span class='ocrx_word' id='word_1_158' title='bbox 994 1782 1154 1860; x_wconf 89' lang='lat' dir='ltr'>incipienti·</span> 
     </span>
     <span class='ocr_line' id='line_1_20' title="bbox 161 1865 1155 1945; baseline -0.002 -18"><span class='ocrx_word' id='word_1_159' title='bbox 161 1868 215 1927; x_wconf 91' lang='lat' dir='ltr'>bus</span> <span class='ocrx_word' id='word_1_160' title='bbox 234 1868 428 1931; x_wconf 88' lang='lat' dir='ltr'>carbunculis.</span> <span class='ocrx_word' id='word_1_161' title='bbox 465 1867 566 1945; x_wconf 79' lang='lat' dir='ltr'>tubera</span> <span class='ocrx_word' id='word_1_162' title='bbox 588 1876 618 1927; x_wconf 86' lang='lat' dir='ltr'>et</span> <span class='ocrx_word' id='word_1_163' title='bbox 642 1885 840 1945; x_wconf 80' lang='lat' dir='ltr'>quaecumque</span> <span class='ocrx_word' id='word_1_164' title='bbox 864 1865 987 1927; x_wconf 85' lang='lat' dir='ltr'>emolliri</span> <span class='ocrx_word' id='word_1_165' title='bbox 1012 1882 1085 1943; x_wconf 90' lang='lat' dir='ltr'>opus</span> <span class='ocrx_word' id='word_1_166' title='bbox 1109 1874 1155 1925; x_wconf 88' lang='lat' dir='ltr'>est</span> 
     </span>
     <span class='ocr_line' id='line_1_21' title="bbox 160 1949 1193 2028; baseline 0.004 -19"><span class='ocrx_word' id='word_1_167' title='bbox 160 1951 364 2011; x_wconf 81' lang='lat' dir='ltr'>efficacissime</span> <span class='ocrx_word' id='word_1_168' title='bbox 375 1950 509 2010; x_wconf 85' lang='lat' dir='ltr'>anserino</span> <span class='ocrx_word' id='word_1_169' title='bbox 524 1949 608 2027; x_wconf 86' lang='lat' dir='ltr'>adipe</span> <span class='ocrx_word' id='word_1_170' title='bbox 624 1960 768 2027; x_wconf 85' lang='lat' dir='ltr'>curentur,</span> <span class='ocrx_word' id='word_1_171' title='bbox 780 1951 855 2011; x_wconf 84' lang='lat' dir='ltr'>idem</span> <span class='ocrx_word' id='word_1_172' title='bbox 872 1957 1042 2028; x_wconf 79' lang='lat' dir='ltr'>praestolet</span> <span class='ocrx_word' id='word_1_173' title='bbox 1052 1967 1193 2026; x_wconf 73' lang='lat' dir='ltr'>grumae</span> 
     </span>
     <span class='ocr_line' id='line_1_22' title="bbox 161 2032 254 2109; baseline -0.043 -16"><span class='ocrx_word' id='word_1_174' title='bbox 161 2032 254 2109; x_wconf 85' lang='lat' dir='ltr'>adips.</span> 
     </span>
    </p>

    <p class='ocr_par' dir='ltr' id='par_1_5' title="bbox 120 2114 1192 2861">
     <span class='ocr_line' id='line_1_23' title="bbox 120 2114 1152 2194; baseline -0.003 -14"><span class='ocrx_word' id='word_1_175' title='bbox 120 2126 172 2180; x_wconf 82' lang='grc'>1118</span> <span class='ocrx_word' id='word_1_176' title='bbox 233 2114 317 2193; x_wconf 86' lang='grc'>(34.)</span> <span class='ocrx_word' id='word_1_177' title='bbox 339 2114 510 2176; x_wconf 83' lang='lat' dir='ltr'>Furuncnlis</span> <span class='ocrx_word' id='word_1_178' title='bbox 531 2114 641 2175; x_wconf 87' lang='lat' dir='ltr'>mederi</span> <span class='ocrx_word' id='word_1_179' title='bbox 661 2116 763 2175; x_wconf 91' lang='lat' dir='ltr'>dicitnr</span> <span class='ocrx_word' id='word_1_180' title='bbox 785 2133 907 2177; x_wconf 78' lang='lat' dir='ltr'>maneus</span> <span class='ocrx_word' id='word_1_181' title='bbox 922 2116 1087 2194; x_wconf 83' lang='lat' dir='ltr'>prinsquam</span> <span class='ocrx_word' id='word_1_182' title='bbox 1102 2133 1152 2177; x_wconf 88' lang='lat' dir='ltr'>ue-</span> 
     </span>
     <span class='ocr_line' id='line_1_24' title="bbox 160 2198 1153 2277; baseline -0.001 -19"><span class='ocrx_word' id='word_1_183' title='bbox 160 2200 283 2258; x_wconf 90' lang='lat' dir='ltr'>minetur</span> <span class='ocrx_word' id='word_1_184' title='bbox 297 2199 439 2277; x_wconf 87' lang='lat' dir='ltr'>inpositus</span> <span class='ocrx_word' id='word_1_185' title='bbox 455 2208 484 2259; x_wconf 91' lang='lat' dir='ltr'>et</span> <span class='ocrx_word' id='word_1_186' title='bbox 499 2199 585 2259; x_wconf 89' lang='lat' dir='ltr'>tertio</span> <span class='ocrx_word' id='word_1_187' title='bbox 602 2198 648 2258; x_wconf 87' lang='lat' dir='ltr'>die</span> <span class='ocrx_word' id='word_1_188' title='bbox 663 2199 789 2275; x_wconf 89' lang='lat' dir='ltr'>solutus,</span> <span class='ocrx_word' id='word_1_189' title='bbox 804 2217 866 2259; x_wconf 92' lang='lat' dir='ltr'>mus</span> <span class='ocrx_word' id='word_1_190' title='bbox 887 2216 1008 2259; x_wconf 84' lang='lat' dir='ltr'>araneus</span> <span class='ocrx_word' id='word_1_191' title='bbox 1023 2198 1153 2277; x_wconf 89' lang='lat' dir='ltr'>pendens</span> 
     </span>
     <span class='ocr_line' id='line_1_25' title="bbox 162 2282 1152 2359; baseline -0.001 -17"><span class='ocrx_word' id='word_1_192' title='bbox 162 2290 299 2342; x_wconf 86' lang='lat' dir='ltr'>enecatus</span> <span class='ocrx_word' id='word_1_193' title='bbox 313 2283 355 2341; x_wconf 91' lang='lat' dir='ltr'>sic</span> <span class='ocrx_word' id='word_1_194' title='bbox 370 2289 399 2340; x_wconf 90' lang='lat' dir='ltr'>ut</span> <span class='ocrx_word' id='word_1_195' title='bbox 421 2291 527 2341; x_wconf 84' lang='lat' dir='ltr'>terram</span> <span class='ocrx_word' id='word_1_196' title='bbox 542 2299 597 2341; x_wconf 88' lang='lat' dir='ltr'>nec</span> <span class='ocrx_word' id='word_1_197' title='bbox 612 2291 716 2359; x_wconf 86' lang='lat' dir='ltr'>postea</span> <span class='ocrx_word' id='word_1_198' title='bbox 741 2284 876 2358; x_wconf 79' lang='lat' dir='ltr'>attingat,</span> <span class='ocrx_word' id='word_1_199' title='bbox 901 2291 945 2341; x_wconf 89' lang='lat' dir='ltr'>ter</span> <span class='ocrx_word' id='word_1_200' title='bbox 970 2282 1152 2343; x_wconf 80' lang='lat' dir='ltr'>circumlatus</span> 
     </span>
     <span class='ocr_line' id='line_1_26' title="bbox 160 2364 1192 2444; baseline 0 -19"><span class='ocrx_word' id='word_1_201' title='bbox 160 2364 322 2441; x_wconf 77' lang='lat' dir='ltr'>furunculo,</span> <span class='ocrx_word' id='word_1_202' title='bbox 336 2366 443 2425; x_wconf 87' lang='lat' dir='ltr'>totiens</span> <span class='ocrx_word' id='word_1_203' title='bbox 458 2365 665 2444; x_wconf 85' lang='lat' dir='ltr'>exspuentibus</span> <span class='ocrx_word' id='word_1_204' title='bbox 682 2366 814 2427; x_wconf 88' lang='lat' dir='ltr'>medente</span> <span class='ocrx_word' id='word_1_205' title='bbox 833 2376 861 2425; x_wconf 88' lang='lat' dir='ltr'>et</span> <span class='ocrx_word' id='word_1_206' title='bbox 879 2367 924 2425; x_wconf 87' lang='lat' dir='ltr'>oui</span> <span class='ocrx_word' id='word_1_207' title='bbox 939 2366 964 2423; x_wconf 87' lang='lat' dir='ltr'>is</span> <span class='ocrx_word' id='word_1_208' title='bbox 980 2365 1152 2441; x_wconf 87' lang='lat' dir='ltr'>medebitur,</span> <span class='ocrx_word' id='word_1_209' title='bbox 1162 2384 1192 2425; x_wconf 81' lang='lat' dir='ltr'>cs</span> 
     </span>
     <span class='ocr_line' id='line_1_27' title="bbox 161 2448 1154 2528; baseline 0 -19"><span class='ocrx_word' id='word_1_210' title='bbox 161 2466 199 2509; x_wconf 84' lang='lat' dir='ltr'>ex</span> <span class='ocrx_word' id='word_1_211' title='bbox 219 2448 385 2525; x_wconf 75' lang='lat' dir='ltr'>gallinaceo</span> <span class='ocrx_word' id='word_1_212' title='bbox 401 2450 468 2509; x_wconf 87' lang='lat' dir='ltr'>limo</span> <span class='ocrx_word' id='word_1_213' title='bbox 488 2449 566 2528; x_wconf 85' lang='lat' dir='ltr'>quod</span> <span class='ocrx_word' id='word_1_214' title='bbox 585 2458 632 2509; x_wconf 87' lang='lat' dir='ltr'>est</span> <span class='ocrx_word' id='word_1_215' title='bbox 651 2451 744 2511; x_wconf 81' lang='lat' dir='ltr'>rufum</span> <span class='ocrx_word' id='word_1_216' title='bbox 766 2467 895 2509; x_wconf 86' lang='lat' dir='ltr'>maxume</span> <span class='ocrx_word' id='word_1_217' title='bbox 917 2466 1022 2509; x_wconf 87' lang='lat' dir='ltr'>recens</span> <span class='ocrx_word' id='word_1_218' title='bbox 1044 2448 1154 2509; x_wconf 91' lang='lat' dir='ltr'>inlitum</span> 
     </span>
     <span class='ocr_line' id='line_1_28' title="bbox 161 2532 1153 2609; baseline -0.003 -16"><span class='ocrx_word' id='word_1_219' title='bbox 161 2551 201 2593; x_wconf 81' lang='lat' dir='ltr'>ex</span> <span class='ocrx_word' id='word_1_220' title='bbox 213 2541 309 2609; x_wconf 90' lang='lat' dir='ltr'>aceto,</span> <span class='ocrx_word' id='word_1_221' title='bbox 325 2532 501 2592; x_wconf 84' lang='lat' dir='ltr'>ventriculus</span> <span class='ocrx_word' id='word_1_222' title='bbox 516 2534 648 2592; x_wconf 89' lang='lat' dir='ltr'>ciconiae</span> <span class='ocrx_word' id='word_1_223' title='bbox 667 2552 705 2591; x_wconf 84' lang='lat' dir='ltr'>eu</span> <span class='ocrx_word' id='word_1_224' title='bbox 722 2534 788 2591; x_wconf 90' lang='lat' dir='ltr'>vino</span> <span class='ocrx_word' id='word_1_225' title='bbox 805 2532 959 2607; x_wconf 84' lang='lat' dir='ltr'>decoctus,</span> <span class='ocrx_word' id='word_1_226' title='bbox 980 2536 1096 2593; x_wconf 79' lang='lat' dir='ltr'>muscae</span> <span class='ocrx_word' id='word_1_227' title='bbox 1112 2533 1153 2591; x_wconf 89' lang='lat' dir='ltr'>in-</span> 
     </span>
     <span class='ocr_line' id='line_1_29' title="bbox 161 2615 1152 2694; baseline 0 -19"><span class='ocrx_word' id='word_1_228' title='bbox 161 2618 223 2694; x_wconf 87' lang='lat' dir='ltr'>pari</span> <span class='ocrx_word' id='word_1_229' title='bbox 238 2631 356 2676; x_wconf 88' lang='lat' dir='ltr'>numero</span> <span class='ocrx_word' id='word_1_230' title='bbox 371 2615 522 2677; x_wconf 79' lang='lat' dir='ltr'>infricatae</span> <span class='ocrx_word' id='word_1_231' title='bbox 536 2615 625 2692; x_wconf 81' lang='lat' dir='ltr'>digito</span> <span class='ocrx_word' id='word_1_232' title='bbox 638 2616 763 2690; x_wconf 90' lang='lat' dir='ltr'>medico,</span> <span class='ocrx_word' id='word_1_233' title='bbox 778 2616 881 2677; x_wconf 89' lang='lat' dir='ltr'>sordes</span> <span class='ocrx_word' id='word_1_234' title='bbox 896 2633 933 2675; x_wconf 86' lang='lat' dir='ltr'>ex</span> <span class='ocrx_word' id='word_1_235' title='bbox 949 2616 1088 2692; x_wconf 81' lang='lat' dir='ltr'>pecudum</span> <span class='ocrx_word' id='word_1_236' title='bbox 1103 2633 1152 2675; x_wconf 92' lang='lat' dir='ltr'>au-</span> 
     </span>
     <span class='ocr_line' id='line_1_30' title="bbox 160 2698 1153 2777; baseline 0 -18"><span class='ocrx_word' id='word_1_237' title='bbox 160 2699 270 2774; x_wconf 88' lang='lat' dir='ltr'>riculis,</span> <span class='ocrx_word' id='word_1_238' title='bbox 285 2698 386 2759; x_wconf 87' lang='lat' dir='ltr'>sebum</span> <span class='ocrx_word' id='word_1_239' title='bbox 403 2701 497 2759; x_wconf 89' lang='lat' dir='ltr'>ovium</span> <span class='ocrx_word' id='word_1_240' title='bbox 510 2708 595 2759; x_wconf 85' lang='lat' dir='ltr'>vetus</span> <span class='ocrx_word' id='word_1_241' title='bbox 610 2718 673 2759; x_wconf 90' lang='lat' dir='ltr'>cum</span> <span class='ocrx_word' id='word_1_242' title='bbox 695 2701 791 2758; x_wconf 91' lang='lat' dir='ltr'>cinere</span> <span class='ocrx_word' id='word_1_243' title='bbox 808 2699 905 2777; x_wconf 85' lang='lat' dir='ltr'>capilli</span> <span class='ocrx_word' id='word_1_244' title='bbox 922 2698 1085 2775; x_wconf 90' lang='lat' dir='ltr'>mulierum,</span> <span class='ocrx_word' id='word_1_245' title='bbox 1108 2716 1153 2760; x_wconf 90' lang='lat' dir='ltr'>se-</span> 
     </span>
     <span class='ocr_line' id='line_1_31' title="bbox 161 2781 1192 2861; baseline -0.004 -19"><span class='ocrx_word' id='word_1_246' title='bbox 161 2783 227 2842; x_wconf 93' lang='lat' dir='ltr'>bum</span> <span class='ocrx_word' id='word_1_247' title='bbox 244 2783 342 2841; x_wconf 86' lang='lat' dir='ltr'>arietis</span> <span class='ocrx_word' id='word_1_248' title='bbox 355 2800 419 2842; x_wconf 88' lang='lat' dir='ltr'>com</span> <span class='ocrx_word' id='word_1_249' title='bbox 434 2784 531 2844; x_wconf 86' lang='lat' dir='ltr'>cinere</span> <span class='ocrx_word' id='word_1_250' title='bbox 546 2784 667 2861; x_wconf 88' lang='lat' dir='ltr'>pumicis</span> <span class='ocrx_word' id='word_1_251' title='bbox 681 2790 710 2842; x_wconf 87' lang='lat' dir='ltr'>et</span> <span class='ocrx_word' id='word_1_252' title='bbox 726 2783 871 2861; x_wconf 80' lang='lat' dir='ltr'>salisperi</span> <span class='ocrx_word' id='word_1_253' title='bbox 889 2781 1028 2860; x_wconf 88' lang='lat' dir='ltr'>pondere.</span> <span class='ocrx_word' id='word_1_254' title='bbox 1136 2822 1138 2825; x_wconf 89' lang='lat'>-</span> <span class='ocrx_word' id='word_1_255' title='bbox 1164 2806 1192 2849; x_wconf 77' lang='lat'>³0</span> 
     </span>
    </p>

    <p class='ocr_par' dir='ltr' id='par_1_6' title="bbox 120 2864 1155 3110">
     <span class='ocr_line' id='line_1_32' title="bbox 120 2864 1155 2945; baseline -0.004 -16"><span class='ocrx_word' id='word_1_256' title='bbox 120 2876 171 2930; x_wconf 79' lang='lat' dir='ltr'>loa</span> <span class='ocrx_word' id='word_1_257' title='bbox 234 2866 318 2945; x_wconf 83' lang='lat'>(35.)</span> <span class='ocrx_word' id='word_1_258' title='bbox 341 2864 488 2931; x_wconf 79' lang='lat' dir='ltr'>Ambustis</span> <span class='ocrx_word' id='word_1_259' title='bbox 501 2868 591 2927; x_wconf 84' lang='lat' dir='ltr'>canini</span> <span class='ocrx_word' id='word_1_260' title='bbox 608 2868 712 2943; x_wconf 85' lang='lat' dir='ltr'>capitis</span> <span class='ocrx_word' id='word_1_261' title='bbox 725 2866 795 2925; x_wconf 88' lang='lat' dir='ltr'>cinis</span> <span class='ocrx_word' id='word_1_262' title='bbox 807 2864 946 2943; x_wconf 89' lang='lat' dir='ltr'>medetur,</span> <span class='ocrx_word' id='word_1_263' title='bbox 962 2866 1028 2925; x_wconf 89' lang='lat' dir='ltr'>item</span> <span class='ocrx_word' id='word_1_264' title='bbox 1039 2864 1155 2941; x_wconf 72' lang='lat' dir='ltr'>glirium</span> 
     </span>
     <span class='ocr_line' id='line_1_33' title="bbox 167 2948 1155 3026; baseline 0 -17"><span class='ocrx_word' id='word_1_265' title='bbox 167 2967 231 3010; x_wconf 85' lang='lat' dir='ltr'>cum</span> <span class='ocrx_word' id='word_1_266' title='bbox 247 2950 327 3026; x_wconf 89' lang='lat' dir='ltr'>oleo,</span> <span class='ocrx_word' id='word_1_267' title='bbox 342 2950 435 3009; x_wconf 81' lang='lat' dir='ltr'>fimum</span> <span class='ocrx_word' id='word_1_268' title='bbox 452 2950 547 3009; x_wconf 84' lang='lat' dir='ltr'>orium</span> <span class='ocrx_word' id='word_1_269' title='bbox 565 2967 629 3009; x_wconf 90' lang='lat' dir='ltr'>cum</span> <span class='ocrx_word' id='word_1_270' title='bbox 643 2967 724 3024; x_wconf 66' lang='lat' dir='ltr'>cerm</span> <span class='ocrx_word' id='word_1_271' title='bbox 739 2950 857 3008; x_wconf 90' lang='lat' dir='ltr'>murium</span> <span class='ocrx_word' id='word_1_272' title='bbox 878 2950 966 3024; x_wconf 81' lang='lat' dir='ltr'>cinis,</span> <span class='ocrx_word' id='word_1_273' title='bbox 989 2948 1155 3012; x_wconf 87' lang='lat' dir='ltr'>coclearum</span> 
     </span>
     <span class='ocr_line' id='line_1_34' title="bbox 162 3031 1154 3110; baseline -0.004 -17"><span class='ocrx_word' id='word_1_274' title='bbox 162 3049 278 3110; x_wconf 77' lang='lat' dir='ltr'>quoque</span> <span class='ocrx_word' id='word_1_275' title='bbox 300 3035 344 3092; x_wconf 88' lang='lat' dir='ltr'>sic</span> <span class='ocrx_word' id='word_1_276' title='bbox 364 3043 394 3093; x_wconf 89' lang='lat' dir='ltr'>ut</span> <span class='ocrx_word' id='word_1_277' title='bbox 410 3050 447 3093; x_wconf 89' lang='lat' dir='ltr'>ne</span> <span class='ocrx_word' id='word_1_278' title='bbox 464 3034 583 3095; x_wconf 84' lang='lat' dir='ltr'>cicatrix</span> <span class='ocrx_word' id='word_1_279' title='bbox 599 3031 711 3109; x_wconf 86' lang='lat' dir='ltr'>quidem</span> <span class='ocrx_word' id='word_1_280' title='bbox 728 3031 879 3109; x_wconf 86' lang='lat' dir='ltr'>adpareat,</span> <span class='ocrx_word' id='word_1_281' title='bbox 897 3032 979 3109; x_wconf 87' lang='lat' dir='ltr'>adips</span> <span class='ocrx_word' id='word_1_282' title='bbox 994 3032 1154 3108; x_wconf 85' lang='lat' dir='ltr'>viperinus,</span> 
     </span>
    </p>

    <p class='ocr_par' dir='ltr' id='par_1_7' title="bbox 121 3115 1194 3528">
     <span class='ocr_line' id='line_1_35' title="bbox 121 3115 1155 3214; baseline -0.004 -35"><span class='ocrx_word' id='word_1_283' title='bbox 121 3127 171 3179; x_wconf 88' lang='lat'>110</span> <span class='ocrx_word' id='word_1_284' title='bbox 181 3116 248 3214; x_wconf 59' lang='lat' dir='ltr'>limp</span> <span class='ocrx_word' id='word_1_285' title='bbox 261 3116 416 3177; x_wconf 84' lang='lat' dir='ltr'>columbini</span> <span class='ocrx_word' id='word_1_286' title='bbox 432 3118 504 3177; x_wconf 87' lang='lat' dir='ltr'>cinis</span> <span class='ocrx_word' id='word_1_287' title='bbox 525 3134 562 3175; x_wconf 89' lang='lat' dir='ltr'>ex</span> <span class='ocrx_word' id='word_1_288' title='bbox 575 3116 643 3177; x_wconf 91' lang='lat' dir='ltr'>oleo</span> <span class='ocrx_word' id='word_1_289' title='bbox 662 3115 773 3190; x_wconf 89' lang='lat' dir='ltr'>inlitus,</span> <span class='ocrx_word' id='word_1_290' title='bbox 797 3116 879 3193; x_wconf 85' lang='lat'>(36.)</span> <span class='ocrx_word' id='word_1_291' title='bbox 902 3132 1054 3178; x_wconf 87' lang='lat' dir='ltr'>neruorum</span> <span class='ocrx_word' id='word_1_292' title='bbox 1070 3115 1155 3175; x_wconf 89' lang='lat' dir='ltr'>nodis</span> 
     </span>
     <span class='ocr_line' id='line_1_36' title="bbox 160 3199 1195 3279; baseline 0.005 -20"><span class='ocrx_word' id='word_1_293' title='bbox 160 3200 264 3275; x_wconf 82' lang='lat' dir='ltr'>capilus</span> <span class='ocrx_word' id='word_1_294' title='bbox 293 3202 416 3279; x_wconf 84' lang='lat' dir='ltr'>viperini</span> <span class='ocrx_word' id='word_1_295' title='bbox 438 3201 511 3261; x_wconf 89' lang='lat' dir='ltr'>cinis</span> <span class='ocrx_word' id='word_1_296' title='bbox 534 3200 563 3258; x_wconf 93' lang='lat' dir='ltr'>in</span> <span class='ocrx_word' id='word_1_297' title='bbox 590 3199 659 3259; x_wconf 90' lang='lat' dir='ltr'>oleo</span> <span class='ocrx_word' id='word_1_298' title='bbox 682 3199 797 3277; x_wconf 77' lang='lat' dir='ltr'>cyprio,</span> <span class='ocrx_word' id='word_1_299' title='bbox 822 3202 927 3257; x_wconf 88' lang='lat' dir='ltr'>terreni</span> <span class='ocrx_word' id='word_1_300' title='bbox 949 3215 1063 3257; x_wconf 86' lang='lat' dir='ltr'>vermes</span> <span class='ocrx_word' id='word_1_301' title='bbox 1091 3216 1195 3269; x_wconf 77' lang='lat' dir='ltr'>cumas,</span> 
     </span>
     <span class='ocr_line' id='line_1_37' title="bbox 160 3280 1156 3361; baseline 0.001 -21"><span class='ocrx_word' id='word_1_302' title='bbox 160 3281 249 3342; x_wconf 82' lang='lat' dir='ltr'>melle</span> <span class='ocrx_word' id='word_1_303' title='bbox 263 3283 346 3361; x_wconf 89' lang='lat' dir='ltr'>inliti,</span> <span class='ocrx_word' id='word_1_304' title='bbox 362 3286 396 3321; x_wconf 67' lang='lat' dir='ltr'>se</span> <span class='ocrx_word' id='word_1_305' title='bbox 409 3285 530 3345; x_wconf 90' lang='lat' dir='ltr'>dolores</span> <span class='ocrx_word' id='word_1_306' title='bbox 543 3299 641 3344; x_wconf 86' lang='lat' dir='ltr'>eorum</span> <span class='ocrx_word' id='word_1_307' title='bbox 657 3282 750 3360; x_wconf 82' lang='lat' dir='ltr'>adips,</span> <span class='ocrx_word' id='word_1_308' title='bbox 767 3280 970 3360; x_wconf 87' lang='lat' dir='ltr'>amphisbaena</span> <span class='ocrx_word' id='word_1_309' title='bbox 984 3290 1095 3342; x_wconf 85' lang='lat' dir='ltr'>mortua</span> <span class='ocrx_word' id='word_1_310' title='bbox 1106 3282 1156 3341; x_wconf 90' lang='lat' dir='ltr'>ad·</span> 
     </span>
     <span class='ocr_line' id='line_1_38' title="bbox 162 3364 1157 3445; baseline 0.002 -22"><span class='ocrx_word' id='word_1_311' title='bbox 162 3364 295 3441; x_wconf 79' lang='lat' dir='ltr'>alligata,</span> <span class='ocrx_word' id='word_1_312' title='bbox 318 3368 401 3445; x_wconf 88' lang='lat' dir='ltr'>adips</span> <span class='ocrx_word' id='word_1_313' title='bbox 422 3367 581 3427; x_wconf 82' lang='lat' dir='ltr'>vulturinus</span> <span class='ocrx_word' id='word_1_314' title='bbox 596 3384 660 3424; x_wconf 90' lang='lat' dir='ltr'>cnm</span> <span class='ocrx_word' id='word_1_315' title='bbox 676 3373 778 3425; x_wconf 84' lang='lat' dir='ltr'>ventre</span> <span class='ocrx_word' id='word_1_316' title='bbox 795 3365 939 3425; x_wconf 86' lang='lat' dir='ltr'>arefactus</span> <span class='ocrx_word' id='word_1_317' title='bbox 957 3366 1157 3442; x_wconf 86' lang='lat' dir='ltr'>contritusque</span> 
     </span>
     <span class='ocr_line' id='line_1_39' title="bbox 162 3446 1156 3528; baseline 0 -21"><span class='ocrx_word' id='word_1_318' title='bbox 162 3465 225 3510; x_wconf 87' lang='lat' dir='ltr'>cum</span> <span class='ocrx_word' id='word_1_319' title='bbox 238 3448 324 3528; x_wconf 84' lang='lat' dir='ltr'>adipe</span> <span class='ocrx_word' id='word_1_320' title='bbox 338 3451 424 3513; x_wconf 82' lang='lat' dir='ltr'>suillo</span> <span class='ocrx_word' id='word_1_321' title='bbox 439 3454 617 3525; x_wconf 85' lang='lat' dir='ltr'>inveterato,</span> <span class='ocrx_word' id='word_1_322' title='bbox 641 3450 712 3509; x_wconf 87' lang='lat' dir='ltr'>cinis</span> <span class='ocrx_word' id='word_1_323' title='bbox 728 3466 744 3507; x_wconf 92' lang='lat' dir='ltr'>e</span> <span class='ocrx_word' id='word_1_324' title='bbox 763 3448 857 3525; x_wconf 84' lang='lat' dir='ltr'>cupite</span> <span class='ocrx_word' id='word_1_325' title='bbox 871 3446 1024 3511; x_wconf 88' lang='lat' dir='ltr'>bubonis</span> <span class='ocrx_word' id='word_1_326' title='bbox 1014 3466 1043 3507; x_wconf 84' lang='lat' dir='ltr'>un</span> <span class='ocrx_word' id='word_1_327' title='bbox 1059 3448 1156 3509; x_wconf 86' lang='lat' dir='ltr'>mulso</span> 
     </span>
    </p>
   </div>
   <div class='ocr_carea' id='block_1_3' title="bbox 0 0 1246 3817">
    <p class='ocr_par' dir='ltr' id='par_1_8' title="bbox 0 0 1246 3817">
     <span class='ocr_line' id='line_1_40' title="bbox 0 0 1246 3817; baseline 0 0"><span class='ocrx_word' id='word_1_328' title='bbox 0 0 1246 3817; x_wconf 95' lang='lat' dir='ltr'> </span> 
     </span>
    </p>
   </div>
  </div>
 </body>
</html>
