2484 3817
140 182 201 245 172
273 200 277 204 ’
493 191 534 276 ¹o.
551 190 647 237 ennon
665 188 814 237 saeorum

44 413 51 438 s
91 361 127 417 88
137 352 248 411 cticncs
261 341 352 411 omnis
366 364 437 427 quas
449 342 667 405 rheumatismos
676 352 783 404 vocant
797 342 880 403 sistit.
903 344 1038 401 ramentis
1053 340 1124 402 ebo·

132 436 174 494 ris
189 451 252 493 cum
269 433 361 492 melle
375 431 490 505 Attico,
515 436 546 487 ut
558 428 652 502 aiant,
678 426 841 487 nubeculae
861 426 890 483 iu
912 424 1005 499 iacie,
1032 425 1126 485 scobe

132 518 312 596 paronychia
329 514 476 575 tolluntur.
506 510 689 589 proboscidis
709 519 789 571 'tactu
811 509 913 587 capitis
936 506 1020 567 dolor
1046 508 1125 569 leva·

131 610 188 676 tar,
207 600 357 661 efficacius
378 597 404 656 si
429 603 458 653 et
478 603 616 653 sternuat.
643 592 744 654 dextra
764 610 832 671 pars
853 590 1038 670 proboscidis
1061 610 1126 651 cum

131 682 248 743 Lemnia
274 682 388 741 rubrica
410 678 564 754 adalligata
583 677 708 755 impetus
728 676 873 736 libidinum
897 674 1031 733 stimulat.
1061 692 1152 737 sau-s

132 768 197 841 guis
211 775 241 825 et
259 764 427 841 syntecticis
443 760 574 837 prodest,
591 762 731 838 iocurque
747 757 936 819 comitialibus
950 757 1069 817 morbis.

90 858 126 915 89
189 850 273 928 (25.)
295 849 401 908 Leonis
415 844 519 921 adipes
542 859 605 901 cum
619 859 743 904 rosaceo
768 852 861 902 cutem
883 843 912 899 iu
932 840 1008 900 facie
1030 849 1128 901 custo«

132 932 242 993 dinnta
258 933 336 991 vitiis
352 927 575 1003 candoremque.
606 936 707 986 sanant
731 935 760 985 et
779 925 879 985 adusta
894 923 1007 983 nivibus
1021 925 1127 984 articu-

133 1015 282 1093 lorumque
303 1023 440 1073 tumores.
473 1010 624 1085 blaqoranr
647 1011 758 1070 vanitas
781 1010 927 1088 perunctis
951 1008 1036 1085 adipe
1056 1007 1128 1067 iaci·

132 1098 236 1158 liorem
260 1099 381 1173 gratiam
406 1093 482 1172 apud
505 1092 631 1170 populos
651 1110 777 1169 regesve
798 1092 950 1169 promittit,
967 1090 1126 1168 praecipue
1137 1106 1163 1147 ro

131 1190 225 1241 tamen
241 1198 278 1241 eo
295 1178 395 1255 pingui
416 1177 494 1254 quod
509 1177 546 1235 sit
568 1177 643 1234 iuter
662 1176 838 1253 supercilia,
860 1174 908 1233 ubi
930 1192 997 1233 esse
1012 1173 1128 1233 nullum

91 1272 247 1342 sopotest.
279 1262 382 1321 similia
397 1259 507 1335 dentis,
522 1276 654 1318 maxume
673 1276 690 1318 a
707 1259 828 1319 dextera
845 1265 945 1336 parte,
966 1256 1087 1334 villique
1109 1274 1127 1317 e

131 1355 227 1406 rostro
240 1345 370 1405 iniericri
383 1345 523 1421 promissa
536 1350 610 1401 sunt.
638 1341 679 1401 iel
695 1360 768 1420 aqua
777 1340 871 1402 addita
887 1340 1045 1401 claritatem
1057 1356 1127 1399 ocu·

132 1429 169 1489 lis
187 1429 309 1488 inunctis
324 1427 394 1486 iacit
409 1435 516 1485 etcum
531 1424 617 1502 adipe
629 1425 758 1485 eiusdem
774 1424 925 1485 comitialis
935 1424 1054 1483 morbos
1069 1424 1127 1483 dis·
1149 1436 1160 1454 ⁸

132 1512 202 1572 cutit
217 1510 276 1571 levi
294 1509 379 1587 gustu
397 1518 427 1569 at
445 1518 476 1569 ut
500 1510 631 1587 protinus
655 1510 703 1586 qui
725 1525 874 1585 sumpsere
891 1524 976 1567 cursu
996 1506 1025 1567 id
1046 1507 1163 1583 digere

130 1602 204 1654 rant.
241 1610 293 1653 cor
313 1595 342 1652 iu
363 1593 430 1653 cibo
453 1600 595 1669 sumptum
616 1594 762 1669 quartanis
782 1590 927 1666 medetur,
953 1589 1035 1668 adips
1061 1608 1127 1651 cum

130 1695 256 1738 rosaceo
277 1677 428 1736 cotidianis
448 1674 588 1735 febribus.
630 1684 787 1755 perunctos
810 1691 846 1735 eo
871 1673 983 1735 bestiae
1004 1674 1127 1752 lugiunt,

133 1764 272 1821 resistere
290 1762 374 1821 etiam
389 1759 497 1819 insidiis
513 1758 635 1818 ridetur.

89 1855 122 1910 91
188 1844 273 1922 (26.)
297 1843 407 1903 Cameli
437 1841 589 1903 cerebrum
609 1841 765 1903 arefactum
790 1838 947 1918 potumque
975 1856 1013 1899 ex
1041 1849 1128 1901 aceto

132 1921 324 1987 comitialibus
339 1926 448 1986 morbis
461 1927 539 1985 aiunt
553 1924 678 2001 mederi,
695 1927 762 1985 item
776 1923 818 1984 iel
834 1941 897 1983 cum
910 1922 997 1982 melle
1014 1932 1125 2002 potum,
1135 1939 1163 1981 ao

131 2010 190 2069 hoc
215 2018 245 2068 et
265 2011 398 2085 anginae.
429 2008 519 2068 cauda
545 2007 673 2069 arelacta
699 2008 775 2069 solvi
802 2008 912 2083 alvom,
943 2006 1000 2065 limi
1025 2009 1128 2069 cinere

132 2093 254 2169 crispari
270 2092 406 2169 capillum
428 2109 491 2150 carn
513 2090 593 2149 oleo.
636 2100 666 2151 et
686 2092 870 2165 dysintericis
890 2090 1014 2169 prodeat
1027 2090 1127 2151 inlitus

133 2176 206 2236 ciuis
222 2183 365 2252 potusque
380 2182 514 2251 quautam
529 2173 621 2232 tribus
638 2174 735 2250 digitis
760 2175 904 2252 capiatur,
925 2181 953 2233 et
977 2174 1126 2234 comitiali·

132 2257 186 2317 bus
200 2256 321 2317 morbis.
346 2259 456 2315 urinam
470 2255 628 2315 fullonibus
643 2257 820 2317 utilissimam
836 2275 902 2317 esse
918 2257 1031 2317 tradunt
1042 2257 1125 2317 itam·

133 2358 190 2418 que
204 2339 352 2400 ulceribus
367 2338 560 2417 manantibus,
581 2338 722 2400 barbaros
737 2358 857 2401 servare
883 2356 944 2399 eam
965 2340 1123 2418 quinqueu—
1134 2356 1163 2397 as

131 2424 180 2483 uio
196 2432 226 2484 et
241 2423 363 2483 beminis
380 2431 468 2501 potae
485 2424 564 2482 ciere
579 2423 685 2483 alvom.
715 2431 811 2483 saetas
833 2442 850 2483 e
871 2423 960 2483 cauda
976 2431 1126 2483 contortas

133 2515 163 2567 et
178 2508 294 2566 sinistro
309 2504 447 2566 braccbio
464 2505 604 2582 adligatus
623 2508 768 2584 quartanis
783 2507 902 2566 mederi.

85 2600 125 2654 '92
192 2589 277 2668 (27.)
298 2589 445 2663 Hpaonam
459 2589 539 2665 Magi
553 2608 591 2648 ex
611 2588 741 2649 omnibus
758 2588 925 2649 animalibus
946 2590 975 2648 in
994 2606 1127 2651 maxuma

133 2672 318 2733 admiratione
334 2681 508 2750 posuerunt,
530 2681 630 2751 utpote
647 2674 692 2731 cui
713 2682 742 2733 et
763 2673 820 2751 ipsi
836 2674 963 2750 magicas
981 2682 1058 2733 artes
1074 2673 1126 2734 de·

132 2758 226 2817 derint
246 2756 361 2834 vimque
382 2772 438 2833 qua
459 2755 575 2816 adliciat
596 2754 632 2816 ad
653 2774 686 2816 se
705 2756 836 2817 homiues
857 2766 952 2816 mente
972 2756 1164 2817 alienatos.ao

100 2858 119 2900 s,
132 2839 212 2899 rosde
226 2840 436 2917 permutatione
451 2855 540 2898 saxna
550 2856 651 2899 annua
671 2840 736 2899 vice
752 2839 889 2916 diximus,
911 2847 1066 2917 ceteraque
1086 2839 1126 2899 de

132 2924 308 2982 monstrifica
322 2930 422 2981 natura
438 2922 518 2999 eius,
540 2939 617 2982 nunc
630 2940 839 3002 persequemur
853 2939 1051 3001 quaecumque
1063 2940 1125 2983 me·

89 3015 125 3069 93
135 3004 238 3065 diciuis
251 3005 418 3083 produntur.
449 3005 607 3083 praecipue
621 3006 770 3084 pantheris
785 3006 891 3067 terrori
911 3024 978 3065 esse
993 3005 1124 3081 traditur,

131 3095 163 3147 ut
176 3106 213 3147 ne
228 3098 368 3149 conentur
382 3088 495 3166 quidem
509 3091 665 3163 resistcre,
687 3098 717 3149 et
737 3088 845 3165 aliquid
862 3106 879 3147 c
900 3090 981 3148 corio
996 3088 1058 3147 eius
1074 3088 1125 3151 ba·

131 3169 246 3229 beatem
261 3189 320 3230 non
332 3171 440 3249 adpeti,
455 3164 613 3249 mirumque
628 3171 719 3250 dictu,
740 3172 764 3231 si
779 3172 874 3249 pelles
889 3172 1039 3248 utriusque
1053 3188 1124 3233 cou—
1134 3188 1164 3230 ss

132 3252 236 3313 trasiae
251 3254 478 3332 suspendantur,
495 3254 632 3315 decidere
646 3255 722 3331 pilos
735 3254 904 3333 pantherae.
934 3270 998 3312 cum
1015 3253 1127 3332 fugiant

132 3344 294 3412 venantem,
310 3337 455 3399 declinare
471 3338 507 3398 ad
517 3339 666 3398 dexteram
677 3347 706 3398 ut
720 3338 889 3417 praegressi
900 3336 1023 3397 hominis
1035 3339 1143 3397 vesti.

133 3418 181 3497 gia
198 3429 353 3500 occupent.
384 3422 500 3501 quodsi
522 3422 714 3497 successerit,
734 3420 854 3482 alienari
875 3428 999 3481 moutam
1019 3437 1056 3481 ac
1074 3420 1124 3481 vel
