2484 3817
159 190 224 253 268
476 264 482 271 ,
506 202 646 249 c.1>1.1rr1
662 200 808 251 sucorum

158 352 245 418 Vtut
261 354 375 415 milibus
389 372 468 433 pass.
482 352 639 414 fornicibus
655 356 770 413 structis
787 352 935 431 perducta.
967 351 1074 429 primus
1088 370 1152 411 eam

160 440 190 499 iu
207 439 307 499 urbem
322 438 430 498 ducere
450 439 615 515 auspicatus
637 446 682 497 est
699 436 798 497 Aucus
812 436 937 497 Marcius
951 453 1023 494 uuus
1041 453 1057 494 e
1073 436 1152 513 regi·

160 522 232 597 bus,
248 532 351 602 postea
368 522 404 595 Q.
419 520 543 582 Marcius
555 520 620 581 Rex
637 522 665 580 in
676 528 831 600 praetura,
857 536 1013 597 rursusque
1028 520 1153 579 restituit

159 605 240 666 bid
278 606 286 664 i
330 624 355 665 a.

116 698 152 752 db
227 624 413 767 (glrllpldem
429 697 458 748 et
472 686 619 763 Virginem
638 684 754 747 adduxit
774 685 809 745 ab
828 685 923 745 octavi
937 685 1042 762 lapidis
1058 685 1179 747 diver-s

159 773 248 832 ticulo
261 773 317 831 duo
333 771 410 830 milia
426 788 505 848 pass.
528 769 713 831 Praenestina
724 769 780 828 via.
808 770 886 829 iuxta
897 776 942 826 est
952 767 1153 829 Herculaneus

158 857 249 931 rivos,
262 873 347 932 quern
358 854 506 930 refugiens
512 852 639 930 Virginis
652 869 755 913 nomeu
768 852 897 929 optinuit.
918 851 1019 911 horum
1031 852 1153 911 amnium

159 940 367 1016 conparatione
396 936 554 996 differentia
588 953 674 1013 supra
704 935 779 995 diota
812 934 1050 1011 deprehenditur,
1089 952 1154 994 cum

160 1031 293 1100 quantum
304 1022 397 1097 Virgo
411 1028 488 1079 tactu
500 1028 638 1097 praestat,
653 1027 758 1078 tautum
774 1026 902 1095 praestet
915 1017 1022 1077 Marcia
1038 1017 1152 1096 haustu,

158 1122 327 1183 quamquam
349 1104 495 1179 utriusque
512 1103 567 1161 iam
585 1102 695 1181 pridem
711 1101 773 1160 urbi
790 1102 875 1179 periit
888 1101 1038 1177 voluptas,
1064 1100 1191 1167 ambi-10

157 1189 238 1247 tiuue
254 1187 430 1262 avaritiaque
443 1186 472 1243 iu
487 1185 571 1247 villas
585 1204 619 1245 ac
631 1185 791 1245 suburbana
808 1182 1043 1261 detorquentibus
1060 1184 1152 1260 publi-

160 1288 222 1330 oam
242 1270 371 1329 salutem.

115 1364 152 1419 43
225 1352 309 1429 (26.)
332 1351 399 1410 Nou
413 1351 448 1412 ab
464 1369 497 1410 re
517 1351 555 1409 sit
571 1348 726 1428 quaerendi
751 1368 839 1427 aquas
859 1350 984 1409 iunxisse
1002 1349 1152 1409 rationem.
1202 1382 1204 1384 ·

158 1435 353 1513 Reperiuutur
367 1437 396 1493 in
410 1433 590 1494 convallibus
604 1450 751 1507 maxume,
776 1442 804 1492 et
819 1434 941 1511 quodam
962 1435 1153 1493 convexitatis

160 1517 276 1577 cardine
293 1527 341 1577 aut
355 1520 490 1578 montium
505 1516 659 1578 radicibus.
692 1515 772 1574 multi
788 1515 1030 1594 septentrionales
1045 1516 1151 1594 ubique
1162 1539 1190 1580 15

159 1601 249 1680 partis
270 1618 395 1680 aquosas
421 1602 640 1677 existimavere,
663 1600 767 1676 quain
791 1618 823 1658 re
847 1602 1014 1660 varietatem
1033 1609 1152 1661 naturae

107 1682 110 1685 ’
159 1685 309 1762 aperuisse
330 1684 493 1743 conveniat.
520 1682 552 1742 lu
568 1682 710 1757 Hvrcauia
730 1682 871 1743 montibus
893 1700 909 1742 a
929 1683 1087 1742 meridiano
1109 1683 1151 1743 la-

42 1781 47 1789 ·
159 1776 221 1826 tere
236 1784 294 1825 non
309 1767 394 1845 pluit,
419 1766 486 1827 ideo
502 1766 633 1842 silvigeri
647 1764 683 1825 ab
698 1766 840 1844 aquilonis
857 1774 963 1824 tanturn
979 1774 1061 1842 parte
1075 1775 1149 1825 suut.

150 1860 188 1929 ¹at
201 1850 353 1928 Olympus,
369 1849 459 1926 Ossa,
470 1849 629 1924 Parnasus,
645 1849 848 1927 Appenninus,
859 1848 952 1927 Alpes
964 1847 1087 1926 undique
1101 1868 1150 1907 ve-

158 1936 278 1993 stiuntur
296 1933 481 2009 amnibusque
494 1932 715 2010 perfunduntur,
736 1932 822 2011 aliqui
843 1932 878 1991 ab
894 1940 1006 2007 austro,
1030 1932 1103 1992 sicut
1121 1934 1188 1991 iuro

158 2015 247 2076 Creta
261 2013 329 2074 Albi
344 2024 467 2074 montes.
495 2014 565 2075 nihil
582 2033 655 2091 ergo
673 2016 701 2073 iu
723 2016 768 2077 his
788 2024 946 2094 perpetuae
971 2014 1148 2075 observatio·

158 2101 203 2158 nis
216 2097 397 2157 iudicabitur.

11 2245 21 2262 ‚
116 2193 151 2246 44
225 2178 307 2257 (27.)
328 2180 474 2259 Aquarum
488 2187 553 2240 suut
567 2188 653 2239 notae
667 2180 767 2239 iuncus
783 2188 830 2240 aut
850 2179 976 2239 harundo
991 2189 1039 2239 aut
1058 2179 1149 2239 herba

115 2283 148 2326 ao,
159 2282 181 2318 ao
202 2263 238 2322 de
254 2280 307 2340 qua
323 2264 425 2323 dictum
442 2272 487 2323 est
501 2263 675 2340 multumque
690 2263 775 2323 alicui
791 2263 859 2322 loco
876 2273 995 2341 pectore
1011 2263 1148 2323 incubans

157 2365 237 2406 rana.
267 2346 341 2405 salix
355 2349 429 2407 euim
452 2348 573 2406 erratica
588 2355 618 2405 et
637 2346 718 2405 alnus
735 2355 782 2405 aut
796 2348 875 2405 vitex
890 2356 938 2405 aut
956 2346 1082 2406 harundo
1102 2356 1186 2406 actus

158 2429 267 2490 hedera
284 2439 388 2507 sponte
408 2431 579 2509 proveniunt
601 2438 630 2488 et
650 2430 847 2489 conrivatione
870 2447 960 2508 aquae
986 2430 1100 2507 pluviae
1120 2432 1149 2489 in

158 2514 253 2573 locum
274 2513 452 2573 humiliorem
472 2513 703 2590 esuperioribus
725 2510 875 2572 detinentis
900 2514 1018 2589 augurio
1039 2513 1148 2589 fallaci,

158 2598 285 2657 certiore
304 2596 446 2657 nebulosa
462 2596 644 2656 exhalatione
667 2604 733 2656 aute
756 2604 847 2655 ortum
873 2595 945 2655 solis
970 2596 1083 2673 longius
1106 2597 1148 2655 in·

157 2680 316 2759 tuentibus,
331 2681 408 2759 quod
424 2680 536 2757 quidam
551 2697 588 2738 ex
602 2679 681 2740 edito
698 2680 882 2756 speculantur
895 2680 981 2757 proni
991 2688 1096 2739 terram
1109 2689 1148 2739 at·
1220 2697 1225 2704 ·

116 2766 289 2839 attingente
309 2774 415 2825 mento.
454 2772 499 2823 est
520 2772 550 2823 et
570 2762 724 2842 peculiaris
744 2763 903 2821 aestimatio
919 2764 1018 2841 peritis
1042 2770 1186 2821 tantumao

158 2856 243 2922 nota,
261 2864 343 2925 quam
354 2846 565 2907 ferventissimo
578 2854 658 2905 aestu
676 2854 809 2904 secuntur
824 2845 937 2924 dieique
951 2845 1030 2904 horis
1046 2845 1148 2904 ardeu-

137 2942 138 2945 ’
158 2930 292 3006 tissimis,
314 2930 405 3005 qualis
423 2948 460 2988 ex
475 2947 590 3008 quoque
606 2929 673 2988 loco
688 2945 879 3006 repercussus
895 2927 1055 3006 splendeat.
1084 2947 1149 2988 uam

159 3012 184 3071 si
199 3020 278 3071 terra
294 3013 408 3072 sitiente
423 3013 544 3072 umidior
560 3020 605 3071 est
617 3010 685 3085 ille,
706 3010 861 3071 indubitata
878 3029 947 3089 spes
966 3012 1148 3090 promittitur.

115 3102 152 3159 46
163 3094 215 3153 sed
230 3102 307 3154 tauta
320 3096 468 3155 oculorum
480 3095 636 3154 intentione
655 3111 729 3172 opus
745 3103 835 3154 estut
853 3094 1049 3169 indolescant,
1071 3094 1148 3171 quod

156 3176 303 3251 fugientes
318 3178 353 3238 ad
369 3178 424 3238 alia
439 3179 635 3256 experimenta
650 3177 819 3253 decurrunt,
841 3177 908 3237 loeo
926 3178 954 3236 iu
971 3177 1185 3237 altitudinemas

158 3258 262 3337 padum
278 3263 401 3339 quinque
414 3262 534 3322 defosso
553 3259 678 3336 ollisque
703 3259 840 3336 e·liglino
865 3278 954 3339 opere
982 3260 1076 3321 crudis
1098 3268 1148 3319 aut

158 3353 298 3419 peruncta
309 3344 389 3422 pelvi
405 3362 491 3405 aerea
507 3351 649 3420 cooperto
664 3344 839 3421 lucernaque
854 3343 971 3403 ardente
995 3360 1146 3404 concama-

156 3434 218 3485 rata
231 3426 396 3502 frondibus,
412 3428 479 3487 dein
492 3436 585 3501 terra,
602 3426 627 3484 si
641 3426 769 3502 figlinum
779 3426 900 3487 umidum
915 3434 1080 3505 ruptumve,
1095 3433 1146 3485 aut
