2484 3817
330 222 409 270 usn.
425 219 514 272 meu.
530 223 613 271 xxv.
628 220 656 269 e
670 217 698 269 e.
716 213 870 290 (ra-ro.)
1055 216 1098 278 rt

99 375 218 437 leminis
235 370 412 451 candidiore,
430 373 514 434 radix
528 391 719 454 supervacue,
733 381 912 455 praetende.
940 389 1100 440 namtas

100 462 130 519 in
147 455 360 536 cunpestrtbus
382 457 476 518 cultis.
508 460 611 518 unium
631 467 679 518 ent
699 461 776 537 qnod
794 461 975 539 denuoque
994 479 1098 524 eoru

101 559 214 620 genere
237 541 386 619 proditur:
409 549 441 600 ut
460 557 554 603 mares
574 544 731 618 gignantur
743 543 820 602 hunc
833 544 946 619 iacere,
968 554 1000 606 ut
1013 547 1098 607 lerni-

101 643 154 684 nae
170 625 257 685 illam.
292 623 350 682 hoe
369 627 553 699 contingere,
576 626 601 683 si
622 643 640 683 a
658 633 803 704 conceptu
822 630 955 704 protinus
978 627 1099 688 bibatur

81 721 186 767 ssueus
202 709 231 765 in
247 723 335 784 passo
352 707 510 766 edanturve
525 705 596 765 lolia
610 707 733 768 decocta
753 726 792 768 ex
809 709 879 768 oleo
899 717 931 770 et
949 711 1024 786 sale,
1045 710 1096 770 rel

101 791 188 850 cruda
212 807 252 848 ex
269 798 362 848 aceto¹
396 788 507 866 quidam
527 789 670 849 decocunt
692 808 757 850 earn
775 793 806 849 in
827 807 906 850 noro
927 793 1008 854 liotlli
1030 810 1097 853 cunr

100 873 283 950 heliotropio
301 880 332 932 et
351 872 462 932 duabm
483 880 532 930 aut
553 873 645 931 tribus
668 876 769 950 spicis,
790 873 886 934 donec
906 884 1095 952 excoquatur.

99 957 254 1015 decoctum
272 954 333 1014 dari
356 953 457 1014 iubent
479 962 510 1013 et
532 954 652 1014 herbam
675 958 766 1033 ipsam
785 960 814 1015 in
835 957 903 1016 cibo
926 957 1022 1018 altero
1042 958 1140 1022 dieto

100 1039 284 1118 purgationis
308 1037 475 1097 mulieribus
500 1055 555 1116 per
582 1037 720 1113 triduum,
743 1048 847 1116 quarto
867 1040 917 1100 die
939 1058 957 1099 a
976 1040 1096 1104 balineo

71 1143 93 1182 ro
102 1125 185 1181 coire
204 1139 264 1180 eas.
287 1119 480 1198 lbppocretes
494 1123 572 1179 miris
588 1121 719 1180 laudibus
733 1124 763 1182 in
777 1122 929 1182 mulierum
943 1143 998 1184 usu
1011 1143 1098 1202 prae·

98 1204 207 1264 dicarit
223 1203 283 1262 has.
306 1202 341 1262 ad
356 1203 430 1264 huno
444 1203 556 1262 modurn
571 1203 747 1264 medicorum
761 1223 847 1264 uerno
863 1209 952 1266 norit.
973 1206 1026 1267 ille
1041 1225 1095 1268 eas

98 1288 205 1347 volvae
221 1305 285 1345 curn
299 1285 386 1346 melle
401 1286 449 1345 rel
472 1303 595 1346 rosaceo
617 1287 667 1346 vel
687 1289 763 1347 irino
786 1288 834 1348 rel
850 1289 933 1349 lilino
955 1291 1095 1365 admovit,

98 1374 168 1430 item
189 1370 225 1428 ad
246 1370 367 1429 ciendos
388 1387 503 1428 menses
525 1370 733 1446 secundasque.
768 1371 825 1430 boc
844 1370 920 1432 idem
942 1382 1096 1451 praestare

99 1462 171 1530 potu
185 1454 310 1529 fotuque
325 1452 405 1511 dixit.
436 1452 586 1512 instillavit
607 1454 724 1511 auribus
741 1453 826 1512 olidis
841 1473 951 1531 sucum,
969 1457 1096 1515 inunxit·

68 1555 156 1614 reque
175 1554 241 1595 oum
259 1538 327 1594 rino
343 1544 453 1594 vetere.
485 1535 552 1594 alvo
567 1536 638 1594 iolla
656 1537 795 1613 inposuit,
818 1537 981 1615 epiphoris,
999 1547 1137 1603 strar-41

98 1621 202 1695 gnriae
228 1625 260 1677 et
273 1620 390 1677 vesicis.
426 1617 575 1678 decoctum
596 1620 661 1678 eius
683 1618 764 1678 dedit
783 1637 848 1678 oum
861 1637 957 1680 murra
974 1628 1006 1680 et
1018 1628 1093 1680 ture.

98 1703 166 1760 alvo
181 1701 299 1778 quidem
314 1699 470 1760 solvendae
486 1701 534 1760 rel
556 1703 585 1759 in
608 1702 685 1761 lebri
700 1701 873 1777 decoquitur
888 1710 1023 1778 quantum
1037 1720 1096 1762 na·

99 1803 154 1843 uns
171 1786 268 1861 capiat
282 1785 311 1842 in
323 1783 434 1842 duobus
449 1786 584 1843 sextariis
599 1783 741 1859 aquaead
755 1782 898 1856 dimidias,
910 1783 1020 1842 bibitur
1030 1785 1095 1844 sele

102 1876 135 1926 et
148 1867 237 1926 mello
256 1867 392 1942 admixto,
416 1883 470 1926 neo
489 1883 547 1926 non
568 1883 631 1926 oum
651 1864 757 1942 ungula
781 1866 841 1924 suis
860 1873 908 1924 aut
929 1865 1094 1944 gallinaceo

65 1949 229 2007 aodeeoota
251 1949 402 2008 salubrius.
438 1951 618 2026 purgationis
638 1966 725 2007 eausa
738 1948 1096 2026 putarerealiquiutram·

105 2049 164 2108 que
182 2031 294 2090 dandam
319 2035 383 2090 sire
403 2049 465 2091 oum
487 2032 579 2091 malva
597 2032 757 2092 decoctum.
782 2031 943 2090 thoracem
957 2040 1094 2109 purgant,

105 2115 194 2174 bilem
207 2114 369 2190 detrahunt,
384 2115 436 2174 sed
446 2114 622 2174 stomachum
638 2114 762 2174 laedunt.
784 2114 916 2191 reliquos
930 2131 1000 2173 usus
1016 2114 1092 2173 dice

102 2215 165 2256 nnus
180 2201 241 2256 sois
259 2197 340 2258 loeis.
1050 2215 1138 2256 sunu

165 2281 250 2359 (19.)
269 2280 383 2340 Invenit
399 2290 429 2340 et
443 2281 573 2340 Achilles
589 2281 746 2358 discipulus
762 2279 897 2342 Chironis
913 2298 969 2359 qua
989 2283 1138 2344 voire-42

72 2364 185 2422 acribus
200 2363 378 2439 mederetur,
395 2381 468 2441 quoe
485 2365 522 2424 oh
537 2365 566 2423 id
582 2365 732 2423 Achilleos
748 2373 876 2424 vocatur.
901 2365 956 2425 bac
973 2383 1095 2426 sanam

106 2445 266 2523 Telephum
288 2445 398 2505 dicitur.
428 2446 475 2506 elii
490 2449 610 2525 primurn
626 2449 793 2523 aeruginem
808 2448 957 2507 iuvenisse
975 2448 1094 2506 utilissi-

106 2547 175 2587 mam
191 2529 368 2606 emplastris,
383 2529 510 2607 ideoque
523 2532 649 2608 pingitur
660 2539 691 2590 et
703 2548 721 2588 a
735 2530 856 2608 cuspide
867 2531 1017 2590 decutiens
1032 2529 1095 2604 gla-

106 2611 152 2670 dio
172 2614 201 2670 in
217 2612 322 2670 volnus
341 2611 471 2689 Telephi.
505 2613 553 2672 elii
573 2621 695 2689 utroque
718 2631 799 2671 usum
816 2614 1025 2675 medicamento
1036 2617 1095 2669 ho·

106 2693 173 2753 lunt.
205 2694 295 2771 aliqui
317 2703 348 2753 et
369 2695 441 2754 banc
462 2713 598 2773 panacem
618 2695 804 2771 llernclearu,
826 2696 875 2755 alii
896 2695 1040 2755 sideritim
1061 2701 1095 2752 et

67 2777 177 2853 eoepud
193 2792 248 2835 nos
261 2775 439 2836 milleiolium
455 2787 570 2852 recent,
585 2777 703 2837 cubitali
719 2795 818 2856 scapo,
834 2794 985 2849 morosam,
1001 2777 1093 2833 miuu-

105 2859 228 2918 tiorlbus
252 2877 336 2938 quam
358 2861 474 2919 feniculi
497 2861 576 2921 loliis
598 2862 733 2920 vestitam
746 2861 784 2920 ab
799 2864 865 2921 imo.
897 2858 1138 2921 sinisteriores

105 2940 219 3018 quidem
237 2942 315 3000 illam
336 2943 504 3002 robreribus
524 2942 641 3017 utilem,
662 2943 715 3003 sed
733 2961 832 3003 rernm
846 2940 1002 3001 Achilleon
1023 2957 1094 3002 esse

106 3021 1095 3184 :otesollitudine„orationessunt

66 3187 174 3247 astulis
194 3189 340 3265 marrubi,
360 3191 437 3250 loliis
461 3209 595 3268 quereus,
610 3225 653 3236 -
667 3191 739 3249 hano
760 3192 846 3249 etiarn
860 3188 1011 3263 praecisos
1026 3204 1094 3246 nen

107 3288 161 3330 ror
176 3272 322 3349 glutinare
343 3273 466 3349 iaciunt,
479 3307 522 3320 -
536 3274 584 3334 elii
605 3272 748 3332 sideritim
769 3274 799 3330 in
817 3271 951 3329 maceriis
972 3285 1095 3329 omoeo-

108 3361 177 3429 tem,
194 3373 256 3414 cunr
272 3363 394 3430 teratur,
408 3357 487 3415 tondi
504 3355 610 3416 odoris.
628 3357 781 3413 etiamnum
793 3352 877 3412 aliem
887 3351 1010 3410 similem
1023 3349 1137 3411 hariolo

108 3436 162 3495 sed
176 3438 390 3498 candidioribus
405 3438 483 3496 lollio
499 3447 529 3496 et
546 3437 758 3515 pinguioribus,
776 3435 954 3494 teneriorem
968 3430 1093 3494 eaul'w
