2484 3817
336 192 415 240 rtur.
431 191 523 240 nior.
539 193 650 240 xrnn.
667 189 709 240 11.
728 183 882 259 (ts-cr.)
1057 186 1095 248 tl

97 348 187 406 ramis
202 345 381 420 minoribus,
400 361 504 406 nomen
516 347 630 424 accepit
648 347 757 424 quoda
772 365 844 408 eane
856 366 971 410 morsos
988 350 1100 410 ralsiem

99 431 213 490 sentire
239 446 297 489 non
320 430 427 505 patitur
449 447 487 488 err
507 438 593 490 aceto
617 438 704 508 potus
725 430 963 510 adalligatnsque.
998 435 1100 492 mirum

99 521 146 572 est
176 511 257 589 quod
287 511 415 586 additur,
447 514 556 572 saniem
585 522 747 590 conspecto
776 517 891 573 omnino
922 516 1030 576 frutice
1060 535 1098 578 ee

81 597 212 654 siccari.

77 701 90 740 s
164 677 249 756 (58.)
288 676 498 754 Tinguentibus
525 687 555 738 et
580 679 705 740 radicula
726 681 806 739 lanas
835 691 989 759 praeparat
1014 695 1141 760 quomod

100 761 248 820 struthion
266 779 283 820 a
298 759 417 820 Graccis
434 765 533 821 vocari
548 763 678 822 diximus.
697 764 831 822 medetur
849 765 952 824 morbo
969 768 1054 842 regio
1075 786 1103 825 u.
1115 784 1141 820 o

100 853 130 905 et
146 847 212 922 ipsa
230 844 355 904 decocto
374 847 437 904 eius
450 853 539 922 poto,
554 848 624 905 itern
638 849 770 923 pectoris
782 849 871 905 vitiis.
902 850 1012 906 urinam
1028 851 1098 926 ciet,

99 927 196 988 alvom
211 927 304 986 solvit
318 935 349 986 et
363 927 464 987 volvas
480 938 600 1006 purgat,
622 930 810 1006 quamobrem
829 949 948 990 aureum
961 934 1099 1007 poterion

98 1011 203 1070 medici
222 1019 337 1068 vocant.
369 1027 403 1070 ea
426 1019 509 1070 etex
526 1011 613 1072 melle
630 1013 753 1090 prodest
769 1014 922 1090 magnifice
936 1013 972 1074 ad
987 1017 1099 1091 tussim,

68 1111 91 1153 so
102 1095 310 1170 orthopnoeae
324 1093 466 1153 coclearis
482 1111 635 1170 mensura,
653 1113 716 1154 cum
732 1097 850 1174 polenta
870 1113 944 1156 vero
969 1104 1000 1156 et
1013 1106 1099 1158 aceto

98 1179 199 1255 lepras
215 1175 301 1235 tollit.
333 1177 433 1236 eadem
451 1195 513 1236 curn
528 1196 637 1255 panace
653 1187 684 1238 et
701 1181 834 1256 capparis
849 1180 947 1239 radice
967 1179 1140 1245 calculosi?

97 1261 207 1337 trangit
223 1259 378 1337 pellitque,
395 1275 484 1336 panos
499 1261 616 1320 discutit
628 1279 692 1322 cum
706 1263 798 1322 iarios
809 1263 972 1324 hordeacea
987 1272 1018 1324 et
1028 1266 1098 1324 vino

97 1347 230 1404 decocta.
264 1344 402 1402 miscetur
421 1351 451 1402 ct
465 1344 641 1422 malagmatis
654 1354 684 1405 et
700 1346 831 1421 collyriis
846 1347 988 1406 claritatis
999 1365 1098 1424 cause,

99 1433 334 1486 sternutamento
356 1427 435 1486 utilis
452 1430 529 1487 inter
555 1445 662 1506 pauca,
683 1429 752 1490 lieni
773 1447 890 1507 quoqne
910 1447 945 1490 ao
963 1433 1096 1492 iocineri

68 1527 89 1568 ιε)
99 1512 202 1570 eadem
214 1518 286 1588 pota
303 1509 401 1568 denari
413 1513 496 1569 unius
514 1513 646 1589 pontiore
666 1531 705 1572 ex
728 1530 801 1589 aqua
811 1513 902 1572 mulsa
917 1514 1096 1591 suspiriosos

98 1602 188 1654 sanat.
225 1594 270 1652 sio
284 1600 315 1652 et
331 1592 502 1670 pleuriticos
518 1603 547 1653 et
560 1597 653 1654 ornnis
675 1596 777 1656 lateris
797 1595 926 1655 dolores.
963 1594 1097 1672 Apocyni

98 1695 200 1737 semen
212 1694 253 1736 ex
263 1676 500 1752 aqua—frutex
512 1677 642 1737 estfolio
654 1678 793 1752 hederae,
800 1677 937 1736 molliore
948 1685 1053 1753 amen,
1065 1688 1096 1738 st
1105 1689 1140 1744 98

96 1763 192 1819 minus
225 1758 323 1835 longis
348 1759 491 1836 viticulis,
517 1762 628 1820 semine
643 1769 748 1836 acuto,
778 1761 891 1835 diviso,
913 1759 1098 1836 lanuginoso,

8 1909 9 1912 Ἴ
99 1844 184 1918 gravi
201 1841 304 1919 odore,
318 1873 362 1888 -
377 1859 463 1902 canes
479 1850 510 1902 et
533 1845 626 1902 omnis
658 1839 853 1920 quadripedes
878 1849 963 1905 uocat
984 1844 1014 1900 in
1030 1842 1098 1902 cibo

64 1925 209 1984 nodatum.

165 2007 247 2084 (59.)
280 2005 617 2067 *trosmsrinumest
650 2008 707 2068 duo
732 2025 843 2084 genera
863 2009 943 2067 eius:
974 2008 1140 2076 alterumoo

101 2090 224 2166 sterile,
240 2090 360 2150 alterurn
371 2092 417 2150 cui
433 2099 464 2150 et
478 2090 567 2150 caulis
583 2103 614 2150 et
628 2111 729 2152 semen
743 2093 934 2166 resinaoeum,
955 2091 1033 2170 quod
1052 2111 1097 2153 ca·

102 2175 188 2250 clrrps
197 2182 325 2233 vocatur.
345 2173 425 2232 iuliis
437 2175 511 2234 odor
525 2176 605 2234 turis.
623 2175 705 2234 radix
715 2175 926 2234 volnerasanat
938 2174 1039 2234 viridis
1054 2178 1097 2235 in·

104 2261 200 2334 posita
219 2265 250 2316 et
268 2256 347 2316 sedis
364 2257 555 2333 procidentia,
565 2259 777 2334 condylomata,
790 2257 1038 2335 haemorrhoidas,
1052 2279 1098 2320 su·

69 2353 96 2393 ss
107 2359 151 2400 cus
170 2349 202 2400 et
224 2341 337 2399 fruticis
360 2348 390 2399 et
412 2340 517 2400 radicis
532 2340 662 2401 morbum
682 2343 794 2418 regium
810 2348 840 2400 et
854 2359 890 2400 ea
907 2358 981 2418 quae
996 2360 1098 2419 repar·

105 2424 194 2499 gunda
207 2431 283 2482 sunt.
316 2423 465 2484 oculorum
479 2424 570 2482 aciem
585 2426 707 2484 exacuit.
740 2442 840 2483 semen
854 2424 889 2483 ad
910 2433 1013 2483 vetera
1025 2442 1076 2500 pe·
1088 2436 1140 2488 1⁰0

104 2510 193 2566 ctoris
224 2508 296 2565 vitia
326 2506 409 2566 datur
433 2508 514 2583 potui
541 2514 570 2565 et
592 2507 744 2567 advolvas
763 2525 826 2566 curu
845 2509 961 2566 vincet
979 2507 1095 2582 pipere,

104 2606 218 2650 menses
237 2589 364 2665 adiuvat,
379 2588 516 2666 podagris
533 2589 662 2650 inlinitur
679 2609 742 2650 cum
756 2591 854 2649 aerina
868 2591 977 2664 farina,
991 2596 1096 2665 purgat

103 2675 189 2732 etiarn
199 2673 358 2748 lentigines
379 2681 409 2732 et
437 2687 510 2748 quae
534 2673 747 2732 excalfacienda
771 2676 845 2749 siut,
866 2681 913 2732 aut
930 2689 993 2730 cum
1008 2669 1096 2730 sudor

64 2769 92 2812 so
102 2755 304 2832 quaerendus,
320 2755 441 2830 inlitmn,
455 2758 525 2814 item
541 2755 698 2816 convolsis.
730 2765 818 2832 auget
832 2765 863 2814 et
883 2757 958 2814 lacte
975 2756 1004 2812 in
1026 2754 1095 2812 vino

101 2847 220 2915 potum,
237 2841 308 2896 item
321 2839 410 2898 radix.
442 2840 505 2917 ipsa
521 2838 611 2898 herba
629 2839 745 2899 strumis
763 2857 825 2898 cum
846 2847 931 2898 aceto
954 2835 1095 2912 inlinitur,

100 2920 138 2980 ad
152 2923 255 2980 tussim
266 2938 329 2979 curn
343 2920 430 2980 melle
450 2921 577 2999 prodest.
644 2974 646 2977 .

165 3005 248 3082 (60.)
279 3001 407 3079 Gachrys
419 3003 505 3063 multa
517 3021 627 3081 genera
638 3003 736 3078 habet,
751 3012 782 3062 ut
793 3004 924 3062 diximus.
939 3000 992 3060 sed
1002 2999 1076 3060 haec
1086 3013 1134 3064 101

100 3103 224 3163 quaeest
239 3103 311 3146 rore
327 3105 412 3164 supra
430 3087 506 3146 dicto
521 3089 659 3162 nascitur,
674 3089 698 3144 si
709 3088 841 3160 fricetur,
854 3085 987 3143 resinosa
998 3092 1052 3144 est.
1072 3083 1138 3167 '24⁸⁰

63 3169 273 3237 „adversatur
286 3172 408 3228 venenis
434 3178 464 3230 et
479 3170 631 3229 venenatis
649 3177 850 3246 praeterquam
869 3165 1018 3241 anguibus.
1050 3185 1097 3226 su·

100 3251 192 3312 dores
205 3260 307 3314 movet
316 3294 326 3327 ,
345 3254 465 3311 tormina
481 3253 608 3328 discutit,
625 3251 707 3310 lactis
723 3252 885 3310 ubertatem
895 3249 971 3308 iacit.

166 3337 247 3415 (61.)
279 3334 378 3395 Herba
394 3335 499 3394 Sabina
515 3334 616 3410 brathy
631 3333 775 3410 appellata
791 3351 807 3390 a
822 3331 940 3392 Graecis
956 3332 1075 3390 duorum
1086 3340 1138 3394 10²

98 3437 243 3496 generum
270 3418 333 3496 est,
365 3418 457 3478 altera
477 3419 602 3478 tamarici
624 3415 697 3476 lolio
706 3414 818 3489 similis,
835 3415 937 3553 alteas*
945 3429 1096 3490 cupresso.
