<?xml version="1.0" encoding="UTF-8"?>
<!DOCTYPE html PUBLIC "-//W3C//DTD XHTML 1.0 Transitional//EN"
    "http://www.w3.org/TR/xhtml1/DTD/xhtml1-transitional.dtd">
<html xmlns="http://www.w3.org/1999/xhtml" xml:lang="en" lang="en">
 <head>
  <title>
</title>
<meta http-equiv="Content-Type" content="text/html;charset=utf-8" />
  <meta name='ocr-system' content='tesseract 3.04.00' />
  <meta name='ocr-capabilities' content='ocr_page ocr_carea ocr_par ocr_line ocrx_word'/>
</head>
<body>
  <div class='ocr_page' id='page_1' title='image "./cplinisecundina24plingoog_0318.png"; bbox 0 0 2484 3817; ppageno 0'>
   <div class='ocr_carea' id='block_1_1' title="bbox 152 201 815 266">
    <p class='ocr_par' dir='ltr' id='par_1_1' title="bbox 152 201 815 266">
     <span class='ocr_line' id='line_1_1' title="bbox 152 201 815 266; baseline -0.009 0"><span class='ocrx_word' id='word_1_1' title='bbox 152 201 215 266; x_wconf 67' lang='lat' dir='ltr'>Mt</span> <span class='ocrx_word' id='word_1_2' title='bbox 506 212 648 265; x_wconf 78' lang='lat' dir='ltr'>cenna</span> <span class='ocrx_word' id='word_1_3' title='bbox 665 212 815 261; x_wconf 77' lang='lat' dir='ltr'>saeuum</span> 
     </span>
    </p>
   </div>
   <div class='ocr_carea' id='block_1_2' title="bbox 111 362 1166 775">
    <p class='ocr_par' dir='ltr' id='par_1_2' title="bbox 111 362 1166 775">
     <span class='ocr_line' id='line_1_2' title="bbox 153 362 1139 445; baseline -0.006 -16"><span class='ocrx_word' id='word_1_4' title='bbox 153 384 226 429; x_wconf 79' lang='lat' dir='ltr'>sero</span> <span class='ocrx_word' id='word_1_5' title='bbox 240 369 330 429; x_wconf 74' lang='lat' dir='ltr'>turha</span> <span class='ocrx_word' id='word_1_6' title='bbox 347 383 386 427; x_wconf 83' lang='lat' dir='ltr'>ex</span> <span class='ocrx_word' id='word_1_7' title='bbox 399 366 518 427; x_wconf 61' lang='lat' dir='ltr'>oeulos</span> <span class='ocrx_word' id='word_1_8' title='bbox 529 366 624 427; x_wconf 76' lang='lat' dir='ltr'>maini</span> <span class='ocrx_word' id='word_1_9' title='bbox 639 366 816 445; x_wconf 79' lang='lat' dir='ltr'>capitis-siue</span> <span class='ocrx_word' id='word_1_10' title='bbox 828 378 915 425; x_wconf 82' lang='lat' dir='ltr'>carue</span> <span class='ocrx_word' id='word_1_11' title='bbox 930 362 1029 423; x_wconf 80' lang='lat' dir='ltr'>tunsis</span> <span class='ocrx_word' id='word_1_12' title='bbox 1051 362 1139 423; x_wconf 71' lang='lat' dir='ltr'>side</span> 
     </span>
     <span class='ocr_line' id='line_1_3' title="bbox 154 444 1141 528; baseline -0.004 -17"><span class='ocrx_word' id='word_1_13' title='bbox 154 451 231 511; x_wconf 83' lang='lat' dir='ltr'>sidat</span> <span class='ocrx_word' id='word_1_14' title='bbox 243 455 357 511; x_wconf 83' lang='lat' dir='ltr'>testium</span> <span class='ocrx_word' id='word_1_15' title='bbox 376 450 461 525; x_wconf 88' lang='lat' dir='ltr'>alter,</span> <span class='ocrx_word' id='word_1_16' title='bbox 480 466 608 528; x_wconf 82' lang='lat' dir='ltr'>sponsam</span> <span class='ocrx_word' id='word_1_17' title='bbox 626 448 794 509; x_wconf 75' lang='lat' dir='ltr'>coclearum</span> <span class='ocrx_word' id='word_1_18' title='bbox 807 447 915 507; x_wconf 83' lang='lat' dir='ltr'>inlitam</span> <span class='ocrx_word' id='word_1_19' title='bbox 930 444 1057 507; x_wconf 88' lang='lat' dir='ltr'>remedio</span> <span class='ocrx_word' id='word_1_20' title='bbox 1072 460 1141 507; x_wconf 72' lang='lat' dir='ltr'>estu</span> 
     </span>
     <span class='ocr_line' id='line_1_4' title="bbox 111 528 1151 599; baseline -0.01 0"><span class='ocrx_word' id='word_1_21' title='bbox 111 534 278 599; x_wconf 68' lang='lat' dir='ltr'>iutndunt.</span> <span class='ocrx_word' id='word_1_22' title='bbox 301 534 402 593; x_wconf 78' lang='lat' dir='ltr'>taetris</span> <span class='ocrx_word' id='word_1_23' title='bbox 415 532 455 591; x_wconf 87' lang='lat' dir='ltr'>ilri</span> <span class='ocrx_word' id='word_1_24' title='bbox 469 532 615 593; x_wconf 76' lang='lat' dir='ltr'>ulceribus</span> <span class='ocrx_word' id='word_1_25' title='bbox 631 530 851 592; x_wconf 65' lang='lat' dir='ltr'>emanantibus</span> <span class='ocrx_word' id='word_1_26' title='bbox 864 528 1034 589; x_wconf 77' lang='lat' dir='ltr'>auxiliantur</span> <span class='ocrx_word' id='word_1_27' title='bbox 1048 530 1151 589; x_wconf 77' lang='lat' dir='ltr'>cssnini¹</span> 
     </span>
     <span class='ocr_line' id='line_1_5' title="bbox 153 612 1143 695; baseline -0.004 -18"><span class='ocrx_word' id='word_1_28' title='bbox 153 618 258 695; x_wconf 76' lang='lat' dir='ltr'>eaput·</span> <span class='ocrx_word' id='word_1_29' title='bbox 275 625 410 677; x_wconf 77' lang='lat' dir='ltr'>sesemen</span> <span class='ocrx_word' id='word_1_30' title='bbox 425 617 555 689; x_wconf 85' lang='lat' dir='ltr'>cineres,</span> <span class='ocrx_word' id='word_1_31' title='bbox 577 614 697 675; x_wconf 84' lang='lat' dir='ltr'>cocleae</span> <span class='ocrx_word' id='word_1_32' title='bbox 717 632 825 693; x_wconf 82' lang='lat' dir='ltr'>parvae</span> <span class='ocrx_word' id='word_1_33' title='bbox 842 612 919 673; x_wconf 83' lang='lat' dir='ltr'>latae</span> <span class='ocrx_word' id='word_1_34' title='bbox 941 614 1088 695; x_wconf 83' lang='lat' dir='ltr'>contritae</span> <span class='ocrx_word' id='word_1_35' title='bbox 1103 628 1143 673; x_wconf 85' lang='lat' dir='ltr'>cx</span> 
     </span>
     <span class='ocr_line' id='line_1_6' title="bbox 152 695 1166 775; baseline -0.007 -15"><span class='ocrx_word' id='word_1_36' title='bbox 152 708 250 775; x_wconf 85' lang='lat' dir='ltr'>aceto,</span> <span class='ocrx_word' id='word_1_37' title='bbox 267 708 403 759; x_wconf 68' lang='lat' dir='ltr'>succine</span> <span class='ocrx_word' id='word_1_38' title='bbox 417 699 549 775; x_wconf 72' lang='lat' dir='ltr'>unguium</span> <span class='ocrx_word' id='word_1_39' title='bbox 565 714 603 755; x_wconf 80' lang='lat' dir='ltr'>eu</span> <span class='ocrx_word' id='word_1_40' title='bbox 617 706 702 757; x_wconf 87' lang='lat' dir='ltr'>aceto</span> <span class='ocrx_word' id='word_1_41' title='bbox 719 697 768 757; x_wconf 79' lang='lat' dir='ltr'>rel</span> <span class='ocrx_word' id='word_1_42' title='bbox 783 698 854 757; x_wconf 89' lang='lat' dir='ltr'>ciuis</span> <span class='ocrx_word' id='word_1_43' title='bbox 872 697 951 771; x_wconf 86' lang='lat' dir='ltr'>eius,</span> <span class='ocrx_word' id='word_1_44' title='bbox 966 695 1024 755; x_wconf 86' lang='lat' dir='ltr'>mel</span> <span class='ocrx_word' id='word_1_45' title='bbox 1037 696 1067 755; x_wconf 92' lang='lat' dir='ltr'>in</span> <span class='ocrx_word' id='word_1_46' title='bbox 1083 710 1166 774; x_wconf 77' lang='lat' dir='ltr'>quoe</span> 
     </span>
    </p>
   </div>
   <div class='ocr_carea' id='block_1_3' title="bbox 107 777 1239 3509">
    <p class='ocr_par' dir='ltr' id='par_1_3' title="bbox 152 777 1142 860">
     <span class='ocr_line' id='line_1_7' title="bbox 152 777 1142 860; baseline -0.003 -19"><span class='ocrx_word' id='word_1_47' title='bbox 152 800 226 860; x_wconf 85' lang='lat' dir='ltr'>spes</span> <span class='ocrx_word' id='word_1_48' title='bbox 233 784 290 841; x_wconf 85' lang='lat' dir='ltr'>sint</span> <span class='ocrx_word' id='word_1_49' title='bbox 300 785 458 842; x_wconf 81' lang='lat' dir='ltr'>inmortuae</span> <span class='ocrx_word' id='word_1_50' title='bbox 470 796 534 839; x_wconf 87' lang='lat' dir='ltr'>cum</span> <span class='ocrx_word' id='word_1_51' title='bbox 547 782 654 855; x_wconf 87' lang='lat' dir='ltr'>resina,</span> <span class='ocrx_word' id='word_1_52' title='bbox 670 779 790 839; x_wconf 87' lang='lat' dir='ltr'>cocleae</span> <span class='ocrx_word' id='word_1_53' title='bbox 800 779 903 855; x_wconf 86' lang='lat' dir='ltr'>nudae,</span> <span class='ocrx_word' id='word_1_54' title='bbox 918 796 989 857; x_wconf 84' lang='lat' dir='ltr'>quas</span> <span class='ocrx_word' id='word_1_55' title='bbox 999 780 1027 836; x_wconf 94' lang='lat' dir='ltr'>in</span> <span class='ocrx_word' id='word_1_56' title='bbox 1041 777 1142 838; x_wconf 79' lang='lat' dir='ltr'>Africa</span> 
     </span>
    </p>

    <p class='ocr_par' dir='ltr' id='par_1_4' title="bbox 118 860 1142 1024">
     <span class='ocr_line' id='line_1_8' title="bbox 118 860 1142 942; baseline -0.007 -16"><span class='ocrx_word' id='word_1_57' title='bbox 118 867 233 942; x_wconf 60' lang='lat' dir='ltr'>”gigni</span> <span class='ocrx_word' id='word_1_58' title='bbox 254 864 389 941; x_wconf 75' lang='lat' dir='ltr'>diximus,</span> <span class='ocrx_word' id='word_1_59' title='bbox 412 865 495 923; x_wconf 83' lang='lat' dir='ltr'>tritae</span> <span class='ocrx_word' id='word_1_60' title='bbox 515 880 579 921; x_wconf 88' lang='lat' dir='ltr'>cam</span> <span class='ocrx_word' id='word_1_61' title='bbox 594 863 668 922; x_wconf 87' lang='lat' dir='ltr'>turis</span> <span class='ocrx_word' id='word_1_62' title='bbox 682 862 791 941; x_wconf 88' lang='lat' dir='ltr'>polline</span> <span class='ocrx_word' id='word_1_63' title='bbox 808 872 837 921; x_wconf 90' lang='lat' dir='ltr'>et</span> <span class='ocrx_word' id='word_1_64' title='bbox 853 876 972 921; x_wconf 72' lang='lat' dir='ltr'>ovorum</span> <span class='ocrx_word' id='word_1_65' title='bbox 986 860 1071 935; x_wconf 83' lang='lat' dir='ltr'>alltc,</span> <span class='ocrx_word' id='word_1_66' title='bbox 1093 861 1142 919; x_wconf 92' lang='lat' dir='ltr'>tri·</span> 
     </span>
     <span class='ocr_line' id='line_1_9' title="bbox 152 942 1140 1024; baseline -0.007 -16"><span class='ocrx_word' id='word_1_67' title='bbox 152 950 264 1008; x_wconf 84' lang='lat' dir='ltr'>cesima</span> <span class='ocrx_word' id='word_1_68' title='bbox 291 948 339 1007; x_wconf 90' lang='lat' dir='ltr'>die</span> <span class='ocrx_word' id='word_1_69' title='bbox 357 946 516 1006; x_wconf 74' lang='lat' dir='ltr'>resolwot.</span> <span class='ocrx_word' id='word_1_70' title='bbox 557 946 644 1022; x_wconf 81' lang='lat' dir='ltr'>aliqui</span> <span class='ocrx_word' id='word_1_71' title='bbox 673 962 729 1024; x_wconf 90' lang='lat' dir='ltr'>pro</span> <span class='ocrx_word' id='word_1_72' title='bbox 752 954 815 1005; x_wconf 89' lang='lat' dir='ltr'>ture</span> <span class='ocrx_word' id='word_1_73' title='bbox 837 942 952 1005; x_wconf 83' lang='lat' dir='ltr'>bulbum</span> <span class='ocrx_word' id='word_1_74' title='bbox 975 942 1140 1003; x_wconf 83' lang='lat' dir='ltr'>admiscent.</span> 
     </span>
    </p>

    <p class='ocr_par' dir='ltr' id='par_1_5' title="bbox 109 1025 1180 1519">
     <span class='ocr_line' id='line_1_10' title="bbox 109 1025 1141 1107; baseline -0.011 -12"><span class='ocrx_word' id='word_1_75' title='bbox 109 1031 356 1107; x_wconf 65' lang='lat' dir='ltr'>ttflpdrocelicis</span> <span class='ocrx_word' id='word_1_76' title='bbox 370 1029 503 1087; x_wconf 88' lang='lat' dir='ltr'>stelionis</span> <span class='ocrx_word' id='word_1_77' title='bbox 518 1028 589 1087; x_wconf 87' lang='lat' dir='ltr'>mire</span> <span class='ocrx_word' id='word_1_78' title='bbox 604 1028 746 1105; x_wconf 84' lang='lat' dir='ltr'>prodesse</span> <span class='ocrx_word' id='word_1_79' title='bbox 759 1028 872 1088; x_wconf 88' lang='lat' dir='ltr'>traduat</span> <span class='ocrx_word' id='word_1_80' title='bbox 884 1028 990 1106; x_wconf 88' lang='lat' dir='ltr'>capite,</span> <span class='ocrx_word' id='word_1_81' title='bbox 1007 1025 1141 1105; x_wconf 86' lang='lat' dir='ltr'>pedibus,</span> 
     </span>
     <span class='ocr_line' id='line_1_11' title="bbox 151 1108 1180 1191; baseline -0.005 -17"><span class='ocrx_word' id='word_1_82' title='bbox 151 1115 304 1174; x_wconf 83' lang='lat' dir='ltr'>interaneis</span> <span class='ocrx_word' id='word_1_83' title='bbox 319 1112 460 1191; x_wconf 72' lang='lat' dir='ltr'>ademptis</span> <span class='ocrx_word' id='word_1_84' title='bbox 475 1110 593 1171; x_wconf 83' lang='lat' dir='ltr'>relicum</span> <span class='ocrx_word' id='word_1_85' title='bbox 612 1128 719 1189; x_wconf 88' lang='lat' dir='ltr'>eorpus</span> <span class='ocrx_word' id='word_1_86' title='bbox 733 1112 897 1186; x_wconf 83' lang='lat' dir='ltr'>inassatum,</span> <span class='ocrx_word' id='word_1_87' title='bbox 915 1142 958 1157; x_wconf 57' lang='grc' dir='ltr'>ω-</span> <span class='ocrx_word' id='word_1_88' title='bbox 976 1110 1005 1169; x_wconf 89' lang='lat' dir='ltr'>in</span> <span class='ocrx_word' id='word_1_89' title='bbox 1027 1108 1091 1169; x_wconf 86' lang='lat' dir='ltr'>cibo</span> <span class='ocrx_word' id='word_1_90' title='bbox 1111 1108 1142 1169; x_wconf 93' lang='lat' dir='ltr'>id</span> <span class='ocrx_word' id='word_1_91' title='bbox 1152 1120 1180 1163; x_wconf 84' lang='lat'>1⁰</span> 
     </span>
     <span class='ocr_line' id='line_1_12' title="bbox 152 1192 1142 1274; baseline -0.005 -18"><span class='ocrx_word' id='word_1_92' title='bbox 152 1197 268 1274; x_wconf 86' lang='lat' dir='ltr'>saepius</span> <span class='ocrx_word' id='word_1_93' title='bbox 285 1194 376 1269; x_wconf 84' lang='lat' dir='ltr'>datur,</span> <span class='ocrx_word' id='word_1_94' title='bbox 391 1225 435 1239; x_wconf 93' lang='lat'>-·-</span> <span class='ocrx_word' id='word_1_95' title='bbox 448 1194 524 1253; x_wconf 90' lang='lat' dir='ltr'>sicut</span> <span class='ocrx_word' id='word_1_96' title='bbox 534 1194 569 1253; x_wconf 90' lang='lat' dir='ltr'>ad</span> <span class='ocrx_word' id='word_1_97' title='bbox 588 1195 686 1254; x_wconf 85' lang='lat' dir='ltr'>urinae</span> <span class='ocrx_word' id='word_1_98' title='bbox 696 1194 926 1254; x_wconf 84' lang='lat' dir='ltr'>incontinentiam</span> <span class='ocrx_word' id='word_1_99' title='bbox 937 1195 1065 1253; x_wconf 67' lang='lat' dir='ltr'>canuam</span> <span class='ocrx_word' id='word_1_100' title='bbox 1082 1192 1142 1251; x_wconf 91' lang='lat' dir='ltr'>adi·</span> 
     </span>
     <span class='ocr_line' id='line_1_13' title="bbox 151 1276 1142 1357; baseline -0.001 -21"><span class='ocrx_word' id='word_1_101' title='bbox 151 1296 219 1357; x_wconf 84' lang='lat' dir='ltr'>pens</span> <span class='ocrx_word' id='word_1_102' title='bbox 234 1295 298 1337; x_wconf 88' lang='lat' dir='ltr'>oum</span> <span class='ocrx_word' id='word_1_103' title='bbox 311 1276 439 1337; x_wconf 71' lang='lat' dir='ltr'>cluniae</span> <span class='ocrx_word' id='word_1_104' title='bbox 448 1276 569 1352; x_wconf 76' lang='lat' dir='ltr'>schisto,</span> <span class='ocrx_word' id='word_1_105' title='bbox 583 1276 668 1336; x_wconf 86' lang='lat' dir='ltr'>labae</span> <span class='ocrx_word' id='word_1_106' title='bbox 682 1277 883 1355; x_wconf 76' lang='lat' dir='ltr'>magnitudine,</span> <span class='ocrx_word' id='word_1_107' title='bbox 901 1276 1019 1337; x_wconf 90' lang='lat' dir='ltr'>cocleas</span> <span class='ocrx_word' id='word_1_108' title='bbox 1029 1276 1142 1335; x_wconf 77' lang='lat' dir='ltr'>Airita·</span> 
     </span>
     <span class='ocr_line' id='line_1_14' title="bbox 151 1360 1143 1439; baseline -0.004 -19"><span class='ocrx_word' id='word_1_109' title='bbox 151 1379 204 1420; x_wconf 86' lang='lat' dir='ltr'>nas</span> <span class='ocrx_word' id='word_1_110' title='bbox 225 1376 290 1421; x_wconf 79' lang='lat' dir='ltr'>aum</span> <span class='ocrx_word' id='word_1_111' title='bbox 306 1376 358 1419; x_wconf 88' lang='lat' dir='ltr'>sua</span> <span class='ocrx_word' id='word_1_112' title='bbox 376 1377 465 1419; x_wconf 86' lang='lat' dir='ltr'>carne</span> <span class='ocrx_word' id='word_1_113' title='bbox 484 1367 514 1417; x_wconf 83' lang='lat' dir='ltr'>et</span> <span class='ocrx_word' id='word_1_114' title='bbox 534 1368 608 1419; x_wconf 87' lang='lat' dir='ltr'>testa</span> <span class='ocrx_word' id='word_1_115' title='bbox 630 1368 771 1421; x_wconf 83' lang='lat' dir='ltr'>crematas</span> <span class='ocrx_word' id='word_1_116' title='bbox 784 1369 855 1439; x_wconf 90' lang='lat' dir='ltr'>poto</span> <span class='ocrx_word' id='word_1_117' title='bbox 874 1360 991 1435; x_wconf 84' lang='lat' dir='ltr'>cinere,</span> <span class='ocrx_word' id='word_1_118' title='bbox 1010 1374 1143 1419; x_wconf 86' lang='lat' dir='ltr'>anserum</span> 
     </span>
     <span class='ocr_line' id='line_1_15' title="bbox 151 1442 1142 1519; baseline -0.003 -15"><span class='ocrx_word' id='word_1_119' title='bbox 151 1445 236 1505; x_wconf 86' lang='lat' dir='ltr'>trium</span> <span class='ocrx_word' id='word_1_120' title='bbox 249 1443 362 1519; x_wconf 75' lang='lat' dir='ltr'>linguas</span> <span class='ocrx_word' id='word_1_121' title='bbox 386 1442 525 1502; x_wconf 88' lang='lat' dir='ltr'>inassatus</span> <span class='ocrx_word' id='word_1_122' title='bbox 546 1444 575 1500; x_wconf 91' lang='lat' dir='ltr'>in</span> <span class='ocrx_word' id='word_1_123' title='bbox 590 1442 666 1501; x_wconf 87' lang='lat' dir='ltr'>cibo.</span> <span class='ocrx_word' id='word_1_124' title='bbox 692 1442 774 1503; x_wconf 77' lang='lat' dir='ltr'>lunius</span> <span class='ocrx_word' id='word_1_125' title='bbox 792 1445 834 1501; x_wconf 91' lang='lat' dir='ltr'>rei</span> <span class='ocrx_word' id='word_1_126' title='bbox 855 1452 955 1504; x_wconf 82' lang='lat' dir='ltr'>auctor</span> <span class='ocrx_word' id='word_1_127' title='bbox 975 1451 1020 1501; x_wconf 89' lang='lat' dir='ltr'>est</span> <span class='ocrx_word' id='word_1_128' title='bbox 1036 1442 1142 1501; x_wconf 77' lang='lat' dir='ltr'>Anaxi·</span> 
     </span>
    </p>

    <p class='ocr_par' dir='ltr' id='par_1_6' title="bbox 110 1524 1239 2248">
     <span class='ocr_line' id='line_1_16' title="bbox 110 1524 1180 1606; baseline -0.006 -15"><span class='ocrx_word' id='word_1_129' title='bbox 110 1537 143 1593; x_wconf 80' lang='lat'>75</span> <span class='ocrx_word' id='word_1_130' title='bbox 155 1527 226 1587; x_wconf 89' lang='lat' dir='ltr'>lans.</span> <span class='ocrx_word' id='word_1_131' title='bbox 258 1535 287 1585; x_wconf 90' lang='lat' dir='ltr'>at</span> <span class='ocrx_word' id='word_1_132' title='bbox 301 1541 395 1606; x_wconf 89' lang='lat' dir='ltr'>panos</span> <span class='ocrx_word' id='word_1_133' title='bbox 412 1526 506 1603; x_wconf 84' lang='lat' dir='ltr'>aperit</span> <span class='ocrx_word' id='word_1_134' title='bbox 518 1524 618 1584; x_wconf 85' lang='lat' dir='ltr'>sebum</span> <span class='ocrx_word' id='word_1_135' title='bbox 634 1524 776 1603; x_wconf 85' lang='lat' dir='ltr'>pecudum</span> <span class='ocrx_word' id='word_1_136' title='bbox 792 1542 854 1585; x_wconf 89' lang='lat' dir='ltr'>curn</span> <span class='ocrx_word' id='word_1_137' title='bbox 875 1526 936 1587; x_wconf 89' lang='lat' dir='ltr'>sale</span> <span class='ocrx_word' id='word_1_138' title='bbox 952 1534 1044 1601; x_wconf 89' lang='lat' dir='ltr'>tosto,</span> <span class='ocrx_word' id='word_1_139' title='bbox 1057 1526 1141 1585; x_wconf 88' lang='lat' dir='ltr'>muri·</span> <span class='ocrx_word' id='word_1_140' title='bbox 1153 1543 1180 1585; x_wconf 77' lang='lat' dir='ltr'>sa</span> 
     </span>
     <span class='ocr_line' id='line_1_17' title="bbox 151 1607 1142 1685; baseline -0.002 -16"><span class='ocrx_word' id='word_1_141' title='bbox 151 1628 217 1669; x_wconf 83' lang='lat' dir='ltr'>nunu</span> <span class='ocrx_word' id='word_1_142' title='bbox 230 1610 324 1669; x_wconf 81' lang='lat' dir='ltr'>unum</span> <span class='ocrx_word' id='word_1_143' title='bbox 339 1607 466 1669; x_wconf 80' lang='lat' dir='ltr'>admixto</span> <span class='ocrx_word' id='word_1_144' title='bbox 480 1608 552 1667; x_wconf 89' lang='lat' dir='ltr'>turis</span> <span class='ocrx_word' id='word_1_145' title='bbox 566 1607 675 1685; x_wconf 81' lang='lat' dir='ltr'>polline</span> <span class='ocrx_word' id='word_1_146' title='bbox 694 1617 723 1667; x_wconf 91' lang='lat' dir='ltr'>et</span> <span class='ocrx_word' id='word_1_147' title='bbox 737 1608 893 1668; x_wconf 86' lang='lat' dir='ltr'>sandaraca</span> <span class='ocrx_word' id='word_1_148' title='bbox 908 1608 1033 1682; x_wconf 75' lang='lat' dir='ltr'>discutit,</span> <span class='ocrx_word' id='word_1_149' title='bbox 1049 1608 1142 1667; x_wconf 87' lang='lat' dir='ltr'>lacer·</span> 
     </span>
     <span class='ocr_line' id='line_1_18' title="bbox 151 1690 1142 1770; baseline -0.003 -18"><span class='ocrx_word' id='word_1_150' title='bbox 151 1702 199 1752; x_wconf 84' lang='lat' dir='ltr'>tae</span> <span class='ocrx_word' id='word_1_151' title='bbox 216 1692 288 1752; x_wconf 86' lang='lat' dir='ltr'>cinis</span> <span class='ocrx_word' id='word_1_152' title='bbox 302 1700 332 1752; x_wconf 89' lang='lat' dir='ltr'>et</span> <span class='ocrx_word' id='word_1_153' title='bbox 348 1694 413 1770; x_wconf 86' lang='lat' dir='ltr'>ipsa</span> <span class='ocrx_word' id='word_1_154' title='bbox 427 1691 517 1751; x_wconf 85' lang='lat' dir='ltr'>divisa</span> <span class='ocrx_word' id='word_1_155' title='bbox 532 1691 673 1769; x_wconf 89' lang='lat' dir='ltr'>inposita,</span> <span class='ocrx_word' id='word_1_156' title='bbox 695 1692 762 1751; x_wconf 86' lang='lat' dir='ltr'>item</span> <span class='ocrx_word' id='word_1_157' title='bbox 780 1690 935 1770; x_wconf 79' lang='lat' dir='ltr'>multipeda</span> <span class='ocrx_word' id='word_1_158' title='bbox 958 1692 1080 1751; x_wconf 89' lang='lat' dir='ltr'>contrita</span> <span class='ocrx_word' id='word_1_159' title='bbox 1093 1690 1142 1749; x_wconf 85' lang='lat' dir='ltr'>ad·</span> 
     </span>
     <span class='ocr_line' id='line_1_19' title="bbox 150 1773 1144 1853; baseline -0.002 -18"><span class='ocrx_word' id='word_1_160' title='bbox 150 1776 238 1835; x_wconf 79' lang='lat' dir='ltr'>mixta</span> <span class='ocrx_word' id='word_1_161' title='bbox 252 1776 348 1835; x_wconf 90' lang='lat' dir='ltr'>resina</span> <span class='ocrx_word' id='word_1_162' title='bbox 359 1774 550 1835; x_wconf 80' lang='lat' dir='ltr'>terebinthina</span> <span class='ocrx_word' id='word_1_163' title='bbox 561 1791 600 1833; x_wconf 86' lang='lat' dir='ltr'>ex</span> <span class='ocrx_word' id='word_1_164' title='bbox 613 1783 697 1851; x_wconf 92' lang='lat' dir='ltr'>parte</span> <span class='ocrx_word' id='word_1_165' title='bbox 708 1774 800 1835; x_wconf 87' lang='lat' dir='ltr'>tertia.</span> <span class='ocrx_word' id='word_1_166' title='bbox 818 1774 931 1853; x_wconf 86' lang='lat' dir='ltr'>quidam</span> <span class='ocrx_word' id='word_1_167' title='bbox 942 1784 972 1833; x_wconf 90' lang='lat' dir='ltr'>et</span> <span class='ocrx_word' id='word_1_168' title='bbox 982 1773 1144 1853; x_wconf 79' lang='lat' dir='ltr'>sinopidem</span> 
     </span>
     <span class='ocr_line' id='line_1_20' title="bbox 151 1856 1239 1935; baseline -0.003 -16"><span class='ocrx_word' id='word_1_169' title='bbox 151 1859 312 1919; x_wconf 58' lang='lat' dir='ltr'>amouens</span> <span class='ocrx_word' id='word_1_170' title='bbox 325 1857 446 1917; x_wconf 79' lang='lat' dir='ltr'>cocleas</span> <span class='ocrx_word' id='word_1_171' title='bbox 461 1866 629 1932; x_wconf 76' lang='lat' dir='ltr'>contumace,</span> <span class='ocrx_word' id='word_1_172' title='bbox 646 1866 674 1917; x_wconf 87' lang='lat' dir='ltr'>et</span> <span class='ocrx_word' id='word_1_173' title='bbox 688 1875 741 1935; x_wconf 91' lang='lat' dir='ltr'>per</span> <span class='ocrx_word' id='word_1_174' title='bbox 758 1876 791 1917; x_wconf 92' lang='lat' dir='ltr'>se</span> <span class='ocrx_word' id='word_1_175' title='bbox 806 1858 876 1917; x_wconf 90' lang='lat' dir='ltr'>cinis</span> <span class='ocrx_word' id='word_1_176' title='bbox 887 1858 1009 1918; x_wconf 87' lang='lat' dir='ltr'>inanium</span> <span class='ocrx_word' id='word_1_177' title='bbox 1026 1856 1143 1917; x_wconf 82' lang='lat' dir='ltr'>coclea·</span> <span class='ocrx_word' id='word_1_178' title='bbox 1238 1910 1239 1923; x_wconf 70' lang='grc'>,</span> 
     </span>
     <span class='ocr_line' id='line_1_21' title="bbox 151 1938 1239 2016; baseline -0.004 -15"><span class='ocrx_word' id='word_1_179' title='bbox 151 1954 214 2001; x_wconf 75' lang='lat' dir='ltr'>rurs</span> <span class='ocrx_word' id='word_1_180' title='bbox 228 1956 315 2000; x_wconf 88' lang='lat' dir='ltr'>cerac</span> <span class='ocrx_word' id='word_1_181' title='bbox 326 1940 429 1998; x_wconf 74' lang='lat' dir='ltr'>mixtas</span> <span class='ocrx_word' id='word_1_182' title='bbox 440 1938 644 1999; x_wconf 87' lang='lat' dir='ltr'>discussoriam</span> <span class='ocrx_word' id='word_1_183' title='bbox 657 1943 712 2001; x_wconf 83' lang='lat' dir='ltr'>ritu</span> <span class='ocrx_word' id='word_1_184' title='bbox 727 1940 826 2016; x_wconf 86' lang='lat' dir='ltr'>habet,</span> <span class='ocrx_word' id='word_1_185' title='bbox 839 1942 932 2001; x_wconf 82' lang='lat' dir='ltr'>lituum</span> <span class='ocrx_word' id='word_1_186' title='bbox 947 1938 1143 2001; x_wconf 85' lang='lat' dir='ltr'>columbarum</span> <span class='ocrx_word' id='word_1_187' title='bbox 1153 1956 1180 1997; x_wconf 83' lang='lat' dir='ltr'>ss</span> <span class='ocrx_word' id='word_1_188' title='bbox 1191 1940 1204 1967; x_wconf 77' lang='lat'>⁸</span> <span class='ocrx_word' id='word_1_189' title='bbox 1238 1938 1239 1947; x_wconf 74' lang='grc'>’</span> 
     </span>
     <span class='ocr_line' id='line_1_22' title="bbox 153 2020 1141 2101; baseline 0.001 -19"><span class='ocrx_word' id='word_1_190' title='bbox 153 2040 206 2101; x_wconf 91' lang='lat' dir='ltr'>per</span> <span class='ocrx_word' id='word_1_191' title='bbox 222 2020 347 2082; x_wconf 81' lang='lat' dir='ltr'>sesesel</span> <span class='ocrx_word' id='word_1_192' title='bbox 360 2040 425 2079; x_wconf 83' lang='lat' dir='ltr'>cure</span> <span class='ocrx_word' id='word_1_193' title='bbox 435 2021 526 2081; x_wconf 90' lang='lat' dir='ltr'>iarina</span> <span class='ocrx_word' id='word_1_194' title='bbox 537 2021 702 2083; x_wconf 86' lang='lat' dir='ltr'>hordeacea</span> <span class='ocrx_word' id='word_1_195' title='bbox 718 2032 766 2083; x_wconf 86' lang='lat' dir='ltr'>aot</span> <span class='ocrx_word' id='word_1_196' title='bbox 777 2041 923 2083; x_wconf 89' lang='lat' dir='ltr'>avenacea</span> <span class='ocrx_word' id='word_1_197' title='bbox 935 2022 1051 2083; x_wconf 89' lang='lat' dir='ltr'>inlitum.</span> <span class='ocrx_word' id='word_1_198' title='bbox 1068 2020 1141 2083; x_wconf 79' lang='lat' dir='ltr'>css-</span> 
     </span>
     <span class='ocr_line' id='line_1_23' title="bbox 151 2103 1143 2182; baseline -0.001 -18"><span class='ocrx_word' id='word_1_199' title='bbox 151 2104 279 2165; x_wconf 81' lang='lat' dir='ltr'>tlsrides</span> <span class='ocrx_word' id='word_1_200' title='bbox 294 2105 381 2163; x_wconf 81' lang='lat' dir='ltr'>mixta</span> <span class='ocrx_word' id='word_1_201' title='bbox 398 2103 481 2163; x_wconf 87' lang='lat' dir='ltr'>calce</span> <span class='ocrx_word' id='word_1_202' title='bbox 495 2121 588 2181; x_wconf 90' lang='lat' dir='ltr'>panos</span> <span class='ocrx_word' id='word_1_203' title='bbox 602 2104 736 2182; x_wconf 76' lang='lat' dir='ltr'>scalpelli</span> <span class='ocrx_word' id='word_1_204' title='bbox 749 2107 816 2165; x_wconf 85' lang='lat' dir='ltr'>vica</span> <span class='ocrx_word' id='word_1_205' title='bbox 831 2106 979 2180; x_wconf 81' lang='lat' dir='ltr'>unierunt,</span> <span class='ocrx_word' id='word_1_206' title='bbox 996 2106 1143 2181; x_wconf 61' lang='lat' dir='ltr'>minum</span> 
     </span>
     <span class='ocr_line' id='line_1_24' title="bbox 150 2186 985 2248; baseline 0 -1"><span class='ocrx_word' id='word_1_207' title='bbox 150 2196 290 2247; x_wconf 80' lang='lat' dir='ltr'>tumorem</span> <span class='ocrx_word' id='word_1_208' title='bbox 305 2186 427 2245; x_wconf 80' lang='lat' dir='ltr'>cocleae</span> <span class='ocrx_word' id='word_1_209' title='bbox 441 2188 564 2247; x_wconf 64' lang='lat' dir='ltr'>manue</span> <span class='ocrx_word' id='word_1_210' title='bbox 578 2204 643 2247; x_wconf 80' lang='lat' dir='ltr'>cum</span> <span class='ocrx_word' id='word_1_211' title='bbox 656 2188 744 2247; x_wconf 86' lang='lat' dir='ltr'>melle</span> <span class='ocrx_word' id='word_1_212' title='bbox 758 2187 856 2247; x_wconf 87' lang='lat' dir='ltr'>inlitae</span> <span class='ocrx_word' id='word_1_213' title='bbox 868 2188 985 2248; x_wconf 89' lang='lat' dir='ltr'>leniunt.</span> 
     </span>
    </p>

    <p class='ocr_par' dir='ltr' id='par_1_7' title="bbox 109 2268 1195 2928">
     <span class='ocr_line' id='line_1_25' title="bbox 109 2268 1142 2347; baseline 0 -18"><span class='ocrx_word' id='word_1_214' title='bbox 109 2279 143 2335; x_wconf 84' lang='grc'>76</span> <span class='ocrx_word' id='word_1_215' title='bbox 204 2270 235 2329; x_wconf 89' lang='grc'>9,</span> <span class='ocrx_word' id='word_1_216' title='bbox 256 2268 341 2347; x_wconf 84' lang='grc'>(23.)</span> <span class='ocrx_word' id='word_1_217' title='bbox 363 2268 489 2329; x_wconf 76' lang='lat' dir='ltr'>Venisse</span> <span class='ocrx_word' id='word_1_218' title='bbox 502 2286 539 2328; x_wconf 87' lang='lat' dir='ltr'>ne</span> <span class='ocrx_word' id='word_1_219' title='bbox 555 2278 722 2346; x_wconf 70' lang='lat' dir='ltr'>necantur,</span> <span class='ocrx_word' id='word_1_220' title='bbox 745 2270 872 2330; x_wconf 85' lang='lat' dir='ltr'>lacertae</span> <span class='ocrx_word' id='word_1_221' title='bbox 889 2272 1027 2347; x_wconf 74' lang='lat' dir='ltr'>sanguine</span> <span class='ocrx_word' id='word_1_222' title='bbox 1042 2271 1142 2347; x_wconf 85' lang='lat' dir='ltr'>pueris</span> 
     </span>
     <span class='ocr_line' id='line_1_26' title="bbox 152 2351 1179 2431; baseline -0.004 -20"><span class='ocrx_word' id='word_1_223' title='bbox 152 2371 237 2412; x_wconf 84' lang='lat' dir='ltr'>crura</span> <span class='ocrx_word' id='word_1_224' title='bbox 263 2352 366 2411; x_wconf 88' lang='lat' dir='ltr'>ieiunis</span> <span class='ocrx_word' id='word_1_225' title='bbox 385 2369 403 2410; x_wconf 89' lang='lat' dir='ltr'>a</span> <span class='ocrx_word' id='word_1_226' title='bbox 422 2352 517 2411; x_wconf 87' lang='lat' dir='ltr'>ieiuno</span> <span class='ocrx_word' id='word_1_227' title='bbox 539 2351 701 2413; x_wconf 86' lang='lat' dir='ltr'>inlinuntur.</span> <span class='ocrx_word' id='word_1_228' title='bbox 740 2353 883 2429; x_wconf 80' lang='lat' dir='ltr'>podagras</span> <span class='ocrx_word' id='word_1_229' title='bbox 905 2353 975 2415; x_wconf 88' lang='lat' dir='ltr'>lenit</span> <span class='ocrx_word' id='word_1_230' title='bbox 1001 2368 1179 2431; x_wconf 65' lang='lat' dir='ltr'>occupamus</span> 
     </span>
     <span class='ocr_line' id='line_1_27' title="bbox 151 2434 1195 2515; baseline 0 -20"><span class='ocrx_word' id='word_1_231' title='bbox 151 2454 214 2495; x_wconf 84' lang='lat' dir='ltr'>cona</span> <span class='ocrx_word' id='word_1_232' title='bbox 231 2435 308 2508; x_wconf 68' lang='lat' dir='ltr'>lecte</span> <span class='ocrx_word' id='word_1_233' title='bbox 318 2434 446 2493; x_wconf 87' lang='lat' dir='ltr'>mulieris</span> <span class='ocrx_word' id='word_1_234' title='bbox 461 2444 490 2494; x_wconf 91' lang='lat' dir='ltr'>et</span> <span class='ocrx_word' id='word_1_235' title='bbox 506 2452 634 2512; x_wconf 87' lang='lat' dir='ltr'>cerussa,</span> <span class='ocrx_word' id='word_1_236' title='bbox 652 2436 746 2495; x_wconf 80' lang='lat' dir='ltr'>inaura</span> <span class='ocrx_word' id='word_1_237' title='bbox 760 2436 900 2514; x_wconf 75' lang='lat' dir='ltr'>pecudum</span> <span class='ocrx_word' id='word_1_238' title='bbox 916 2436 993 2514; x_wconf 76' lang='lat' dir='ltr'>quod</span> <span class='ocrx_word' id='word_1_239' title='bbox 1004 2435 1142 2515; x_wconf 86' lang='lat' dir='ltr'>liquidum</span> <span class='ocrx_word' id='word_1_240' title='bbox 1190 2492 1195 2506; x_wconf 78' lang='grc'><em>,</em></span> 
     </span>
     <span class='ocr_line' id='line_1_28' title="bbox 150 2516 1142 2595; baseline -0.001 -17"><span class='ocrx_word' id='word_1_241' title='bbox 150 2517 283 2593; x_wconf 85' lang='lat' dir='ltr'>reddunt,</span> <span class='ocrx_word' id='word_1_242' title='bbox 298 2517 449 2595; x_wconf 82' lang='lat' dir='ltr'>palnaenes</span> <span class='ocrx_word' id='word_1_243' title='bbox 463 2517 615 2595; x_wconf 77' lang='lat' dir='ltr'>pecudum,</span> <span class='ocrx_word' id='word_1_244' title='bbox 629 2518 670 2579; x_wconf 91' lang='lat' dir='ltr'>iel</span> <span class='ocrx_word' id='word_1_245' title='bbox 685 2520 784 2579; x_wconf 87' lang='lat' dir='ltr'>arietis</span> <span class='ocrx_word' id='word_1_246' title='bbox 800 2537 864 2579; x_wconf 86' lang='lat' dir='ltr'>unna</span> <span class='ocrx_word' id='word_1_247' title='bbox 879 2518 960 2595; x_wconf 88' lang='lat' dir='ltr'>seha,</span> <span class='ocrx_word' id='word_1_248' title='bbox 974 2536 1070 2579; x_wconf 84' lang='lat' dir='ltr'>mures</span> <span class='ocrx_word' id='word_1_249' title='bbox 1082 2516 1142 2577; x_wconf 89' lang='lat' dir='ltr'>dis·</span> 
     </span>
     <span class='ocr_line' id='line_1_29' title="bbox 151 2600 1142 2680; baseline -0.001 -19"><span class='ocrx_word' id='word_1_250' title='bbox 151 2602 225 2661; x_wconf 86' lang='lat' dir='ltr'>secti</span> <span class='ocrx_word' id='word_1_251' title='bbox 240 2601 372 2678; x_wconf 84' lang='lat' dir='ltr'>inpositi,</span> <span class='ocrx_word' id='word_1_252' title='bbox 391 2601 508 2677; x_wconf 69' lang='lat' dir='ltr'>sangois</span> <span class='ocrx_word' id='word_1_253' title='bbox 527 2602 668 2663; x_wconf 85' lang='lat' dir='ltr'>mustelae</span> <span class='ocrx_word' id='word_1_254' title='bbox 683 2618 747 2661; x_wconf 86' lang='lat' dir='ltr'>cuns</span> <span class='ocrx_word' id='word_1_255' title='bbox 762 2601 923 2680; x_wconf 74' lang='lat' dir='ltr'>plantagine</span> <span class='ocrx_word' id='word_1_256' title='bbox 939 2602 1035 2663; x_wconf 85' lang='lat' dir='ltr'>inlitus</span> <span class='ocrx_word' id='word_1_257' title='bbox 1055 2609 1083 2661; x_wconf 87' lang='lat' dir='ltr'>et</span> <span class='ocrx_word' id='word_1_258' title='bbox 1100 2600 1142 2661; x_wconf 79' lang='lat' dir='ltr'>vi·</span> 
     </span>
     <span class='ocr_line' id='line_1_30' title="bbox 150 2682 1143 2762; baseline 0.004 -21"><span class='ocrx_word' id='word_1_259' title='bbox 150 2700 205 2744; x_wconf 82' lang='lat' dir='ltr'>vae</span> <span class='ocrx_word' id='word_1_260' title='bbox 222 2682 389 2743; x_wconf 80' lang='lat' dir='ltr'>combustae</span> <span class='ocrx_word' id='word_1_261' title='bbox 405 2685 477 2743; x_wconf 92' lang='lat' dir='ltr'>cinis</span> <span class='ocrx_word' id='word_1_262' title='bbox 492 2701 530 2743; x_wconf 80' lang='lat' dir='ltr'>ax</span> <span class='ocrx_word' id='word_1_263' title='bbox 544 2694 628 2743; x_wconf 88' lang='lat' dir='ltr'>aceto</span> <span class='ocrx_word' id='word_1_264' title='bbox 645 2702 680 2743; x_wconf 86' lang='lat' dir='ltr'>ac</span> <span class='ocrx_word' id='word_1_265' title='bbox 695 2701 834 2761; x_wconf 89' lang='lat' dir='ltr'>rosaceo,</span> <span class='ocrx_word' id='word_1_266' title='bbox 859 2686 883 2745; x_wconf 92' lang='lat' dir='ltr'>si</span> <span class='ocrx_word' id='word_1_267' title='bbox 905 2686 990 2762; x_wconf 88' lang='lat' dir='ltr'>pinna</span> <span class='ocrx_word' id='word_1_268' title='bbox 1009 2683 1143 2745; x_wconf 78' lang='lat' dir='ltr'>inlinatur</span> 
     </span>
     <span class='ocr_line' id='line_1_31' title="bbox 151 2765 1179 2844; baseline 0.002 -19"><span class='ocrx_word' id='word_1_269' title='bbox 151 2766 199 2827; x_wconf 80' lang='lat' dir='ltr'>vel</span> <span class='ocrx_word' id='word_1_270' title='bbox 215 2767 239 2825; x_wconf 91' lang='lat' dir='ltr'>si</span> <span class='ocrx_word' id='word_1_271' title='bbox 254 2783 323 2825; x_wconf 81' lang='lat' dir='ltr'>cers</span> <span class='ocrx_word' id='word_1_272' title='bbox 336 2773 365 2825; x_wconf 92' lang='lat' dir='ltr'>et</span> <span class='ocrx_word' id='word_1_273' title='bbox 378 2782 530 2827; x_wconf 86' lang='lat' dir='ltr'>rosaceum</span> <span class='ocrx_word' id='word_1_274' title='bbox 545 2765 744 2844; x_wconf 85' lang='lat' dir='ltr'>admisceatur,</span> <span class='ocrx_word' id='word_1_275' title='bbox 759 2768 799 2829; x_wconf 86' lang='lat' dir='ltr'>iel</span> <span class='ocrx_word' id='word_1_276' title='bbox 812 2769 939 2829; x_wconf 83' lang='lat' dir='ltr'>caninum</span> <span class='ocrx_word' id='word_1_277' title='bbox 955 2769 992 2827; x_wconf 88' lang='lat' dir='ltr'>ita</span> <span class='ocrx_word' id='word_1_278' title='bbox 1007 2784 1042 2827; x_wconf 84' lang='lat' dir='ltr'>nu</span> <span class='ocrx_word' id='word_1_279' title='bbox 1057 2784 1142 2827; x_wconf 82' lang='lat' dir='ltr'>mann</span> <span class='ocrx_word' id='word_1_280' title='bbox 1151 2784 1179 2827; x_wconf 80' lang='lat' dir='ltr'>ae</span> 
     </span>
     <span class='ocr_line' id='line_1_32' title="bbox 150 2848 1142 2928; baseline 0.002 -21"><span class='ocrx_word' id='word_1_281' title='bbox 150 2848 321 2924; x_wconf 72' lang='lat' dir='ltr'>attingatur,</span> <span class='ocrx_word' id='word_1_282' title='bbox 341 2849 394 2908; x_wconf 90' lang='lat' dir='ltr'>sed</span> <span class='ocrx_word' id='word_1_283' title='bbox 418 2851 504 2928; x_wconf 87' lang='lat' dir='ltr'>pinna</span> <span class='ocrx_word' id='word_1_284' title='bbox 517 2849 668 2928; x_wconf 86' lang='lat' dir='ltr'>inlinatur,</span> <span class='ocrx_word' id='word_1_285' title='bbox 693 2852 787 2913; x_wconf 79' lang='lat' dir='ltr'>dunum</span> <span class='ocrx_word' id='word_1_286' title='bbox 803 2850 988 2927; x_wconf 57' lang='lat' dir='ltr'>gallinarum,</span> <span class='ocrx_word' id='word_1_287' title='bbox 1003 2852 1142 2909; x_wconf 83' lang='lat' dir='ltr'>vermium</span> 
     </span>
    </p>

    <p class='ocr_par' dir='ltr' id='par_1_8' title="bbox 107 2932 1179 3509">
     <span class='ocr_line' id='line_1_33' title="bbox 107 2932 1141 2996; baseline -0.001 -2"><span class='ocrx_word' id='word_1_288' title='bbox 107 2938 330 2994; x_wconf 81' lang='lat' dir='ltr'>tturrasoram</span> <span class='ocrx_word' id='word_1_289' title='bbox 344 2933 415 2991; x_wconf 90' lang='lat' dir='ltr'>cinis</span> <span class='ocrx_word' id='word_1_290' title='bbox 433 2950 495 2993; x_wconf 88' lang='lat' dir='ltr'>carn</span> <span class='ocrx_word' id='word_1_291' title='bbox 509 2933 597 2993; x_wconf 84' lang='lat' dir='ltr'>melle</span> <span class='ocrx_word' id='word_1_292' title='bbox 619 2936 658 2995; x_wconf 91' lang='lat' dir='ltr'>ita</span> <span class='ocrx_word' id='word_1_293' title='bbox 675 2944 704 2995; x_wconf 92' lang='lat' dir='ltr'>ut</span> <span class='ocrx_word' id='word_1_294' title='bbox 718 2937 803 2995; x_wconf 84' lang='lat' dir='ltr'>tertio</span> <span class='ocrx_word' id='word_1_295' title='bbox 824 2934 871 2994; x_wconf 90' lang='lat' dir='ltr'>die</span> <span class='ocrx_word' id='word_1_296' title='bbox 889 2934 1046 2996; x_wconf 79' lang='lat' dir='ltr'>solvantur.</span> <span class='ocrx_word' id='word_1_297' title='bbox 1088 2932 1141 2993; x_wconf 84' lang='lat' dir='ltr'>ali·</span> 
     </span>
     <span class='ocr_line' id='line_1_34' title="bbox 152 3014 1143 3095; baseline 0.001 -21"><span class='ocrx_word' id='word_1_298' title='bbox 152 3014 203 3090; x_wconf 77' lang='lat' dir='ltr'>qui</span> <span class='ocrx_word' id='word_1_299' title='bbox 228 3032 266 3075; x_wconf 85' lang='lat' dir='ltr'>ex</span> <span class='ocrx_word' id='word_1_300' title='bbox 288 3031 360 3091; x_wconf 83' lang='lat' dir='ltr'>aqua</span> <span class='ocrx_word' id='word_1_301' title='bbox 379 3015 501 3077; x_wconf 86' lang='lat' dir='ltr'>inlinere</span> <span class='ocrx_word' id='word_1_302' title='bbox 524 3018 647 3091; x_wconf 84' lang='lat' dir='ltr'>malunt,</span> <span class='ocrx_word' id='word_1_303' title='bbox 677 3017 725 3077; x_wconf 91' lang='lat' dir='ltr'>alii</span> <span class='ocrx_word' id='word_1_304' title='bbox 746 3016 828 3095; x_wconf 88' lang='lat' dir='ltr'>ipsos</span> <span class='ocrx_word' id='word_1_305' title='bbox 848 3016 990 3077; x_wconf 73' lang='lat' dir='ltr'>acealuli</span> <span class='ocrx_word' id='word_1_306' title='bbox 1008 3030 1143 3075; x_wconf 69' lang='lat' dir='ltr'>namura</span> 
     </span>
     <span class='ocr_line' id='line_1_35' title="bbox 151 3096 1141 3177; baseline 0.001 -22"><span class='ocrx_word' id='word_1_307' title='bbox 151 3114 214 3156; x_wconf 82' lang='lat' dir='ltr'>cuns</span> <span class='ocrx_word' id='word_1_308' title='bbox 235 3096 321 3157; x_wconf 85' lang='lat' dir='ltr'>melle</span> <span class='ocrx_word' id='word_1_309' title='bbox 343 3098 454 3172; x_wconf 77' lang='lat' dir='ltr'>cyathis</span> <span class='ocrx_word' id='word_1_310' title='bbox 478 3100 568 3161; x_wconf 88' lang='lat' dir='ltr'>tribus</span> <span class='ocrx_word' id='word_1_311' title='bbox 595 3097 717 3176; x_wconf 89' lang='lat' dir='ltr'>pedibas</span> <span class='ocrx_word' id='word_1_312' title='bbox 738 3107 805 3161; x_wconf 88' lang='lat' dir='ltr'>ante</span> <span class='ocrx_word' id='word_1_313' title='bbox 834 3115 959 3159; x_wconf 89' lang='lat' dir='ltr'>rosaceo</span> <span class='ocrx_word' id='word_1_314' title='bbox 982 3098 1141 3177; x_wconf 86' lang='lat' dir='ltr'>perunctis.</span> 
     </span>
     <span class='ocr_line' id='line_1_36' title="bbox 149 3179 1179 3260; baseline 0.008 -21"><span class='ocrx_word' id='word_1_315' title='bbox 149 3179 273 3239; x_wconf 89' lang='lat' dir='ltr'>cocleae</span> <span class='ocrx_word' id='word_1_316' title='bbox 291 3180 367 3241; x_wconf 90' lang='lat' dir='ltr'>latae</span> <span class='ocrx_word' id='word_1_317' title='bbox 391 3192 477 3260; x_wconf 90' lang='lat' dir='ltr'>potae</span> <span class='ocrx_word' id='word_1_318' title='bbox 499 3182 605 3243; x_wconf 90' lang='lat' dir='ltr'>tollere</span> <span class='ocrx_word' id='word_1_319' title='bbox 629 3182 759 3243; x_wconf 89' lang='lat' dir='ltr'>dicuntur</span> <span class='ocrx_word' id='word_1_320' title='bbox 781 3180 885 3259; x_wconf 88' lang='lat' dir='ltr'>pedara</span> <span class='ocrx_word' id='word_1_321' title='bbox 906 3189 935 3241; x_wconf 92' lang='lat' dir='ltr'>et</span> <span class='ocrx_word' id='word_1_322' title='bbox 956 3180 1179 3247; x_wconf 80' lang='lat' dir='ltr'>articulorumts</span> 
     </span>
     <span class='ocr_line' id='line_1_37' title="bbox 149 3260 1140 3327; baseline 0.005 -7"><span class='ocrx_word' id='word_1_323' title='bbox 149 3260 279 3321; x_wconf 86' lang='lat' dir='ltr'>dolores.</span> <span class='ocrx_word' id='word_1_324' title='bbox 307 3262 440 3326; x_wconf 81' lang='lat' dir='ltr'>bibuntur</span> <span class='ocrx_word' id='word_1_325' title='bbox 450 3276 544 3327; x_wconf 79' lang='lat' dir='ltr'>antean</span> <span class='ocrx_word' id='word_1_326' title='bbox 554 3264 639 3324; x_wconf 83' lang='lat' dir='ltr'>binae</span> <span class='ocrx_word' id='word_1_327' title='bbox 653 3266 680 3325; x_wconf 91' lang='lat' dir='ltr'>in</span> <span class='ocrx_word' id='word_1_328' title='bbox 691 3266 755 3325; x_wconf 84' lang='lat' dir='ltr'>vinc</span> <span class='ocrx_word' id='word_1_329' title='bbox 769 3265 862 3325; x_wconf 84' lang='lat' dir='ltr'>tritae.</span> <span class='ocrx_word' id='word_1_330' title='bbox 888 3264 1005 3325; x_wconf 84' lang='lat' dir='ltr'>eaedem</span> <span class='ocrx_word' id='word_1_331' title='bbox 1019 3264 1140 3325; x_wconf 67' lang='lat' dir='ltr'>munan-</span> 
     </span>
     <span class='ocr_line' id='line_1_38' title="bbox 149 3345 1141 3425; baseline 0.006 -22"><span class='ocrx_word' id='word_1_332' title='bbox 149 3352 195 3403; x_wconf 87' lang='lat' dir='ltr'>tur</span> <span class='ocrx_word' id='word_1_333' title='bbox 215 3362 278 3407; x_wconf 83' lang='lat' dir='ltr'>cuan</span> <span class='ocrx_word' id='word_1_334' title='bbox 300 3345 432 3410; x_wconf 83' lang='lat' dir='ltr'>helxines</span> <span class='ocrx_word' id='word_1_335' title='bbox 450 3350 560 3411; x_wconf 82' lang='lat' dir='ltr'>herbae</span> <span class='ocrx_word' id='word_1_336' title='bbox 581 3365 664 3409; x_wconf 87' lang='lat' dir='ltr'>anco.</span> <span class='ocrx_word' id='word_1_337' title='bbox 694 3347 806 3425; x_wconf 66' lang='lat' dir='ltr'>qudam</span> <span class='ocrx_word' id='word_1_338' title='bbox 829 3366 867 3407; x_wconf 81' lang='lat' dir='ltr'>ex</span> <span class='ocrx_word' id='word_1_339' title='bbox 885 3356 968 3407; x_wconf 86' lang='lat' dir='ltr'>aceto</span> <span class='ocrx_word' id='word_1_340' title='bbox 994 3348 1141 3409; x_wconf 80' lang='lat' dir='ltr'>intrivisse</span> 
     </span>
     <span class='ocr_line' id='line_1_39' title="bbox 152 3430 1143 3509; baseline 0.006 -22"><span class='ocrx_word' id='word_1_341' title='bbox 152 3430 279 3489; x_wconf 87' lang='lat' dir='ltr'>contenti</span> <span class='ocrx_word' id='word_1_342' title='bbox 296 3439 370 3489; x_wconf 74' lang='lat' dir='ltr'>sunt·</span> <span class='ocrx_word' id='word_1_343' title='bbox 401 3433 462 3491; x_wconf 86' lang='lat' dir='ltr'>sule</span> <span class='ocrx_word' id='word_1_344' title='bbox 477 3430 592 3509; x_wconf 80' lang='lat' dir='ltr'>qnidam</span> <span class='ocrx_word' id='word_1_345' title='bbox 607 3449 671 3490; x_wconf 85' lang='lat' dir='ltr'>cans</span> <span class='ocrx_word' id='word_1_346' title='bbox 687 3433 788 3508; x_wconf 89' lang='lat' dir='ltr'>vipera</span> <span class='ocrx_word' id='word_1_347' title='bbox 805 3439 931 3492; x_wconf 85' lang='lat' dir='ltr'>cremato</span> <span class='ocrx_word' id='word_1_348' title='bbox 947 3433 975 3490; x_wconf 89' lang='lat' dir='ltr'>in</span> <span class='ocrx_word' id='word_1_349' title='bbox 989 3430 1047 3492; x_wconf 87' lang='lat' dir='ltr'>olla</span> <span class='ocrx_word' id='word_1_350' title='bbox 1064 3448 1143 3494; x_wconf 81' lang='lat' dir='ltr'>nova</span> 
     </span>
    </p>
   </div>
   <div class='ocr_carea' id='block_1_4' title="bbox 0 0 1246 3817">
    <p class='ocr_par' dir='ltr' id='par_1_9' title="bbox 0 0 1246 3817">
     <span class='ocr_line' id='line_1_40' title="bbox 0 0 1246 3817; baseline 0 0"><span class='ocrx_word' id='word_1_351' title='bbox 0 0 1246 3817; x_wconf 95' lang='lat' dir='ltr'> </span> 
     </span>
    </p>
   </div>
  </div>
 </body>
</html>
