2484 3817
318 208 398 257 nso.
414 208 504 259 mrsu.
519 208 642 257 xxvm.
659 208 701 263 to.
718 198 869 275 (et-ts.)
1025 196 1083 259 186

157 363 242 441 (44.)
263 361 626 440 Venellciisrostrnmlnpi
637 364 974 425 resistercinucteratum
986 364 1062 423 aiam
1074 356 1133 426 157'

94 445 134 507 ob
150 445 240 523 idque
253 445 385 505 villarum
402 448 494 523 portis
517 447 686 526 praeligant.
716 446 862 507 hocitlem
882 456 1033 526 praestare
1055 455 1084 505 et

95 529 215 610 pellice
230 529 347 587 cervice
365 528 459 589 solida
472 532 583 591 manica
603 530 796 607 existimatur,
817 533 924 609 qnippe
948 530 1083 591 tentaris

94 622 138 672 est
153 611 283 671 animalis
297 619 415 689 praeter
429 630 464 672 ea
478 629 553 690 qaae
568 613 717 673 retulimus
731 621 761 671 ut
777 614 903 690 vestigia
919 614 982 674 eius
999 612 1055 673 cal·
1068 633 1088 673 a.
1101 632 1125 666 ao

74 704 160 756 scata
172 696 258 771 equis
273 695 403 755 adierant
417 704 575 773 torporem.

155 779 241 856 (45.)
261 777 299 838 lis
315 779 363 855 qui
376 788 524 854 argentum
546 780 640 839 vivom
658 777 782 839 biberint
805 778 915 839 lardum
934 779 1063 839 remedio
1074 789 1125 842 158

95 872 149 921 est.
178 860 301 921 Asinino
316 860 393 919 lacte
411 870 483 939 poto
498 880 610 922 venena
625 864 833 940 restinguatur,
854 862 1040 940 peculiariter
1059 862 1085 921 si

94 944 301 1019 hyoscyamum
315 953 414 1021 potam
428 946 465 1004 sit
478 954 526 1005 aut
540 946 648 1005 niseum
664 954 712 1005 aut
731 948 823 1007 cicuta
839 954 886 1005 aut
901 946 988 1023 lepus
1000 946 1083 1006 mari·

94 1046 146 1087 nus
159 1035 211 1087 ant
225 1036 433 1105 opocarpatum
446 1036 496 1089 aut
511 1028 649 1105 pharicon
669 1026 898 1103 aut‘ulorycnium
922 1037 952 1089 et
970 1029 996 1087 si
1016 1044 1084 1087 coa·

65 1111 191 1186 togulam
208 1110 294 1169 alicui
309 1112 455 1185 nocuerit,
478 1129 542 1171 nam
555 1111 585 1171 id
600 1128 715 1189 quoque
733 1130 873 1173 venenum
888 1121 934 1171 cst
948 1112 977 1172 in
992 1111 1083 1190 prima

95 1195 176 1254 lactis
192 1193 404 1269 coagulatione.
432 1195 538 1255 maltos
560 1195 622 1253 eius
644 1202 673 1253 et
689 1194 761 1255 alios
776 1212 845 1255 usus
861 1195 1008 1270 dicemus,
1029 1192 1085 1255 sati

94 1276 260 1338 meminisse
275 1276 421 1354 oportebit
443 1278 555 1337 recenti
573 1276 707 1337 utendum
728 1287 776 1337 aut
796 1296 853 1339 non
872 1278 961 1339 multo
977 1286 1083 1356 postea

92 1361 254 1439 tepefacto,
270 1358 375 1418 nullum
390 1361 465 1420 enim
481 1362 606 1422 celerias
623 1364 779 1423 evanescit.
803 1379 871 1421 ossa
886 1378 1002 1440 qnoque
1012 1360 1084 1421 asini

94 1444 243 1503 confracta
259 1450 290 1501 et
302 1441 424 1503 decocta
445 1453 545 1504 contra
563 1444 675 1523 leporis
695 1447 794 1506 marini
812 1462 951 1505 venenum
971 1444 1082 1505 dantur.

64 1528 188 1587 comnia
202 1525 305 1587 eadem
322 1527 438 1601 onagris
452 1527 629 1587 ellicaciora.
650 1527 695 1587 De
710 1528 847 1607 equiferis
866 1545 924 1587 noa
938 1529 1124 1606 scripse-159

3 1687 4 1692 ἵ
93 1607 283 1684 mattheaei,
300 1611 432 1686 qnoniam
446 1620 542 1669 terrae
557 1610 626 1670 illac
640 1628 697 1670 aon
708 1610 877 1687 gignebant,
886 1620 1081 1671 verumtamen

3 1695 4 1740 l
93 1694 217 1753 fortiora
231 1692 327 1752 omnia
341 1693 442 1752 eadem
458 1708 541 1771 quam
561 1694 591 1752 in
613 1694 696 1770 equis
713 1693 846 1767 intellegi
863 1690 978 1750 debent.
1006 1692 1082 1753 lacte

2 1785 3 1832 l
93 1777 201 1854 equino
220 1792 334 1835 venena
358 1774 470 1853 leporis
493 1776 593 1839 marini
612 1784 643 1833 et
664 1776 760 1835 toxica
782 1781 993 1853 expugnantur.
1028 1790 1084 1833 nce

93 1876 164 1922 oros
182 1867 231 1917 ant
250 1858 372 1919 birontio
392 1857 551 1918 hahuerunt
570 1857 675 1917 Graeci
694 1858 723 1917 in
743 1856 965 1934 experimentis,
986 1872 1081 1933 quam·

1 1956 2 2002 l
61 1960 87 2000 ro
97 1958 182 2019 qaam
195 1941 270 2001 boue
284 1943 350 2001 lero
363 1940 481 2001 refertis
496 1940 593 2000 lntliae
609 1940 707 2017 silvis,
721 1942 857 2021 portione
873 1948 967 1999 tamen
982 1938 1083 1999 eadem

95 2024 262 2085 efficaciora
276 2025 369 2085 omnia
382 2042 420 2083 cn
434 2024 479 2083 his
493 2024 575 2084 credi
587 2042 641 2101 par
657 2033 710 2084 cst.
730 2025 773 2084 sic
789 2039 903 2101 qnoque
919 2022 996 2083 lacte
1011 2022 1061 2082 bu·
1073 2032 1124 2087 160

1 2111 2 2190 p
93 2107 165 2167 holo
183 2117 282 2168 cuncta
297 2124 409 2167 nenena
425 2109 585 2186 expugnari
599 2107 728 2184 tradunt,
748 2124 880 2167 maxume
904 2106 1083 2184 supradicta

93 2198 123 2251 et
135 2192 161 2252 si
172 2191 357 2268 ephemerum
371 2193 514 2269 inpactum
525 2192 562 2251 sit
573 2192 659 2251 autsi
677 2190 857 2252 cantharides
873 2189 969 2263 datae,
989 2190 1083 2249 omnia

93 2274 251 2335 vomitione
269 2275 361 2351 egeri,
380 2276 424 2333 sic
439 2283 468 2334 et
483 2276 602 2353 caprino
623 2277 684 2336 iare
701 2273 895 2334 'cantharidas
924 2282 1022 2333 contra
1045 2290 1081 2332 ea

63 2374 169 2417 severo
191 2374 267 2436 qaae
291 2357 506 2417 exulceratione
520 2367 645 2417 enecant
660 2358 759 2417 sebum
775 2356 920 2417 vitulinum
931 2357 979 2415 vel
992 2356 1081 2417 buhu-

95 2441 151 2501 lum
173 2441 334 2501 auxiliatur.
362 2458 429 2501 nam
450 2449 551 2501 contra
571 2441 760 2517 sanguisugas
782 2448 867 2518 potas
887 2438 1017 2513 butyrum
1036 2456 1081 2497 re·

94 2524 190 2583 medlo
205 2532 252 2583 est
265 2542 328 2583 cam
341 2532 425 2583 aceto
437 2523 516 2584 ferro
530 2525 683 2599 calefacto,
700 2523 776 2601 quod
793 2532 823 2583 et
841 2540 894 2601 per
912 2540 947 2582 se
962 2520 1083 2598 prodest

94 2615 195 2667 contra
216 2624 340 2667 venena.
368 2624 432 2667 nam
454 2609 479 2667 si
498 2607 593 2667 oleam
619 2624 675 2667 non
697 2608 749 2681 sit,
768 2608 860 2665 vicem
879 2606 940 2665 eius
963 2619 1081 2681 reprae-

93 2699 196 2750 sentat.
225 2689 398 2768 multipedae
415 2705 528 2750 morsm
542 2708 606 2750 cunr
618 2690 706 2749 melle
721 2699 810 2749 sanat.
841 2688 932 2749 omasi
947 2702 1060 2763 quoque
1073 2696 1122 2751 161

65 2774 155 2833 aiore
170 2780 243 2850 poto
254 2790 367 2835 nenena
383 2773 556 2851 supradicta
570 2772 848 2850 expugnariputant,
864 2770 996 2848 privatim
1011 2786 1080 2828 vero

94 2856 208 2916 aconita
226 2861 258 2914 et
273 2857 400 2932 cicutas,
421 2859 545 2933 itemque
559 2856 679 2915 vitulino
696 2854 778 2915 sebo.
810 2854 952 2929 Caprinus
976 2866 1080 2909 canens

94 2955 199 2998 recens
212 2938 259 2999 his
272 2941 322 3016 qui
336 2940 444 2999 viscum
465 2938 600 3013 biberint,
616 2938 663 2997 lac
679 2946 777 2997 contra
793 2934 973 2996 cantharidas
989 2950 1081 2995 reme·

94 3021 140 3081 (lio
159 3029 205 3081 est
222 3030 253 3081 et
268 3031 367 3081 contra
382 3022 530 3100 ephemeri
545 3030 645 3098 potum
660 3040 724 3081 cum
740 3020 853 3081 taminia
869 3033 934 3076 uva.
965 3018 1081 3091 sanguis

96 3106 229 3182 caprinus
243 3103 383 3164 decoetus
399 3123 461 3164 cnm
485 3104 609 3164 medulla
632 3112 730 3164 contra
750 3102 846 3161 toxica
867 3114 978 3157 venena
994 3100 1079 3157 sumi·

64 3187 305 3261 emathaeorum
318 3196 415 3248 contra
431 3188 551 3263 reliqua.
576 3186 728 3263 coagulum
739 3183 822 3244 haedi
838 3190 936 3241 contra
947 3184 1058 3241 viscum
1070 3193 1120 3248 161

44 3336 49 3343 ,
98 3278 127 3330 et
139 3270 375 3331 chamaeleonem
387 3271 481 3331 album
491 3272 715 3345 sanguinemque
727 3268 873 3339 taurianm,
887 3273 984 3325 contra
997 3282 1080 3341 quem
1228 3264 1230 3271 ’

98 3361 127 3411 et
140 3353 251 3431 leporis
267 3354 419 3431 coagulum
432 3363 478 3413 est
489 3369 527 3411 ex
541 3361 625 3411 aceto
634 3384 650 3424 ,·
662 3357 762 3409 contm
776 3350 950 3426 pastinacam
965 3366 1035 3409 vero
1052 3358 1082 3408 et

98 3438 218 3501 omnium
239 3438 413 3497 marinorum
435 3438 511 3497 ictas
530 3433 579 3495 rel
598 3449 711 3492 morsus
734 3430 884 3506 coagulum
904 3430 1013 3507 leporis
1032 3431 1080 3489 vel
1208 3432 1210 3435 ’
