2484 3817
141 122 202 184 110
489 133 516 181 c.
537 133 634 181 earm
654 133 804 182 suenum
896 110 901 116 '

138 306 245 366 magno
258 288 317 348 loci
333 287 452 347 silentio
470 289 536 349 talis
550 291 699 352 admiratio
717 295 771 348 est.
802 288 908 367 quade
924 305 1011 348 cansa
1025 289 1145 366 ignora-

139 383 186 433 tur
201 374 309 432 artifex
325 373 388 430 eius
401 387 517 448 quoque
530 369 658 430 Veneris
673 388 756 449 quern
768 370 966 450 Vespasianus
982 374 1146 450 imperator

95 469 132 522 28
142 459 173 516 in
188 457 328 534 operibus
341 454 425 514 Pacis
441 473 511 514 suae
526 453 830 532 dicavitantiquorum
845 456 961 533 dignam
975 457 1057 516 lama.
1087 455 1146 516 l’ar

139 540 296 600 haesitatio
321 541 418 598 estin
440 537 549 614 templo
573 537 721 615 Apollinis
742 539 874 614 Sosiani,
893 539 1006 599 Niobae
1028 539 1144 600 liberos

138 625 290 684 morieatis
307 623 418 700 Scopas
440 639 475 682 an
491 620 655 682 Praxiteles
679 623 785 682 iecerit
794 665 804 699 ,
826 625 896 682 item
910 623 995 682 lanus
1010 631 1098 702 pater
1113 624 1165 685 ins

139 727 193 767 suo
209 707 319 784 templo
338 706 449 765 dicatus
471 705 507 764 ab
525 705 660 782 Augusto
682 725 720 766 ex
734 706 874 785 Aegypto
892 707 1031 766 advectus
1047 708 1144 767 utrius

138 809 237 851 manus
252 791 299 865 sit,
317 793 372 849 iarn
395 789 510 866 quidem
527 798 558 848 et
574 807 645 850 auro
662 790 832 851 occultatus.
863 790 997 850 similiter
1014 792 1044 850 in
1062 792 1145 851 ouria

32 877 35 883 ’
138 874 278 935 Octaviae
297 875 447 952 quaeritur
468 873 504 933 de
520 870 663 951 Cupidine
683 874 790 933 fulmen
808 882 940 934 tenente.
976 874 1005 934 id
1029 874 1144 934 domum

138 959 318 1035 adfirmatur,
342 956 516 1016 Alcibiaden
535 975 604 1016 esse
625 959 787 1036 principem
807 959 898 1018 iorma
923 961 952 1018 in
977 977 1011 1020 ea
1033 967 1141 1019 aetate.

96 1041 232 1107 Multa
250 1044 280 1101 in
296 1041 399 1101 eadem
414 1041 515 1101 schola
532 1042 596 1100 sine
612 1041 780 1101 auctoribus
797 1042 929 1120 placent:
947 1043 1043 1119 Satyri
1062 1051 1179 1122 quat-1⁰

139 1135 226 1203 tuor,
249 1145 288 1185 ex
306 1125 411 1204 quibus
435 1144 506 1183 unus
523 1123 659 1185 Liberum
674 1133 787 1204 patrem
803 1126 878 1204 palla
893 1127 1018 1186 velatum
1034 1128 1143 1186 umeris

88 1213 105 1222 ''
143 1211 294 1288 praeiert,
316 1209 390 1268 alter
403 1208 537 1267 hiberam
559 1209 708 1285 similiter,
733 1212 837 1271 tertius
858 1210 1003 1289 ploratum
1024 1211 1143 1270 infantis

140 1293 272 1370 cohibet,
291 1303 408 1370 quartus
426 1301 541 1352 cratere
557 1293 677 1353 alterius
694 1294 880 1371 sitim‘sedat,
895 1295 1028 1373 duaeque
1042 1294 1143 1354 Aurae

140 1378 325 1437 velificantes
349 1396 400 1437 sua
421 1385 516 1436 veste.
556 1395 612 1437 nec
637 1380 732 1437 minor
752 1375 886 1454 quaestio
910 1388 957 1438 est
980 1380 1009 1437 in
1030 1380 1143 1456 saeptis

141 1461 293 1540 Olympum
309 1469 339 1520 et
354 1461 441 1536 Pana,
458 1458 613 1520 Chironem
629 1479 691 1520 cum
706 1459 822 1520 Achille
837 1463 886 1538 qui
901 1463 1041 1537 iecerint,
1057 1479 1143 1539 prae·
1154 1488 1176 1527 1r

97 1558 133 1627 3⁰
144 1549 245 1606 sertim
256 1564 320 1605 cum
333 1545 449 1623 capitali
461 1544 651 1604 satisdatione
663 1545 736 1604 lama
746 1545 853 1605 iudicet
865 1545 979 1624 dignos.
1009 1546 1053 1625 191
1071 1545 1143 1605 Soo-

142 1648 194 1708 pas
210 1629 310 1690 babuit
325 1628 455 1688 aemulos
473 1629 573 1688 eadem
595 1637 693 1694 aetate
711 1628 852 1705 Bryaxim
863 1639 894 1689 et
911 1629 1093 1689 Timotheum
1112 1637 1144 1690 et
1230 1693 1233 1701 ,

139 1712 328 1790 Leocharen,
349 1711 385 1771 de
407 1711 512 1789 quibus
529 1713 612 1772 simul
631 1712 781 1773 dicendum
796 1722 859 1790 est,
878 1715 1012 1792 quoniam
1029 1715 1144 1792 pariter

143 1797 298 1857 caelavere
318 1795 508 1855 Mausoleum.
543 1797 728 1874 sepulchrum
748 1782 805 1856 hoc
825 1805 872 1857 est
891 1797 926 1857 ab
943 1815 1036 1858 uxore
1051 1798 1142 1857 Arte·

140 1883 224 1941 misia
244 1883 350 1940 iactum
371 1877 504 1938 Mausolo
532 1878 635 1939 Cariae
657 1880 779 1958 regulo,
801 1883 848 1959 qui
873 1881 946 1941 obiit
968 1881 1141 1958 olympiadis
1151 1908 1177 1950 20

143 1963 321 2026 cultorne
339 1963 476 2022 secundo.
507 1981 581 2041 opus
595 1963 625 2022 id
640 1972 671 2021 ut
686 1971 767 2023 esset
783 1966 859 2046 inter
876 1973 990 2043 septem
1003 1964 1142 2024 miracula

140 2051 171 2109 hi
186 2066 318 2108 maxume
335 2046 437 2106 iecere
452 2048 587 2107 artifices.
621 2054 703 2124 patet
721 2046 757 2106 ab
774 2057 873 2108 austro
888 2058 919 2108 et
937 2050 1141 2127 septentrione

142 2140 287 2194 centenos
302 2148 470 2207 sexagenos
487 2139 588 2192 ternos
604 2130 715 2208 pedes,
731 2131 851 2194 brevius
865 2151 882 2192 a
897 2133 1059 2209 frontibus,
1075 2139 1141 2192 toto

141 2217 290 2276 circumitu
303 2213 394 2292 pedes
407 2212 631 2290 GGGGXXXX,
642 2215 784 2275 attollitur
796 2217 825 2275 in
837 2216 1016 2276 altitudinem
1026 2214 1143 2275 XXXX

143 2301 266 2375 cubitis,
282 2300 408 2375 cingitur
422 2298 561 2358 columnis
576 2300 695 2374 triginta
710 2317 771 2358 sex.
802 2308 909 2376 pteron
923 2295 1068 2363 vocavere
1084 2301 1142 2358 oir·
1152 2327 1179 2367 25

99 2397 133 2452 31
147 2385 289 2445 cumitum.
326 2381 362 2440 ab
379 2383 495 2442 oriente
510 2381 635 2441 caelavit
654 2381 782 2461 Scopas,
802 2400 818 2441 a
834 2386 1036 2462 septentrione
1050 2383 1142 2460 Brya-

142 2471 206 2543 xis,
229 2485 246 2526 a
265 2464 387 2524 meridie
401 2464 586 2543 Timotheus,
608 2466 644 2526 ab
666 2483 771 2527 occasu
791 2466 975 2545 Leochares,
1002 2469 1143 2546 priusque

144 2570 226 2630 quam
244 2557 422 2628 peragerent
439 2552 539 2626 regina
559 2551 643 2609 obiit.
681 2569 739 2609 non
763 2558 857 2610 tamen
879 2561 1069 2612 recesserunt
1084 2553 1142 2610 nisi

143 2635 280 2696 absoluto
296 2635 369 2710 iam,
384 2632 414 2692 id
425 2633 539 2709 gloriae
554 2634 685 2711 ipsorum
701 2635 829 2710 artisque
849 2638 1054 2696 monimentum
1069 2635 1143 2695 iudi·

93 2762 97 2767 *
145 2728 245 2791 cantes
254 2760 264 2795 ,
281 2718 428 2794 hodieque
443 2724 555 2776 certant
568 2736 676 2777 manus.
707 2720 832 2778 accessit
850 2729 880 2780 et
896 2722 1009 2798 quintus
1023 2721 1141 2778 artilex.
1151 2742 1179 2782 oo

144 2821 267 2880 namque
285 2819 371 2881 supra
386 2810 492 2878 pteron
506 2803 631 2878 pyramis
646 2800 825 2862 altitudinem
840 2805 1008 2864 inferiorem
1022 2810 1140 2880 aequat,

144 2887 247 2964 viginti
266 2894 402 2964 quattuor
425 2884 563 2962 gradibus
585 2887 615 2944 in
635 2894 729 2945 metae
747 2903 883 2948 cacumen
899 2907 933 2947 sc
953 2885 1140 2947 contrahens.

144 2972 175 3029 in
198 2987 307 3030 summo
329 2977 375 3029 est
396 2969 535 3046 quadriga
553 2987 715 3029 marmorea
734 2986 818 3046 quam
840 2971 911 3032 lecit
925 2970 1035 3048 Pythis.
1066 2970 1144 3030 haec

145 3055 258 3115 adiecta
272 3061 387 3112 centum
401 3053 587 3131 quadraginta
600 3052 705 3131 pedum
726 3053 875 3124 altitudine
897 3063 989 3114 totum
1006 3071 1080 3132 opus
1097 3054 1142 3113 in·

103 3137 247 3200 dicludit.
290 3137 357 3215 [101
388 3135 531 3196 Timothei
555 3155 638 3196 manu
662 3136 752 3196 Diana
776 3137 887 3198 Romae
911 3141 1007 3198 estin
1028 3137 1180 3200 Palatioac

146 3220 295 3298 Apollinis
312 3219 450 3302 delubro,
470 3222 516 3280 cui
537 3222 622 3297 signo
644 3228 729 3299 caput
742 3224 874 3300 reposuit
890 3222 1030 3282 Avianius
1046 3220 1142 3282 Evan-

147 3303 212 3362 der.
242 3303 275 3362 ln
295 3320 398 3380 magna
415 3302 602 3364 admiratione
625 3313 671 3364 est
692 3303 833 3364 Hercules
851 3304 1021 3365 Menestrati
1038 3313 1069 3365 et
1082 3303 1145 3366 lle-

147 3384 215 3445 cate'
228 3384 341 3463 Ephesi
359 3388 390 3445 in
410 3387 518 3465 templo
531 3388 642 3448 Dianae
664 3395 731 3466 post
753 3387 853 3448 aedem
867 3391 897 3449 in
919 3391 998 3450 cuius
1011 3396 1145 3450 contem·
