<?xml version="1.0" encoding="UTF-8"?>
<!DOCTYPE html PUBLIC "-//W3C//DTD XHTML 1.0 Transitional//EN"
    "http://www.w3.org/TR/xhtml1/DTD/xhtml1-transitional.dtd">
<html xmlns="http://www.w3.org/1999/xhtml" xml:lang="en" lang="en">
 <head>
  <title>
</title>
<meta http-equiv="Content-Type" content="text/html;charset=utf-8" />
  <meta name='ocr-system' content='tesseract 3.04.00' />
  <meta name='ocr-capabilities' content='ocr_page ocr_carea ocr_par ocr_line ocrx_word'/>
</head>
<body>
  <div class='ocr_page' id='page_1' title='image "./cplinisecundina24plingoog_0267.png"; bbox 0 0 2484 3817; ppageno 0'>
   <div class='ocr_carea' id='block_1_1' title="bbox 263 220 1075 301">
    <p class='ocr_par' dir='ltr' id='par_1_1' title="bbox 263 220 1075 301">
     <span class='ocr_line' id='line_1_1' title="bbox 263 220 1075 301; baseline 0.005 -22"><span class='ocrx_word' id='word_1_1' title='bbox 263 230 343 279; x_wconf 80' lang='lat' dir='ltr'><strong>usu.</strong></span> <span class='ocrx_word' id='word_1_2' title='bbox 358 230 449 279; x_wconf 79' lang='lat' dir='ltr'><strong>rursu.</strong></span> <span class='ocrx_word' id='word_1_3' title='bbox 465 230 589 280; x_wconf 84' lang='lat' dir='ltr'><strong>xxvm.</strong></span> <span class='ocrx_word' id='word_1_4' title='bbox 605 229 649 283; x_wconf 83' lang='lat'><strong>14.</strong></span> <span class='ocrx_word' id='word_1_5' title='bbox 665 230 708 284; x_wconf 83' lang='lat'><strong>15.</strong></span> <span class='ocrx_word' id='word_1_6' title='bbox 723 220 871 301; x_wconf 81' lang='lat'><strong>(58—60.)</strong></span> <span class='ocrx_word' id='word_1_7' title='bbox 1017 222 1075 284; x_wconf 82' lang='lat'><strong>195</strong></span> 
     </span>
    </p>
   </div>
   <div class='ocr_carea' id='block_1_2' title="bbox 38 384 1119 3458">
    <p class='ocr_par' dir='ltr' id='par_1_2' title="bbox 38 384 1119 3458">
     <span class='ocr_line' id='line_1_2' title="bbox 90 384 1075 463; baseline 0.003 -18"><span class='ocrx_word' id='word_1_8' title='bbox 90 384 244 461; x_wconf 84' lang='lat' dir='ltr'><strong>surgendi,</strong></span> <span class='ocrx_word' id='word_1_9' title='bbox 266 384 376 443; x_wconf 92' lang='lat' dir='ltr'><strong>tollitur</strong></span> <span class='ocrx_word' id='word_1_10' title='bbox 392 393 461 462; x_wconf 87' lang='lat' dir='ltr'><strong>poto</strong></span> <span class='ocrx_word' id='word_1_11' title='bbox 477 384 552 445; x_wconf 85' lang='lat' dir='ltr'><strong>lacte</strong></span> <span class='ocrx_word' id='word_1_12' title='bbox 571 386 700 463; x_wconf 89' lang='lat' dir='ltr'><strong>asinino,</strong></span> <span class='ocrx_word' id='word_1_13' title='bbox 723 388 791 447; x_wconf 90' lang='lat' dir='ltr'><strong>item</strong></span> <span class='ocrx_word' id='word_1_14' title='bbox 809 388 926 448; x_wconf 92' lang='lat' dir='ltr'><strong>bubulo.</strong></span> <span class='ocrx_word' id='word_1_15' title='bbox 968 390 1075 448; x_wconf 89' lang='lat' dir='ltr'><strong>taenia-</strong></span> 
     </span>
     <span class='ocr_line' id='line_1_3' title="bbox 88 467 1075 549; baseline 0.002 -20"><span class='ocrx_word' id='word_1_16' title='bbox 88 486 152 530; x_wconf 86' lang='lat' dir='ltr'><strong>rum</strong></span> <span class='ocrx_word' id='word_1_17' title='bbox 167 484 277 545; x_wconf 89' lang='lat' dir='ltr'><strong>genera</strong></span> <span class='ocrx_word' id='word_1_18' title='bbox 297 467 380 545; x_wconf 87' lang='lat' dir='ltr'><strong>pellit</strong></span> <span class='ocrx_word' id='word_1_19' title='bbox 399 469 508 527; x_wconf 88' lang='lat' dir='ltr'><strong>cervini</strong></span> <span class='ocrx_word' id='word_1_20' title='bbox 531 486 638 529; x_wconf 86' lang='lat' dir='ltr'><strong>cornus</strong></span> <span class='ocrx_word' id='word_1_21' title='bbox 658 472 728 530; x_wconf 90' lang='lat' dir='ltr'><strong>cinis</strong></span> <span class='ocrx_word' id='word_1_22' title='bbox 750 481 845 548; x_wconf 82' lang='lat' dir='ltr'><strong>potus.</strong></span> <span class='ocrx_word' id='word_1_23' title='bbox 882 488 957 549; x_wconf 87' lang='lat' dir='ltr'><strong>quae</strong></span> <span class='ocrx_word' id='word_1_24' title='bbox 977 473 1006 530; x_wconf 94' lang='lat' dir='ltr'><strong>in</strong></span> <span class='ocrx_word' id='word_1_25' title='bbox 1026 490 1075 531; x_wconf 83' lang='lat' dir='ltr'><strong>en·</strong></span> 
     </span>
     <span class='ocr_line' id='line_1_4' title="bbox 90 550 1117 631; baseline 0.002 -19"><span class='ocrx_word' id='word_1_26' title='bbox 90 553 244 612; x_wconf 75' lang='lat' dir='ltr'><strong>crementis</strong></span> <span class='ocrx_word' id='word_1_27' title='bbox 259 552 319 630; x_wconf 87' lang='lat' dir='ltr'><strong>lupi</strong></span> <span class='ocrx_word' id='word_1_28' title='bbox 334 550 455 610; x_wconf 82' lang='lat' dir='ltr'><strong>diximus</strong></span> <span class='ocrx_word' id='word_1_29' title='bbox 471 554 591 611; x_wconf 85' lang='lat' dir='ltr'><strong>inveniri</strong></span> <span class='ocrx_word' id='word_1_30' title='bbox 614 570 700 629; x_wconf 90' lang='lat' dir='ltr'><strong>ossa,</strong></span> <span class='ocrx_word' id='word_1_31' title='bbox 725 556 749 613; x_wconf 95' lang='lat' dir='ltr'><strong>si</strong></span> <span class='ocrx_word' id='word_1_32' title='bbox 770 562 874 614; x_wconf 86' lang='lat' dir='ltr'><strong>terram</strong></span> <span class='ocrx_word' id='word_1_33' title='bbox 895 571 952 612; x_wconf 89' lang='lat' dir='ltr'><strong>uon</strong></span> <span class='ocrx_word' id='word_1_34' title='bbox 972 556 1117 631; x_wconf 74' lang='lat' dir='ltr'><strong>adige-us</strong></span> 
     </span>
     <span class='ocr_line' id='line_1_5' title="bbox 88 634 1118 716; baseline 0.003 -22"><span class='ocrx_word' id='word_1_35' title='bbox 88 638 155 709; x_wconf 89' lang='lat' dir='ltr'><strong>rint,</strong></span> <span class='ocrx_word' id='word_1_36' title='bbox 173 634 241 694; x_wconf 91' lang='lat' dir='ltr'><strong>colo</strong></span> <span class='ocrx_word' id='word_1_37' title='bbox 256 635 405 694; x_wconf 90' lang='lat' dir='ltr'><strong>medentur</strong></span> <span class='ocrx_word' id='word_1_38' title='bbox 416 634 570 712; x_wconf 89' lang='lat' dir='ltr'><strong>adalligata</strong></span> <span class='ocrx_word' id='word_1_39' title='bbox 584 634 731 696; x_wconf 87' lang='lat' dir='ltr'><strong>bracchio.</strong></span> <span class='ocrx_word' id='word_1_40' title='bbox 758 638 844 715; x_wconf 88' lang='lat' dir='ltr'><strong>polea</strong></span> <span class='ocrx_word' id='word_1_41' title='bbox 860 653 974 716; x_wconf 92' lang='lat' dir='ltr'><strong>quoque</strong></span> <span class='ocrx_word' id='word_1_42' title='bbox 989 656 1118 715; x_wconf 81' lang='lat' dir='ltr'><strong>supratuu</strong></span> 
     </span>
     <span class='ocr_line' id='line_1_6' title="bbox 63 717 1075 797; baseline 0.001 -20"><span class='ocrx_word' id='word_1_43' title='bbox 63 719 165 778; x_wconf 71' lang='lat' dir='ltr'><strong>edicta</strong></span> <span class='ocrx_word' id='word_1_44' title='bbox 185 734 364 795; x_wconf 79' lang='lat' dir='ltr'><strong>magnopere</strong></span> <span class='ocrx_word' id='word_1_45' title='bbox 386 717 506 795; x_wconf 88' lang='lat' dir='ltr'><strong>prodest</strong></span> <span class='ocrx_word' id='word_1_46' title='bbox 527 721 555 777; x_wconf 91' lang='lat' dir='ltr'><strong>in</strong></span> <span class='ocrx_word' id='word_1_47' title='bbox 577 734 648 797; x_wconf 84' lang='lat' dir='ltr'><strong>sapa</strong></span> <span class='ocrx_word' id='word_1_48' title='bbox 670 719 808 796; x_wconf 88' lang='lat' dir='ltr'><strong>decocta,</strong></span> <span class='ocrx_word' id='word_1_49' title='bbox 833 722 900 779; x_wconf 90' lang='lat' dir='ltr'><strong>item</strong></span> <span class='ocrx_word' id='word_1_50' title='bbox 922 720 998 780; x_wconf 89' lang='lat' dir='ltr'><strong>suilli</strong></span> <span class='ocrx_word' id='word_1_51' title='bbox 1019 721 1075 779; x_wconf 85' lang='lat' dir='ltr'><strong>limi</strong></span> 
     </span>
     <span class='ocr_line' id='line_1_7' title="bbox 87 801 1076 881; baseline -0.001 -19"><span class='ocrx_word' id='word_1_52' title='bbox 87 802 181 862; x_wconf 83' lang='lat' dir='ltr'><strong>farina</strong></span> <span class='ocrx_word' id='word_1_53' title='bbox 196 801 292 860; x_wconf 91' lang='lat' dir='ltr'><strong>addito</strong></span> <span class='ocrx_word' id='word_1_54' title='bbox 305 802 417 860; x_wconf 91' lang='lat' dir='ltr'><strong>cumino</strong></span> <span class='ocrx_word' id='word_1_55' title='bbox 432 803 461 859; x_wconf 89' lang='lat' dir='ltr'><strong>iu</strong></span> <span class='ocrx_word' id='word_1_56' title='bbox 476 819 549 879; x_wconf 93' lang='lat' dir='ltr'><strong>aqua</strong></span> <span class='ocrx_word' id='word_1_57' title='bbox 565 812 647 861; x_wconf 90' lang='lat' dir='ltr'><strong>rutae</strong></span> <span class='ocrx_word' id='word_1_58' title='bbox 662 802 820 881; x_wconf 86' lang='lat' dir='ltr'><strong>decoctae,</strong></span> <span class='ocrx_word' id='word_1_59' title='bbox 842 806 947 862; x_wconf 85' lang='lat' dir='ltr'><strong>cornus</strong></span> <span class='ocrx_word' id='word_1_60' title='bbox 968 805 1076 863; x_wconf 88' lang='lat' dir='ltr'><strong>cervini</strong></span> 
     </span>
     <span class='ocr_line' id='line_1_8' title="bbox 88 884 1077 946; baseline 0 -2"><span class='ocrx_word' id='word_1_61' title='bbox 88 885 182 945; x_wconf 89' lang='lat' dir='ltr'><strong>teneri</strong></span> <span class='ocrx_word' id='word_1_62' title='bbox 198 885 269 943; x_wconf 90' lang='lat' dir='ltr'><strong>cinis</strong></span> <span class='ocrx_word' id='word_1_63' title='bbox 292 884 402 943; x_wconf 90' lang='lat' dir='ltr'><strong>cocleis</strong></span> <span class='ocrx_word' id='word_1_64' title='bbox 417 884 560 945; x_wconf 73' lang='lat' dir='ltr'><strong>Africanis</strong></span> <span class='ocrx_word' id='word_1_65' title='bbox 582 901 645 944; x_wconf 90' lang='lat' dir='ltr'><strong>cum</strong></span> <span class='ocrx_word' id='word_1_66' title='bbox 660 894 733 946; x_wconf 88' lang='lat' dir='ltr'><strong>testa</strong></span> <span class='ocrx_word' id='word_1_67' title='bbox 749 904 799 946; x_wconf 90' lang='lat' dir='ltr'><strong>sua</strong></span> <span class='ocrx_word' id='word_1_68' title='bbox 820 888 910 946; x_wconf 88' lang='lat' dir='ltr'><strong>tunsis</strong></span> <span class='ocrx_word' id='word_1_69' title='bbox 930 888 1032 945; x_wconf 86' lang='lat' dir='ltr'><strong>mixtus</strong></span> <span class='ocrx_word' id='word_1_70' title='bbox 1048 886 1077 944; x_wconf 90' lang='lat' dir='ltr'><strong>iu</strong></span> 
     </span>
     <span class='ocr_line' id='line_1_9' title="bbox 88 969 288 1045; baseline -0.01 -19"><span class='ocrx_word' id='word_1_71' title='bbox 88 969 147 1027; x_wconf 85' lang='lat' dir='ltr'><strong>vini</strong></span> <span class='ocrx_word' id='word_1_72' title='bbox 161 969 288 1045; x_wconf 88' lang='lat' dir='ltr'><strong>potione.</strong></span> 
     </span>
     <span class='ocr_line' id='line_1_10' title="bbox 86 1048 1118 1130; baseline 0.001 -19"><span class='ocrx_word' id='word_1_73' title='bbox 86 1071 94 1085; x_wconf 81' lang='grc'><em>·</em></span> <span class='ocrx_word' id='word_1_74' title='bbox 154 1053 202 1111; x_wconf 84' lang='grc'><strong>15.</strong></span> <span class='ocrx_word' id='word_1_75' title='bbox 225 1050 310 1127; x_wconf 90' lang='grc'>(60.)</span> <span class='ocrx_word' id='word_1_76' title='bbox 327 1048 453 1111; x_wconf 81' lang='lat' dir='ltr'><strong>Vesicae</strong></span> <span class='ocrx_word' id='word_1_77' title='bbox 469 1050 702 1130; x_wconf 80' lang='lat' dir='ltr'><strong>calculorumque</strong></span> <span class='ocrx_word' id='word_1_78' title='bbox 718 1052 892 1114; x_wconf 89' lang='lat' dir='ltr'><strong>cruciatibus</strong></span> <span class='ocrx_word' id='word_1_79' title='bbox 905 1050 1056 1112; x_wconf 82' lang='lat' dir='ltr'><strong>auxiliatur</strong></span> <span class='ocrx_word' id='word_1_80' title='bbox 1067 1060 1118 1114; x_wconf 77' lang='lat'><strong>212</strong></span> 
     </span>
     <span class='ocr_line' id='line_1_11' title="bbox 54 1135 1077 1214; baseline -0.005 -17"><span class='ocrx_word' id='word_1_81' title='bbox 54 1135 167 1197; x_wconf 81' lang='lat' dir='ltr'><strong>rouriua</strong></span> <span class='ocrx_word' id='word_1_82' title='bbox 184 1135 247 1213; x_wconf 90' lang='lat' dir='ltr'><strong>apri</strong></span> <span class='ocrx_word' id='word_1_83' title='bbox 264 1142 294 1192; x_wconf 92' lang='lat' dir='ltr'><strong>et</strong></span> <span class='ocrx_word' id='word_1_84' title='bbox 304 1135 367 1211; x_wconf 85' lang='lat' dir='ltr'><strong>ipsa</strong></span> <span class='ocrx_word' id='word_1_85' title='bbox 381 1137 480 1194; x_wconf 89' lang='lat' dir='ltr'><strong>vesica</strong></span> <span class='ocrx_word' id='word_1_86' title='bbox 497 1152 550 1212; x_wconf 86' lang='lat' dir='ltr'><strong>pro</strong></span> <span class='ocrx_word' id='word_1_87' title='bbox 565 1135 632 1193; x_wconf 90' lang='lat' dir='ltr'><strong>cibo</strong></span> <span class='ocrx_word' id='word_1_88' title='bbox 648 1146 770 1214; x_wconf 87' lang='lat' dir='ltr'><strong>sumpta,</strong></span> <span class='ocrx_word' id='word_1_89' title='bbox 786 1136 943 1212; x_wconf 89' lang='lat' dir='ltr'><strong>eiiicacius,</strong></span> <span class='ocrx_word' id='word_1_90' title='bbox 959 1136 983 1193; x_wconf 91' lang='lat' dir='ltr'><strong>si</strong></span> <span class='ocrx_word' id='word_1_91' title='bbox 999 1137 1077 1214; x_wconf 86' lang='lat' dir='ltr'><strong>prius</strong></span> 
     </span>
     <span class='ocr_line' id='line_1_12' title="bbox 87 1220 1119 1296; baseline -0.002 -19"><span class='ocrx_word' id='word_1_92' title='bbox 87 1220 165 1277; x_wconf 91' lang='lat' dir='ltr'><strong>lumo</strong></span> <span class='ocrx_word' id='word_1_93' title='bbox 189 1226 352 1276; x_wconf 87' lang='lat' dir='ltr'><strong>maceretur</strong></span> <span class='ocrx_word' id='word_1_94' title='bbox 374 1227 532 1295; x_wconf 90' lang='lat' dir='ltr'><strong>utrumque.</strong></span> <span class='ocrx_word' id='word_1_95' title='bbox 561 1221 688 1277; x_wconf 85' lang='lat' dir='ltr'><strong>vesicam</strong></span> <span class='ocrx_word' id='word_1_96' title='bbox 711 1220 814 1279; x_wconf 82' lang='lat' dir='ltr'><strong>elixam</strong></span> <span class='ocrx_word' id='word_1_97' title='bbox 836 1220 929 1278; x_wconf 91' lang='lat' dir='ltr'><strong>mandi</strong></span> <span class='ocrx_word' id='word_1_98' title='bbox 949 1226 1075 1296; x_wconf 88' lang='lat' dir='ltr'><strong>oportet,</strong></span> <span class='ocrx_word' id='word_1_99' title='bbox 1116 1258 1119 1263; x_wconf 85' lang='lat'>-</span> 
     </span>
     <span class='ocr_line' id='line_1_13' title="bbox 87 1300 1074 1363; baseline -0.001 -2"><span class='ocrx_word' id='word_1_100' title='bbox 87 1311 118 1361; x_wconf 89' lang='lat' dir='ltr'><strong>et</strong></span> <span class='ocrx_word' id='word_1_101' title='bbox 132 1320 148 1360; x_wconf 91' lang='lat' dir='ltr'><strong>a</strong></span> <span class='ocrx_word' id='word_1_102' title='bbox 162 1300 282 1359; x_wconf 87' lang='lat' dir='ltr'><strong>muliere</strong></span> <span class='ocrx_word' id='word_1_103' title='bbox 297 1300 420 1359; x_wconf 89' lang='lat' dir='ltr'><strong>lemiuae</strong></span> <span class='ocrx_word' id='word_1_104' title='bbox 438 1303 506 1359; x_wconf 91' lang='lat' dir='ltr'><strong>suis.</strong></span> <span class='ocrx_word' id='word_1_105' title='bbox 537 1302 716 1362; x_wconf 89' lang='lat' dir='ltr'><strong>inveniuntur</strong></span> <span class='ocrx_word' id='word_1_106' title='bbox 732 1313 760 1362; x_wconf 90' lang='lat' dir='ltr'><strong>et</strong></span> <span class='ocrx_word' id='word_1_107' title='bbox 781 1305 808 1363; x_wconf 93' lang='lat' dir='ltr'><strong>in</strong></span> <span class='ocrx_word' id='word_1_108' title='bbox 829 1300 1003 1362; x_wconf 88' lang='lat' dir='ltr'><strong>iocineribus</strong></span> <span class='ocrx_word' id='word_1_109' title='bbox 1025 1318 1074 1360; x_wconf 88' lang='lat' dir='ltr'><strong>eo·</strong></span> 
     </span>
     <span class='ocr_line' id='line_1_14' title="bbox 86 1383 1075 1462; baseline -0.002 -18"><span class='ocrx_word' id='word_1_110' title='bbox 86 1403 150 1445; x_wconf 91' lang='lat' dir='ltr'><strong>rum</strong></span> <span class='ocrx_word' id='word_1_111' title='bbox 162 1383 255 1461; x_wconf 87' lang='lat' dir='ltr'><strong>lapilli</strong></span> <span class='ocrx_word' id='word_1_112' title='bbox 270 1391 318 1441; x_wconf 92' lang='lat' dir='ltr'><strong>aut</strong></span> <span class='ocrx_word' id='word_1_113' title='bbox 333 1383 454 1443; x_wconf 87' lang='lat' dir='ltr'><strong>duritiae</strong></span> <span class='ocrx_word' id='word_1_114' title='bbox 468 1384 575 1462; x_wconf 85' lang='lat' dir='ltr'><strong>lapillis</strong></span> <span class='ocrx_word' id='word_1_115' title='bbox 586 1385 705 1462; x_wconf 86' lang='lat' dir='ltr'><strong>similes,</strong></span> <span class='ocrx_word' id='word_1_116' title='bbox 724 1386 871 1462; x_wconf 90' lang='lat' dir='ltr'><strong>candidae,</strong></span> <span class='ocrx_word' id='word_1_117' title='bbox 884 1388 956 1446; x_wconf 89' lang='lat' dir='ltr'><strong>sicut</strong></span> <span class='ocrx_word' id='word_1_118' title='bbox 970 1386 998 1443; x_wconf 93' lang='lat' dir='ltr'><strong>in</strong></span> <span class='ocrx_word' id='word_1_119' title='bbox 1015 1384 1075 1443; x_wconf 87' lang='lat' dir='ltr'><strong>vol·</strong></span> 
     </span>
     <span class='ocr_line' id='line_1_15' title="bbox 87 1466 1075 1546; baseline -0.002 -19"><span class='ocrx_word' id='word_1_120' title='bbox 87 1471 151 1546; x_wconf 88' lang='lat' dir='ltr'><strong>gari</strong></span> <span class='ocrx_word' id='word_1_121' title='bbox 167 1485 230 1542; x_wconf 86' lang='lat' dir='ltr'><strong>sue,</strong></span> <span class='ocrx_word' id='word_1_122' title='bbox 247 1466 348 1544; x_wconf 94' lang='lat' dir='ltr'><strong>quibus</strong></span> <span class='ocrx_word' id='word_1_123' title='bbox 365 1468 493 1526; x_wconf 88' lang='lat' dir='ltr'><strong>contritis</strong></span> <span class='ocrx_word' id='word_1_124' title='bbox 515 1477 601 1546; x_wconf 86' lang='lat' dir='ltr'><strong>atque</strong></span> <span class='ocrx_word' id='word_1_125' title='bbox 615 1470 692 1546; x_wconf 87' lang='lat' dir='ltr'><strong>potis</strong></span> <span class='ocrx_word' id='word_1_126' title='bbox 714 1472 743 1528; x_wconf 91' lang='lat' dir='ltr'><strong>in</strong></span> <span class='ocrx_word' id='word_1_127' title='bbox 767 1472 832 1529; x_wconf 88' lang='lat' dir='ltr'><strong>vino</strong></span> <span class='ocrx_word' id='word_1_128' title='bbox 852 1470 922 1546; x_wconf 86' lang='lat' dir='ltr'><strong>pelli</strong></span> <span class='ocrx_word' id='word_1_129' title='bbox 944 1467 1075 1527; x_wconf 88' lang='lat' dir='ltr'><strong>calculos</strong></span> 
     </span>
     <span class='ocr_line' id='line_1_16' title="bbox 53 1551 1075 1628; baseline -0.005 -14"><span class='ocrx_word' id='word_1_130' title='bbox 53 1553 178 1614; x_wconf 78' lang='lat' dir='ltr'><strong>malunt.</strong></span> <span class='ocrx_word' id='word_1_131' title='bbox 213 1551 268 1628; x_wconf 87' lang='lat' dir='ltr'><strong>ipsi</strong></span> <span class='ocrx_word' id='word_1_132' title='bbox 284 1566 356 1627; x_wconf 85' lang='lat' dir='ltr'><strong>apro</strong></span> <span class='ocrx_word' id='word_1_133' title='bbox 377 1559 434 1610; x_wconf 91' lang='lat' dir='ltr'><strong>tam</strong></span> <span class='ocrx_word' id='word_1_134' title='bbox 455 1552 552 1626; x_wconf 88' lang='lat' dir='ltr'><strong>gravis</strong></span> <span class='ocrx_word' id='word_1_135' title='bbox 574 1554 654 1611; x_wconf 91' lang='lat' dir='ltr'><strong>urina</strong></span> <span class='ocrx_word' id='word_1_136' title='bbox 674 1560 719 1612; x_wconf 89' lang='lat' dir='ltr'><strong>est</strong></span> <span class='ocrx_word' id='word_1_137' title='bbox 742 1561 770 1612; x_wconf 90' lang='lat' dir='ltr'><strong>ut</strong></span> <span class='ocrx_word' id='word_1_138' title='bbox 790 1553 843 1611; x_wconf 90' lang='lat' dir='ltr'><strong>nisi</strong></span> <span class='ocrx_word' id='word_1_139' title='bbox 865 1560 966 1627; x_wconf 88' lang='lat' dir='ltr'><strong>egesta</strong></span> <span class='ocrx_word' id='word_1_140' title='bbox 987 1552 1075 1626; x_wconf 84' lang='lat' dir='ltr'><strong>lugae</strong></span> 
     </span>
     <span class='ocr_line' id='line_1_17' title="bbox 86 1632 1076 1712; baseline -0.002 -19"><span class='ocrx_word' id='word_1_141' title='bbox 86 1653 144 1696; x_wconf 90' lang='lat' dir='ltr'><strong>non</strong></span> <span class='ocrx_word' id='word_1_142' title='bbox 159 1633 284 1693; x_wconf 81' lang='lat' dir='ltr'><strong>sufficiat</strong></span> <span class='ocrx_word' id='word_1_143' title='bbox 294 1632 427 1692; x_wconf 83' lang='lat' dir='ltr'><strong>aeveluti</strong></span> <span class='ocrx_word' id='word_1_144' title='bbox 439 1633 587 1692; x_wconf 84' lang='lat' dir='ltr'><strong>devinctus</strong></span> <span class='ocrx_word' id='word_1_145' title='bbox 602 1636 789 1712; x_wconf 81' lang='lat' dir='ltr'><strong>opprimatur,</strong></span> <span class='ocrx_word' id='word_1_146' title='bbox 804 1636 885 1693; x_wconf 86' lang='lat' dir='ltr'><strong>exuri</strong></span> <span class='ocrx_word' id='word_1_147' title='bbox 901 1634 950 1692; x_wconf 90' lang='lat' dir='ltr'><strong>illa</strong></span> <span class='ocrx_word' id='word_1_148' title='bbox 963 1633 1076 1692; x_wconf 88' lang='lat' dir='ltr'><strong>tradunt</strong></span> 
     </span>
     <span class='ocr_line' id='line_1_18' title="bbox 86 1713 1117 1795; baseline -0.002 -18"><span class='ocrx_word' id='word_1_149' title='bbox 86 1736 152 1777; x_wconf 89' lang='lat' dir='ltr'><strong>eos.</strong></span> <span class='ocrx_word' id='word_1_150' title='bbox 184 1718 295 1795; x_wconf 80' lang='lat' dir='ltr'><strong>leporis</strong></span> <span class='ocrx_word' id='word_1_151' title='bbox 310 1733 397 1775; x_wconf 90' lang='lat' dir='ltr'><strong>renes</strong></span> <span class='ocrx_word' id='word_1_152' title='bbox 411 1718 561 1776; x_wconf 85' lang='lat' dir='ltr'><strong>inveterati</strong></span> <span class='ocrx_word' id='word_1_153' title='bbox 583 1717 611 1774; x_wconf 93' lang='lat' dir='ltr'><strong>in</strong></span> <span class='ocrx_word' id='word_1_154' title='bbox 632 1718 700 1775; x_wconf 86' lang='lat' dir='ltr'><strong>vino</strong></span> <span class='ocrx_word' id='word_1_155' title='bbox 716 1719 777 1794; x_wconf 88' lang='lat' dir='ltr'><strong>poti</strong></span> <span class='ocrx_word' id='word_1_156' title='bbox 792 1715 921 1775; x_wconf 90' lang='lat' dir='ltr'><strong>calculos</strong></span> <span class='ocrx_word' id='word_1_157' title='bbox 937 1713 1117 1793; x_wconf 70' lang='lat' dir='ltr'><strong>polluctura</strong></span> 
     </span>
     <span class='ocr_line' id='line_1_19' title="bbox 85 1797 1117 1877; baseline -0.01 -17"><span class='ocrx_word' id='word_1_158' title='bbox 85 1803 115 1861; x_wconf 91' lang='lat' dir='ltr'><strong>iu</strong></span> <span class='ocrx_word' id='word_1_159' title='bbox 131 1818 221 1877; x_wconf 85' lang='lat' dir='ltr'><strong>perna</strong></span> <span class='ocrx_word' id='word_1_160' title='bbox 244 1816 323 1857; x_wconf 89' lang='lat' dir='ltr'><strong>suum</strong></span> <span class='ocrx_word' id='word_1_161' title='bbox 338 1799 477 1859; x_wconf 89' lang='lat' dir='ltr'><strong>articulus</strong></span> <span class='ocrx_word' id='word_1_162' title='bbox 499 1816 567 1857; x_wconf 90' lang='lat' dir='ltr'><strong>esse</strong></span> <span class='ocrx_word' id='word_1_163' title='bbox 586 1798 707 1857; x_wconf 87' lang='lat' dir='ltr'><strong>diximus</strong></span> <span class='ocrx_word' id='word_1_164' title='bbox 723 1816 842 1875; x_wconf 88' lang='lat' dir='ltr'><strong>quorum</strong></span> <span class='ocrx_word' id='word_1_165' title='bbox 862 1799 1012 1858; x_wconf 87' lang='lat' dir='ltr'><strong>decoctum</strong></span> <span class='ocrx_word' id='word_1_166' title='bbox 1031 1797 1117 1855; x_wconf 75' lang='lat' dir='ltr'><strong>iusso</strong></span> 
     </span>
     <span class='ocr_line' id='line_1_20' title="bbox 85 1882 1075 1959; baseline -0.005 -16"><span class='ocrx_word' id='word_1_167' title='bbox 85 1884 162 1943; x_wconf 87' lang='lat' dir='ltr'><strong>iacit</strong></span> <span class='ocrx_word' id='word_1_168' title='bbox 174 1885 271 1943; x_wconf 88' lang='lat' dir='ltr'><strong>urinae</strong></span> <span class='ocrx_word' id='word_1_169' title='bbox 285 1882 365 1941; x_wconf 91' lang='lat' dir='ltr'><strong>utile.</strong></span> <span class='ocrx_word' id='word_1_170' title='bbox 387 1884 458 1941; x_wconf 87' lang='lat' dir='ltr'><strong>asini</strong></span> <span class='ocrx_word' id='word_1_171' title='bbox 471 1899 558 1940; x_wconf 88' lang='lat' dir='ltr'><strong>renes</strong></span> <span class='ocrx_word' id='word_1_172' title='bbox 569 1882 719 1941; x_wconf 85' lang='lat' dir='ltr'><strong>inveterati</strong></span> <span class='ocrx_word' id='word_1_173' title='bbox 732 1883 846 1959; x_wconf 78' lang='lat' dir='ltr'><strong>tritique</strong></span> <span class='ocrx_word' id='word_1_174' title='bbox 861 1899 898 1939; x_wconf 88' lang='lat' dir='ltr'><strong>ex</strong></span> <span class='ocrx_word' id='word_1_175' title='bbox 913 1882 979 1940; x_wconf 90' lang='lat' dir='ltr'><strong>vino</strong></span> <span class='ocrx_word' id='word_1_176' title='bbox 994 1896 1075 1939; x_wconf 87' lang='lat' dir='ltr'><strong>mero</strong></span> 
     </span>
     <span class='ocr_line' id='line_1_21' title="bbox 45 1963 1076 2046; baseline -0.009 -16"><span class='ocrx_word' id='word_1_177' title='bbox 45 1990 76 2030; x_wconf 80' lang='lat' dir='ltr'><strong>ao</strong></span> <span class='ocrx_word' id='word_1_178' title='bbox 88 1967 151 2026; x_wconf 91' lang='lat' dir='ltr'><strong>dati</strong></span> <span class='ocrx_word' id='word_1_179' title='bbox 166 1967 280 2025; x_wconf 85' lang='lat' dir='ltr'><strong>vesicae</strong></span> <span class='ocrx_word' id='word_1_180' title='bbox 294 1966 451 2024; x_wconf 90' lang='lat' dir='ltr'><strong>medentur.</strong></span> <span class='ocrx_word' id='word_1_181' title='bbox 481 1963 609 2024; x_wconf 89' lang='lat' dir='ltr'><strong>calculos</strong></span> <span class='ocrx_word' id='word_1_182' title='bbox 623 1965 770 2043; x_wconf 85' lang='lat' dir='ltr'><strong>expellunt</strong></span> <span class='ocrx_word' id='word_1_183' title='bbox 784 1964 913 2046; x_wconf 77' lang='lat' dir='ltr'><strong>lichenes</strong></span> <span class='ocrx_word' id='word_1_184' title='bbox 928 1964 1022 2042; x_wconf 89' lang='lat' dir='ltr'><strong>equini</strong></span> <span class='ocrx_word' id='word_1_185' title='bbox 1038 1980 1076 2021; x_wconf 83' lang='lat' dir='ltr'><strong>ex</strong></span> 
     </span>
     <span class='ocr_line' id='line_1_22' title="bbox 85 2046 1075 2127; baseline -0.004 -18"><span class='ocrx_word' id='word_1_186' title='bbox 85 2051 159 2109; x_wconf 85' lang='lat' dir='ltr'><strong>vino</strong></span> <span class='ocrx_word' id='word_1_187' title='bbox 172 2058 220 2107; x_wconf 93' lang='lat' dir='ltr'><strong>ant</strong></span> <span class='ocrx_word' id='word_1_188' title='bbox 232 2049 323 2109; x_wconf 89' lang='lat' dir='ltr'><strong>mulso</strong></span> <span class='ocrx_word' id='word_1_189' title='bbox 338 2050 399 2127; x_wconf 87' lang='lat' dir='ltr'><strong>poti</strong></span> <span class='ocrx_word' id='word_1_190' title='bbox 415 2046 516 2107; x_wconf 90' lang='lat' dir='ltr'><strong>diebus</strong></span> <span class='ocrx_word' id='word_1_191' title='bbox 533 2046 591 2107; x_wconf 81' lang='lat' dir='ltr'><strong>XL.</strong></span> <span class='ocrx_word' id='word_1_192' title='bbox 627 2048 746 2126; x_wconf 87' lang='lat' dir='ltr'><strong>prodest</strong></span> <span class='ocrx_word' id='word_1_193' title='bbox 766 2057 795 2107; x_wconf 88' lang='lat' dir='ltr'><strong>et</strong></span> <span class='ocrx_word' id='word_1_194' title='bbox 814 2048 938 2124; x_wconf 91' lang='lat' dir='ltr'><strong>ungulae</strong></span> <span class='ocrx_word' id='word_1_195' title='bbox 953 2048 1075 2125; x_wconf 92' lang='lat' dir='ltr'><strong>equinae</strong></span> 
     </span>
     <span class='ocr_line' id='line_1_23' title="bbox 85 2130 1074 2210; baseline -0.005 -17"><span class='ocrx_word' id='word_1_196' title='bbox 85 2134 164 2193; x_wconf 90' lang='lat' dir='ltr'><strong>cinis</strong></span> <span class='ocrx_word' id='word_1_197' title='bbox 178 2134 206 2189; x_wconf 93' lang='lat' dir='ltr'><strong>in</strong></span> <span class='ocrx_word' id='word_1_198' title='bbox 224 2135 290 2191; x_wconf 85' lang='lat' dir='ltr'><strong>vino</strong></span> <span class='ocrx_word' id='word_1_199' title='bbox 306 2140 354 2191; x_wconf 94' lang='lat' dir='ltr'><strong>aut</strong></span> <span class='ocrx_word' id='word_1_200' title='bbox 367 2148 458 2210; x_wconf 90' lang='lat' dir='ltr'><strong>aqua,</strong></span> <span class='ocrx_word' id='word_1_201' title='bbox 477 2132 544 2191; x_wconf 86' lang='lat' dir='ltr'><strong>item</strong></span> <span class='ocrx_word' id='word_1_202' title='bbox 560 2131 655 2190; x_wconf 86' lang='lat' dir='ltr'><strong>dmum</strong></span> <span class='ocrx_word' id='word_1_203' title='bbox 669 2148 816 2209; x_wconf 88' lang='lat' dir='ltr'><strong>caprarum</strong></span> <span class='ocrx_word' id='word_1_204' title='bbox 832 2134 860 2190; x_wconf 92' lang='lat' dir='ltr'><strong>in</strong></span> <span class='ocrx_word' id='word_1_205' title='bbox 879 2130 988 2206; x_wconf 88' lang='lat' dir='ltr'><strong>mulso,</strong></span> <span class='ocrx_word' id='word_1_206' title='bbox 1013 2130 1074 2189; x_wconf 89' lang='lat' dir='ltr'><strong>eiii·</strong></span> 
     </span>
     <span class='ocr_line' id='line_1_24' title="bbox 85 2212 1074 2294; baseline -0.004 -18"><span class='ocrx_word' id='word_1_207' title='bbox 85 2218 188 2276; x_wconf 86' lang='lat' dir='ltr'><strong>caelus</strong></span> <span class='ocrx_word' id='word_1_208' title='bbox 210 2216 398 2290; x_wconf 78' lang='lat' dir='ltr'><strong>silvestrium,</strong></span> <span class='ocrx_word' id='word_1_209' title='bbox 423 2215 473 2293; x_wconf 88' lang='lat' dir='ltr'><strong>pili</strong></span> <span class='ocrx_word' id='word_1_210' title='bbox 496 2231 611 2293; x_wconf 90' lang='lat' dir='ltr'><strong>quoque</strong></span> <span class='ocrx_word' id='word_1_211' title='bbox 634 2216 741 2294; x_wconf 88' lang='lat' dir='ltr'><strong>caprini</strong></span> <span class='ocrx_word' id='word_1_212' title='bbox 769 2216 857 2291; x_wconf 89' lang='lat' dir='ltr'><strong>cinis,</strong></span> <span class='ocrx_word' id='word_1_213' title='bbox 884 2212 1074 2274; x_wconf 86' lang='lat' dir='ltr'><strong>verendorum</strong></span> 
     </span>
     <span class='ocr_line' id='line_1_25' title="bbox 86 2297 1117 2377; baseline 0.001 -18"><span class='ocrx_word' id='word_1_214' title='bbox 86 2299 271 2359; x_wconf 86' lang='lat' dir='ltr'><strong>carbunculis</strong></span> <span class='ocrx_word' id='word_1_215' title='bbox 291 2297 440 2357; x_wconf 87' lang='lat' dir='ltr'><strong>cerebrum</strong></span> <span class='ocrx_word' id='word_1_216' title='bbox 456 2300 519 2377; x_wconf 88' lang='lat' dir='ltr'><strong>apri</strong></span> <span class='ocrx_word' id='word_1_217' title='bbox 538 2298 588 2357; x_wconf 82' lang='lat' dir='ltr'><strong>vel</strong></span> <span class='ocrx_word' id='word_1_218' title='bbox 605 2301 665 2357; x_wconf 92' lang='lat' dir='ltr'><strong>suis</strong></span> <span class='ocrx_word' id='word_1_219' title='bbox 686 2300 868 2375; x_wconf 83' lang='lat' dir='ltr'><strong>sanguisque.</strong></span> <span class='ocrx_word' id='word_1_220' title='bbox 901 2299 967 2357; x_wconf 86' lang='lat' dir='ltr'><strong>uitia</strong></span> <span class='ocrx_word' id='word_1_221' title='bbox 981 2306 1117 2360; x_wconf 76' lang='lat' dir='ltr'><strong>venetii</strong></span> 
     </span>
     <span class='ocr_line' id='line_1_26' title="bbox 48 2380 1074 2461; baseline -0.001 -21"><span class='ocrx_word' id='word_1_222' title='bbox 48 2401 76 2440; x_wconf 74' lang='lat' dir='ltr'><strong>aa</strong></span> <span class='ocrx_word' id='word_1_223' title='bbox 88 2401 165 2461; x_wconf 92' lang='lat' dir='ltr'><strong>quae</strong></span> <span class='ocrx_word' id='word_1_224' title='bbox 186 2384 217 2442; x_wconf 94' lang='lat' dir='ltr'><strong>iu</strong></span> <span class='ocrx_word' id='word_1_225' title='bbox 231 2380 332 2441; x_wconf 87' lang='lat' dir='ltr'><strong>eadem</strong></span> <span class='ocrx_word' id='word_1_226' title='bbox 348 2390 430 2459; x_wconf 87' lang='lat' dir='ltr'><strong>parte</strong></span> <span class='ocrx_word' id='word_1_227' title='bbox 449 2389 568 2460; x_wconf 86' lang='lat' dir='ltr'><strong>serpunt</strong></span> <span class='ocrx_word' id='word_1_228' title='bbox 591 2382 672 2441; x_wconf 89' lang='lat' dir='ltr'><strong>iocur</strong></span> <span class='ocrx_word' id='word_1_229' title='bbox 692 2399 791 2441; x_wconf 86' lang='lat' dir='ltr'><strong>eorum</strong></span> <span class='ocrx_word' id='word_1_230' title='bbox 805 2380 999 2456; x_wconf 86' lang='lat' dir='ltr'><strong>combustum,</strong></span> <span class='ocrx_word' id='word_1_231' title='bbox 1017 2398 1074 2440; x_wconf 92' lang='lat' dir='ltr'><strong>ma·</strong></span> 
     </span>
     <span class='ocr_line' id='line_1_27' title="bbox 84 2464 1073 2543; baseline -0.007 -16"><span class='ocrx_word' id='word_1_232' title='bbox 84 2483 173 2527; x_wconf 74' lang='lat' dir='ltr'><strong>xunm</strong></span> <span class='ocrx_word' id='word_1_233' title='bbox 188 2466 301 2543; x_wconf 88' lang='lat' dir='ltr'><strong>iunipiri</strong></span> <span class='ocrx_word' id='word_1_234' title='bbox 317 2465 407 2541; x_wconf 89' lang='lat' dir='ltr'><strong>ligno,</strong></span> <span class='ocrx_word' id='word_1_235' title='bbox 423 2482 487 2523; x_wconf 90' lang='lat' dir='ltr'><strong>cum</strong></span> <span class='ocrx_word' id='word_1_236' title='bbox 500 2464 596 2523; x_wconf 92' lang='lat' dir='ltr'><strong>charta</strong></span> <span class='ocrx_word' id='word_1_237' title='bbox 614 2474 643 2525; x_wconf 86' lang='lat' dir='ltr'><strong>et</strong></span> <span class='ocrx_word' id='word_1_238' title='bbox 655 2465 805 2525; x_wconf 87' lang='lat' dir='ltr'><strong>arrhenico</strong></span> <span class='ocrx_word' id='word_1_239' title='bbox 821 2473 910 2541; x_wconf 86' lang='lat' dir='ltr'><strong>sanat,</strong></span> <span class='ocrx_word' id='word_1_240' title='bbox 922 2466 980 2524; x_wconf 85' lang='lat' dir='ltr'><strong>huri</strong></span> <span class='ocrx_word' id='word_1_241' title='bbox 992 2464 1073 2537; x_wconf 85' lang='lat' dir='ltr'><strong>cinis,</strong></span> 
     </span>
     <span class='ocr_line' id='line_1_28' title="bbox 84 2544 1074 2625; baseline -0.008 -16"><span class='ocrx_word' id='word_1_242' title='bbox 84 2550 126 2609; x_wconf 87' lang='lat' dir='ltr'><strong>iel</strong></span> <span class='ocrx_word' id='word_1_243' title='bbox 142 2547 280 2608; x_wconf 91' lang='lat' dir='ltr'><strong>bubulum</strong></span> <span class='ocrx_word' id='word_1_244' title='bbox 302 2564 364 2606; x_wconf 92' lang='lat' dir='ltr'><strong>cum</strong></span> <span class='ocrx_word' id='word_1_245' title='bbox 385 2548 505 2607; x_wconf 89' lang='lat' dir='ltr'><strong>alumine</strong></span> <span class='ocrx_word' id='word_1_246' title='bbox 524 2547 671 2625; x_wconf 77' lang='lat' dir='ltr'><strong>Aegyptio</strong></span> <span class='ocrx_word' id='word_1_247' title='bbox 693 2566 727 2607; x_wconf 88' lang='lat' dir='ltr'><strong>au</strong></span> <span class='ocrx_word' id='word_1_248' title='bbox 742 2565 835 2609; x_wconf 88' lang='lat' dir='ltr'><strong>murra</strong></span> <span class='ocrx_word' id='word_1_249' title='bbox 855 2548 891 2607; x_wconf 90' lang='lat' dir='ltr'><strong>ad</strong></span> <span class='ocrx_word' id='word_1_250' title='bbox 910 2544 1074 2606; x_wconf 85' lang='lat' dir='ltr'><strong>crassitudi-</strong></span> 
     </span>
     <span class='ocr_line' id='line_1_29' title="bbox 84 2628 1074 2708; baseline -0.007 -16"><span class='ocrx_word' id='word_1_251' title='bbox 84 2651 150 2692; x_wconf 89' lang='lat' dir='ltr'><strong>nem</strong></span> <span class='ocrx_word' id='word_1_252' title='bbox 166 2632 263 2690; x_wconf 90' lang='lat' dir='ltr'><strong>mellis</strong></span> <span class='ocrx_word' id='word_1_253' title='bbox 279 2630 442 2705; x_wconf 87' lang='lat' dir='ltr'><strong>subactum,</strong></span> <span class='ocrx_word' id='word_1_254' title='bbox 459 2632 576 2708; x_wconf 88' lang='lat' dir='ltr'><strong>insuper</strong></span> <span class='ocrx_word' id='word_1_255' title='bbox 598 2629 664 2691; x_wconf 92' lang='lat' dir='ltr'><strong>beta</strong></span> <span class='ocrx_word' id='word_1_256' title='bbox 686 2648 723 2691; x_wconf 87' lang='lat' dir='ltr'><strong>ex</strong></span> <span class='ocrx_word' id='word_1_257' title='bbox 747 2632 813 2691; x_wconf 74' lang='lat' dir='ltr'><strong>unu</strong></span> <span class='ocrx_word' id='word_1_258' title='bbox 835 2640 919 2692; x_wconf 89' lang='lat' dir='ltr'><strong>cocta</strong></span> <span class='ocrx_word' id='word_1_259' title='bbox 940 2628 1074 2708; x_wconf 88' lang='lat' dir='ltr'><strong>inposita,</strong></span> 
     </span>
     <span class='ocr_line' id='line_1_30' title="bbox 84 2710 1072 2793; baseline -0.009 -17"><span class='ocrx_word' id='word_1_260' title='bbox 84 2732 155 2776; x_wconf 88' lang='lat' dir='ltr'><strong>earo</strong></span> <span class='ocrx_word' id='word_1_261' title='bbox 177 2732 309 2793; x_wconf 92' lang='lat' dir='ltr'><strong>quoque,</strong></span> <span class='ocrx_word' id='word_1_262' title='bbox 330 2716 469 2773; x_wconf 92' lang='lat' dir='ltr'><strong>manantia</strong></span> <span class='ocrx_word' id='word_1_263' title='bbox 485 2730 557 2773; x_wconf 79' lang='lat' dir='ltr'><strong>vero</strong></span> <span class='ocrx_word' id='word_1_264' title='bbox 573 2714 670 2774; x_wconf 87' lang='lat' dir='ltr'><strong>ulcera</strong></span> <span class='ocrx_word' id='word_1_265' title='bbox 692 2714 790 2773; x_wconf 88' lang='lat' dir='ltr'><strong>sebum</strong></span> <span class='ocrx_word' id='word_1_266' title='bbox 805 2732 867 2775; x_wconf 91' lang='lat' dir='ltr'><strong>cum</strong></span> <span class='ocrx_word' id='word_1_267' title='bbox 886 2712 1009 2773; x_wconf 87' lang='lat' dir='ltr'><strong>medulla</strong></span> <span class='ocrx_word' id='word_1_268' title='bbox 1032 2710 1072 2767; x_wconf 87' lang='lat' dir='ltr'><strong>ui·</strong></span> 
     </span>
     <span class='ocr_line' id='line_1_31' title="bbox 47 2796 1073 2875; baseline -0.006 -18"><span class='ocrx_word' id='word_1_269' title='bbox 47 2810 76 2850; x_wconf 72' lang='lat'><strong>2⁰</strong></span> <span class='ocrx_word' id='word_1_270' title='bbox 85 2800 137 2859; x_wconf 93' lang='lat' dir='ltr'><strong>tuli</strong></span> <span class='ocrx_word' id='word_1_271' title='bbox 152 2800 182 2857; x_wconf 93' lang='lat' dir='ltr'><strong>in</strong></span> <span class='ocrx_word' id='word_1_272' title='bbox 196 2799 264 2856; x_wconf 86' lang='lat' dir='ltr'><strong>uino</strong></span> <span class='ocrx_word' id='word_1_273' title='bbox 279 2798 442 2874; x_wconf 88' lang='lat' dir='ltr'><strong>decoctum,</strong></span> <span class='ocrx_word' id='word_1_274' title='bbox 463 2797 502 2857; x_wconf 92' lang='lat' dir='ltr'><strong>iel</strong></span> <span class='ocrx_word' id='word_1_275' title='bbox 518 2799 665 2875; x_wconf 87' lang='lat' dir='ltr'><strong>caprinum</strong></span> <span class='ocrx_word' id='word_1_276' title='bbox 679 2813 741 2857; x_wconf 91' lang='lat' dir='ltr'><strong>cum</strong></span> <span class='ocrx_word' id='word_1_277' title='bbox 756 2799 843 2858; x_wconf 90' lang='lat' dir='ltr'><strong>melle</strong></span> <span class='ocrx_word' id='word_1_278' title='bbox 856 2796 975 2873; x_wconf 90' lang='lat' dir='ltr'><strong>rubique</strong></span> <span class='ocrx_word' id='word_1_279' title='bbox 993 2810 1073 2868; x_wconf 88' lang='lat' dir='ltr'><strong>suco,</strong></span> 
     </span>
     <span class='ocr_line' id='line_1_32' title="bbox 86 2879 1074 2959; baseline -0.008 -18"><span class='ocrx_word' id='word_1_280' title='bbox 86 2882 135 2941; x_wconf 83' lang='lat' dir='ltr'><strong>vel</strong></span> <span class='ocrx_word' id='word_1_281' title='bbox 156 2882 183 2940; x_wconf 89' lang='lat' dir='ltr'><strong>si</strong></span> <span class='ocrx_word' id='word_1_282' title='bbox 203 2890 336 2959; x_wconf 87' lang='lat' dir='ltr'><strong>serpant,</strong></span> <span class='ocrx_word' id='word_1_283' title='bbox 359 2880 451 2939; x_wconf 89' lang='lat' dir='ltr'><strong>limum</strong></span> <span class='ocrx_word' id='word_1_284' title='bbox 473 2880 556 2940; x_wconf 91' lang='lat' dir='ltr'><strong>etiam</strong></span> <span class='ocrx_word' id='word_1_285' title='bbox 577 2881 719 2959; x_wconf 87' lang='lat' dir='ltr'><strong>prodesse</strong></span> <span class='ocrx_word' id='word_1_286' title='bbox 737 2899 799 2941; x_wconf 89' lang='lat' dir='ltr'><strong>cum</strong></span> <span class='ocrx_word' id='word_1_287' title='bbox 819 2880 905 2939; x_wconf 87' lang='lat' dir='ltr'><strong>melle</strong></span> <span class='ocrx_word' id='word_1_288' title='bbox 921 2879 1007 2937; x_wconf 81' lang='lat' dir='ltr'><strong>uiant</strong></span> <span class='ocrx_word' id='word_1_289' title='bbox 1023 2884 1074 2935; x_wconf 88' lang='lat' dir='ltr'><strong>aut</strong></span> 
     </span>
     <span class='ocr_line' id='line_1_33' title="bbox 87 2958 1113 3041; baseline -0.003 -17"><span class='ocrx_word' id='word_1_290' title='bbox 87 2982 152 3024; x_wconf 90' lang='lat' dir='ltr'><strong>curu</strong></span> <span class='ocrx_word' id='word_1_291' title='bbox 167 2972 253 3023; x_wconf 91' lang='lat' dir='ltr'><strong>aceto</strong></span> <span class='ocrx_word' id='word_1_292' title='bbox 269 2972 300 3023; x_wconf 88' lang='lat' dir='ltr'><strong>et</strong></span> <span class='ocrx_word' id='word_1_293' title='bbox 323 2981 377 3041; x_wconf 88' lang='lat' dir='ltr'><strong>per</strong></span> <span class='ocrx_word' id='word_1_294' title='bbox 397 2982 430 3022; x_wconf 86' lang='lat' dir='ltr'><strong>se</strong></span> <span class='ocrx_word' id='word_1_295' title='bbox 450 2964 591 3037; x_wconf 78' lang='lat' dir='ltr'><strong>butyrum.</strong></span> <span class='ocrx_word' id='word_1_296' title='bbox 621 2963 746 3023; x_wconf 79' lang='lat' dir='ltr'><strong>&#39;lentium</strong></span> <span class='ocrx_word' id='word_1_297' title='bbox 764 2974 856 3023; x_wconf 87' lang='lat' dir='ltr'><strong>tumor</strong></span> <span class='ocrx_word' id='word_1_298' title='bbox 878 2959 950 3019; x_wconf 89' lang='lat' dir='ltr'><strong>sebo</strong></span> <span class='ocrx_word' id='word_1_299' title='bbox 972 2958 1051 3020; x_wconf 83' lang='lat' dir='ltr'><strong>rituli</strong></span> <span class='ocrx_word' id='word_1_300' title='bbox 1062 2966 1113 3021; x_wconf 76' lang='lat'><strong>215</strong></span> 
     </span>
     <span class='ocr_line' id='line_1_34' title="bbox 87 3044 1072 3108; baseline -0.007 -2"><span class='ocrx_word' id='word_1_301' title='bbox 87 3048 186 3108; x_wconf 88' lang='lat' dir='ltr'><strong>addito</strong></span> <span class='ocrx_word' id='word_1_302' title='bbox 208 3049 283 3105; x_wconf 87' lang='lat' dir='ltr'><strong>nitro</strong></span> <span class='ocrx_word' id='word_1_303' title='bbox 301 3046 449 3105; x_wconf 87' lang='lat' dir='ltr'><strong>cohibetur</strong></span> <span class='ocrx_word' id='word_1_304' title='bbox 469 3048 517 3105; x_wconf 81' lang='lat' dir='ltr'><strong>sel</strong></span> <span class='ocrx_word' id='word_1_305' title='bbox 540 3048 605 3106; x_wconf 90' lang='lat' dir='ltr'><strong>iimo</strong></span> <span class='ocrx_word' id='word_1_306' title='bbox 627 3047 753 3107; x_wconf 89' lang='lat' dir='ltr'><strong>eiusdem</strong></span> <span class='ocrx_word' id='word_1_307' title='bbox 776 3064 813 3105; x_wconf 88' lang='lat' dir='ltr'><strong>ex</strong></span> <span class='ocrx_word' id='word_1_308' title='bbox 832 3052 917 3104; x_wconf 87' lang='lat' dir='ltr'><strong>aceto</strong></span> <span class='ocrx_word' id='word_1_309' title='bbox 938 3044 1072 3101; x_wconf 87' lang='lat' dir='ltr'><strong>decoctu.</strong></span> 
     </span>
     <span class='ocr_line' id='line_1_35' title="bbox 86 3128 1071 3207; baseline -0.008 -17"><span class='ocrx_word' id='word_1_310' title='bbox 86 3131 196 3191; x_wconf 87' lang='lat' dir='ltr'><strong>Uriuae</strong></span> <span class='ocrx_word' id='word_1_311' title='bbox 212 3130 445 3189; x_wconf 87' lang='lat' dir='ltr'><strong>incontinentiam</strong></span> <span class='ocrx_word' id='word_1_312' title='bbox 466 3128 583 3189; x_wconf 88' lang='lat' dir='ltr'><strong>cohibet</strong></span> <span class='ocrx_word' id='word_1_313' title='bbox 598 3130 698 3190; x_wconf 83' lang='lat' dir='ltr'><strong>vesica</strong></span> <span class='ocrx_word' id='word_1_314' title='bbox 722 3146 843 3207; x_wconf 86' lang='lat' dir='ltr'><strong>apruna,</strong></span> <span class='ocrx_word' id='word_1_315' title='bbox 866 3128 890 3185; x_wconf 91' lang='lat' dir='ltr'><strong>si</strong></span> <span class='ocrx_word' id='word_1_316' title='bbox 910 3142 975 3184; x_wconf 89' lang='lat' dir='ltr'><strong>assa</strong></span> <span class='ocrx_word' id='word_1_317' title='bbox 996 3142 1071 3185; x_wconf 92' lang='lat' dir='ltr'><strong>man·</strong></span> 
     </span>
     <span class='ocr_line' id='line_1_36' title="bbox 38 3211 1073 3291; baseline -0.006 -18"><span class='ocrx_word' id='word_1_318' title='bbox 38 3232 74 3273; x_wconf 74' lang='lat' dir='ltr'><strong>aa</strong></span> <span class='ocrx_word' id='word_1_319' title='bbox 85 3214 181 3289; x_wconf 90' lang='lat' dir='ltr'><strong>datur,</strong></span> <span class='ocrx_word' id='word_1_320' title='bbox 195 3212 364 3289; x_wconf 88' lang='lat' dir='ltr'><strong>ungularum</strong></span> <span class='ocrx_word' id='word_1_321' title='bbox 378 3214 439 3289; x_wconf 87' lang='lat' dir='ltr'><strong>apri</strong></span> <span class='ocrx_word' id='word_1_322' title='bbox 452 3211 502 3272; x_wconf 89' lang='lat' dir='ltr'><strong>vel</strong></span> <span class='ocrx_word' id='word_1_323' title='bbox 517 3212 576 3271; x_wconf 90' lang='lat' dir='ltr'><strong>suis</strong></span> <span class='ocrx_word' id='word_1_324' title='bbox 588 3214 659 3272; x_wconf 87' lang='lat' dir='ltr'><strong>cinis</strong></span> <span class='ocrx_word' id='word_1_325' title='bbox 677 3212 785 3291; x_wconf 88' lang='lat' dir='ltr'><strong>potioni</strong></span> <span class='ocrx_word' id='word_1_326' title='bbox 801 3214 958 3289; x_wconf 87' lang='lat' dir='ltr'><strong>inspersus,</strong></span> <span class='ocrx_word' id='word_1_327' title='bbox 975 3211 1073 3268; x_wconf 84' lang='lat' dir='ltr'><strong>vesica</strong></span> 
     </span>
     <span class='ocr_line' id='line_1_37' title="bbox 83 3292 1072 3372; baseline -0.006 -15"><span class='ocrx_word' id='word_1_328' title='bbox 83 3298 211 3357; x_wconf 87' lang='lat' dir='ltr'><strong>ieminae</strong></span> <span class='ocrx_word' id='word_1_329' title='bbox 227 3297 286 3355; x_wconf 89' lang='lat' dir='ltr'><strong>suis</strong></span> <span class='ocrx_word' id='word_1_330' title='bbox 300 3294 448 3356; x_wconf 88' lang='lat' dir='ltr'><strong>combusta</strong></span> <span class='ocrx_word' id='word_1_331' title='bbox 463 3314 498 3355; x_wconf 90' lang='lat' dir='ltr'><strong>ac</strong></span> <span class='ocrx_word' id='word_1_332' title='bbox 512 3303 596 3372; x_wconf 86' lang='lat' dir='ltr'><strong>pota,</strong></span> <span class='ocrx_word' id='word_1_333' title='bbox 612 3298 679 3354; x_wconf 85' lang='lat' dir='ltr'><strong>item</strong></span> <span class='ocrx_word' id='word_1_334' title='bbox 693 3294 791 3371; x_wconf 89' lang='lat' dir='ltr'><strong>haedi,</strong></span> <span class='ocrx_word' id='word_1_335' title='bbox 805 3295 853 3354; x_wconf 83' lang='lat' dir='ltr'><strong>uel</strong></span> <span class='ocrx_word' id='word_1_336' title='bbox 870 3292 977 3371; x_wconf 86' lang='lat' dir='ltr'><strong>pulmo,</strong></span> <span class='ocrx_word' id='word_1_337' title='bbox 992 3310 1072 3351; x_wconf 89' lang='lat' dir='ltr'><strong>cere·</strong></span> 
     </span>
     <span class='ocr_line' id='line_1_38' title="bbox 82 3376 1077 3458; baseline -0.008 -17"><span class='ocrx_word' id='word_1_338' title='bbox 82 3381 169 3441; x_wconf 93' lang='lat' dir='ltr'><strong>brum</strong></span> <span class='ocrx_word' id='word_1_339' title='bbox 182 3380 294 3458; x_wconf 83' lang='lat' dir='ltr'><strong>leporis</strong></span> <span class='ocrx_word' id='word_1_340' title='bbox 304 3381 332 3437; x_wconf 91' lang='lat' dir='ltr'><strong>in</strong></span> <span class='ocrx_word' id='word_1_341' title='bbox 343 3380 422 3451; x_wconf 85' lang='lat' dir='ltr'><strong>vino,</strong></span> <span class='ocrx_word' id='word_1_342' title='bbox 436 3378 561 3437; x_wconf 92' lang='lat' dir='ltr'><strong>eiusdem</strong></span> <span class='ocrx_word' id='word_1_343' title='bbox 572 3376 696 3437; x_wconf 90' lang='lat' dir='ltr'><strong>testiculi</strong></span> <span class='ocrx_word' id='word_1_344' title='bbox 708 3380 775 3437; x_wconf 86' lang='lat' dir='ltr'><strong>tosti</strong></span> <span class='ocrx_word' id='word_1_345' title='bbox 786 3377 833 3436; x_wconf 88' lang='lat' dir='ltr'><strong>vel</strong></span> <span class='ocrx_word' id='word_1_346' title='bbox 846 3376 996 3450; x_wconf 84' lang='lat' dir='ltr'><strong>coagulum</strong></span> <span class='ocrx_word' id='word_1_347' title='bbox 1009 3382 1077 3434; x_wconf 78' lang='lat' dir='ltr'><strong>curn.</strong></span> 
     </span>
    </p>
   </div>
   <div class='ocr_carea' id='block_1_3' title="bbox 82 3456 1071 3601">
    <p class='ocr_par' dir='ltr' id='par_1_3' title="bbox 82 3456 1071 3601">
     <span class='ocr_line' id='line_1_39' title="bbox 82 3456 1071 3601; baseline -0.011 -75"><span class='ocrx_word' id='word_1_348' title='bbox 82 3466 225 3526; x_wconf 85' lang='lat' dir='ltr'><strong>anserino</strong></span> <span class='ocrx_word' id='word_1_349' title='bbox 241 3462 327 3541; x_wconf 85' lang='lat' dir='ltr'><strong>adipe</strong></span> <span class='ocrx_word' id='word_1_350' title='bbox 341 3464 369 3522; x_wconf 93' lang='lat' dir='ltr'><strong>in</strong></span> <span class='ocrx_word' id='word_1_351' title='bbox 383 3462 509 3541; x_wconf 81' lang='lat' dir='ltr'><strong>polenta,</strong></span> <span class='ocrx_word' id='word_1_352' title='bbox 525 3478 611 3521; x_wconf 89' lang='lat' dir='ltr'><strong>renes</strong></span> <span class='ocrx_word' id='word_1_353' title='bbox 622 3460 723 3523; x_wconf 91' lang='lat' dir='ltr'><strong>asinini</strong></span> <span class='ocrx_word' id='word_1_354' title='bbox 740 3461 767 3518; x_wconf 94' lang='lat' dir='ltr'><strong>in</strong></span> <span class='ocrx_word' id='word_1_355' title='bbox 779 3476 863 3599; x_wconf 77' lang='lat' dir='ltr'><strong>merq</strong></span> <span class='ocrx_word' id='word_1_356' title='bbox 870 3459 928 3601; x_wconf 61' lang='lat' dir='ltr'><strong>t3riqi</strong></span> <span class='ocrx_word' id='word_1_357' title='bbox 944 3456 1071 3536; x_wconf 82' lang='lat' dir='ltr'><strong>polique.</strong></span> 
     </span>
    </p>
   </div>
   <div class='ocr_carea' id='block_1_4' title="bbox 0 0 1246 3817">
    <p class='ocr_par' dir='ltr' id='par_1_4' title="bbox 0 0 1246 3817">
     <span class='ocr_line' id='line_1_40' title="bbox 0 0 1246 3817; baseline 0 7"><span class='ocrx_word' id='word_1_358' title='bbox 0 0 1246 3817; x_wconf 95' lang='lat' dir='ltr'><strong> </strong></span> 
     </span>
    </p>
   </div>
  </div>
 </body>
</html>
