2484 3817
326 202 407 250 usu.
424 202 514 251 mss.
530 203 639 251 xxvm.
656 200 681 255 4.
698 196 831 268 (ιι-ιο.)
1017 195 1076 258 133

83 356 181 435 ganda
197 357 308 417 curatio
322 364 369 416 aut
384 356 556 418 coercenda.
593 356 841 419 haemorrhoidum
857 375 973 439 qnoque
988 359 1076 422 abun·

84 442 210 502 dantium
224 440 329 499 leniter
343 441 425 500 sistit.
468 441 643 515 dysinteriae
658 441 811 503 infunditur
828 451 874 518 et,
889 446 914 502 si
931 442 1075 505 difficilius
1085 457 1120 510 20

85 532 305 603 concoquantnr
327 522 400 600 cibi,
420 522 525 583 bibitur
545 543 563 584 a
584 542 656 584 esna
680 525 794 585 modico
812 526 980 605 intervallo,
1004 538 1033 588 et
1048 530 1075 588 in

4 626 7 635 ’
83 608 170 685 regio
192 605 294 666 morbo
312 606 404 665 tribus
425 606 520 667 obolis
544 625 582 667 ex
603 626 696 685 aqua,
717 608 893 667 devorantur
917 618 947 669 et
968 610 1075 690 pilulae

63 710 148 752 scum
162 690 260 750 mellis
275 690 400 749 decocto
421 699 469 749 aut
488 692 582 750 resina
604 691 795 751 terebinthina
821 692 856 751 ad
872 694 1019 770 purganda
1033 696 1074 754 in·

84 776 203 835 teriora.
241 772 394 849 digitorum
413 774 547 851 pterygia
567 773 660 851 tollit,
689 775 837 833 oculorum
862 774 1076 838 medicamentis

84 858 198 919 lavatur
214 866 246 917 ut
262 856 340 935 quod
353 858 391 916 sit
410 855 662 918 harenosissimum
679 858 824 933 subsidat,
846 866 894 917 aut
909 849 1034 919 torretur
1048 862 1075 921 in

84 949 158 1001 testa
175 942 321 1018 pinnaque
335 939 457 1000 subinde
471 948 603 999 versatur
622 951 653 1000 ut
667 941 760 1020 possit
782 940 941 1019 aequaliter
961 945 1074 1003 torreri.

146 1025 210 1102 (6.)
231 1022 324 1083 Alces
334 1023 405 1084 lolia
418 1021 506 1083 habet
519 1024 621 1083 similia
633 1023 814 1084 verbenacae
827 1041 902 1102 quae
913 1026 1073 1086 aristereon
1083 1040 1115 1093 21

56 1108 318 1185 recognominatur,
340 1105 430 1167 caulis
449 1108 500 1166 tris
515 1117 562 1166 aut
578 1116 712 1186 quattuor
725 1107 860 1167 foliorum
881 1107 1002 1185 plenos,
1022 1110 1074 1169 ho·

83 1210 143 1251 rem
155 1207 261 1265 rosae,
276 1190 390 1249 radices
405 1189 485 1249 albas
501 1209 563 1249 cum
578 1191 738 1269 plurumum
752 1210 816 1266 sex,
834 1190 983 1269 cubitalis,
1000 1193 1073 1253 obli·

84 1292 164 1353 qnss.
201 1274 327 1333 nascitur
347 1275 377 1332 in
397 1272 496 1352 pingui
516 1273 581 1333 solo
608 1292 664 1334 nec
684 1277 774 1335 sicco.
809 1292 876 1333 usus
902 1274 1008 1336 radicis
1036 1295 1074 1337 ex

83 1360 149 1418 vino
162 1356 213 1417 vel
229 1374 351 1435 exaqua
365 1356 560 1433 dysintericis,
576 1357 644 1418 alvo
662 1359 735 1431 citae
750 1367 779 1418 et
793 1360 899 1436 ruptis,
915 1358 1071 1421 convolsis.

141 1441 207 1521 (7.)
225 1439 346 1517 Alypon
361 1440 517 1502 cauliculus
530 1440 611 1501 molli
627 1443 738 1519 capite,
754 1458 811 1500 non
825 1440 961 1501 dissimile
976 1441 1071 1521 betae,
1081 1454 1115 1507 22

58 1542 151 1587 maere
170 1532 288 1603 gustatu
308 1523 469 1583 scientum
490 1524 682 1603 mordensque
702 1525 888 1584 vehementer
913 1533 942 1583 et
967 1542 1072 1586 aceen-

85 1608 164 1669 dens.
190 1607 287 1667 alvom
301 1607 387 1666 solvit
400 1610 428 1665 in
439 1624 513 1685 aqua
526 1608 619 1667 mulsa
631 1607 725 1667 addito
736 1608 797 1667 sale
806 1607 931 1666 modico.
952 1610 1072 1671 minuma

85 1694 162 1771 potio
179 1690 298 1751 duarum
313 1689 520 1767 drachmarum,
535 1690 628 1751 media
645 1699 789 1769 quattuor,
805 1706 935 1749 maxuma
951 1707 1021 1767 sex,
1038 1710 1072 1752 ea

85 1775 255 1853 purgatione
271 1772 373 1851 quibus
389 1774 470 1833 datur
483 1792 500 1832 e
515 1774 679 1851 gallinaceo
695 1772 767 1831 iure.

147 1859 209 1936 (8.)
228 1857 346 1933 Alsine,
367 1874 451 1935 qnam
466 1857 578 1935 quidam
591 1863 745 1930 myosoton
761 1852 921 1934 appellant,
945 1856 1070 1917 nascitur
1081 1868 1115 1922 23

53 1942 117 2006 solu
136 1940 226 2015 lucis,
246 1940 323 2001 uude
350 1950 380 2000 ct
401 1940 494 1999 alsine
515 1940 591 1999 dicta
611 1946 666 1998 est.
694 1938 795 2017 incipit
814 1936 944 1998 amedia
966 1939 1071 2016 hieme,

88 2024 194 2083 arescit
213 2032 321 2085 aestate
334 2024 438 2084 media.
467 2040 531 2083 cum
548 2021 695 2101 prorepit,
712 2021 903 2081 musculorum
922 2022 998 2081 auris
1013 2023 1071 2082 imi·

85 2115 161 2167 tatur
174 2106 262 2167 loliis.
290 2106 343 2167 sed
360 2108 443 2167 aliam
458 2106 626 2168 docebimus
644 2123 710 2165 esse
726 2123 799 2183 quae
815 2104 915 2164 iustius
930 2108 1069 2181 myosotis
1079 2126 1113 2160 ιιι

85 2198 216 2251 vocetur.
242 2190 317 2249 haee
334 2191 435 2251 eadem
449 2199 512 2251 erat
526 2208 599 2269 quae
612 2189 738 2265 helxine,
755 2190 808 2248 nisi
820 2190 913 2247 minor
923 2190 1072 2268 minusque

86 2274 191 2335 hirsuta
218 2282 307 2333 esset.
343 2277 469 2335 nascitur
488 2276 517 2333 in
538 2275 630 2333 hortis
652 2282 680 2332 et
699 2290 829 2332 maxume
849 2272 878 2331 in
902 2272 1070 2349 parietibus.

58 2376 147 2419 scum
158 2357 280 2434 teritur,
307 2358 425 2419 odorem
442 2358 602 2418 cucumeris
625 2356 728 2417 reddit.
758 2374 826 2416 usus
843 2356 955 2415 eiusad
978 2357 1068 2415 colle·
1080 2364 1114 2417 24

88 2442 195 2503 stiones
208 2440 501 2519 inflammationesque
521 2450 550 2501 et
569 2441 598 2499 in
619 2439 721 2500 eadem
737 2441 830 2499 omnia
852 2446 926 2517 ‘quae
943 2438 1069 2513 helxine,

87 2524 135 2585 sed
155 2525 303 2584 inhrmim.
332 2525 481 2603 epiphoris
501 2524 686 2602 peculiariter
701 2524 858 2602 inponitur,
882 2524 949 2581 item
967 2538 1070 2580 veren-

86 2608 128 2667 dis
141 2606 346 2687 ulceribusque
366 2626 430 2668 cum
450 2609 543 2669 farina
561 2607 735 2668 hordeacea.
766 2623 852 2666 sucus
873 2606 935 2664 eius
954 2602 1071 2664 auribus

85 2690 245 2751 infunditur.

59 2794 80 2838 ιι
144 2775 209 2853 (9.)
231 2772 419 2835 Androsaces
432 2774 523 2835 herba
538 2783 583 2834 est
598 2774 674 2851 alba,
690 2790 795 2849 amara,
813 2772 874 2833 sine
886 2770 975 2845 loliis,
990 2768 1066 2828 lolli·
1079 2778 1112 2832 25
1150 2784 1153 2790 ’

87 2856 166 2918 culos
180 2859 211 2917 in
228 2859 311 2917 cirris
324 2857 435 2919 habens
452 2868 482 2919 et
495 2861 525 2918 in
538 2858 582 2917 his
596 2874 705 2916 semen.
735 2858 860 2916 nascitur
882 2855 911 2911 in
925 2852 1069 2911 maritimis

86 2941 185 3015 Syriae
200 2958 345 3003 maxume.
371 2942 452 3001 datur
464 2941 632 3021 hydropicis
645 2939 786 2999 drachmis
803 2936 911 2997 duabus
926 2944 1008 2994 tunsa
1023 2943 1071 2994 aut

86 3023 205 3085 decocta
219 3026 249 3084 in
265 3041 339 3103 aqna
354 3025 403 3085 vel
416 3034 501 3085 aceto
511 3026 561 3085 vel
577 3026 655 3083 vino.
685 3024 871 3083 vehementer
885 3020 960 3077 enim
976 3016 1071 3077 urinas

87 3109 147 3168 ciet.
179 3108 265 3169 datur
280 3116 310 3167 et
331 3108 497 3187 podagricis
519 3108 712 3185 inliniturque.
740 3106 816 3165 idem
837 3102 959 3162 effectus
980 3109 1009 3160 et
1023 3118 1069 3159 se-

58 3193 174 3253 amnis.

142 3276 229 3353 (lo.)
254 3272 477 3335 Andronemon
494 3274 570 3349 sive,
597 3280 630 3331 nt
651 3270 699 3331 alii
718 3270 923 3349 appellavere,
944 3283 1067 3340 ascyron
1079 3276 1113 3330 26

87 3372 139 3417 non
153 3357 288 3418 absimile
305 3366 350 3417 est
361 3357 513 3436 hyperico,
526 3355 563 3414 de
577 3373 632 3434 qua
648 3353 777 3432 diximus,
794 3351 942 3411 cauliculis
956 3350 1079 3409 mato-n.
1088 3367 1112 3399 ει

87 3439 161 3503 ribus
175 3441 420 3519 densioribusque
435 3449 465 3500 et
484 3438 576 3515 magis
601 3434 779 3497 rubentibus.
810 3435 881 3494 folia
903 3431 969 3491 alba
989 3438 1071 3490 rutae
