<?xml version="1.0" encoding="UTF-8"?>
<!DOCTYPE html PUBLIC "-//W3C//DTD XHTML 1.0 Transitional//EN"
    "http://www.w3.org/TR/xhtml1/DTD/xhtml1-transitional.dtd">
<html xmlns="http://www.w3.org/1999/xhtml" xml:lang="en" lang="en">
 <head>
  <title>
</title>
<meta http-equiv="Content-Type" content="text/html;charset=utf-8" />
  <meta name='ocr-system' content='tesseract 3.04.00' />
  <meta name='ocr-capabilities' content='ocr_page ocr_carea ocr_par ocr_line ocrx_word'/>
</head>
<body>
  <div class='ocr_page' id='page_1' title='image "./cplinisecundina24plingoog_0227.png"; bbox 0 0 2484 3817; ppageno 0'>
   <div class='ocr_carea' id='block_1_1' title="bbox 216 192 1097 269">
    <p class='ocr_par' dir='ltr' id='par_1_1' title="bbox 216 192 1097 269">
     <span class='ocr_line' id='line_1_1' title="bbox 216 192 1097 269; baseline -0.001 -17"><span class='ocrx_word' id='word_1_1' title='bbox 216 204 528 253; x_wconf 70' lang='lat' dir='ltr'><strong>maurusam.</strong></span> <span class='ocrx_word' id='word_1_2' title='bbox 546 204 587 257; x_wconf 76' lang='lat' dir='ltr'><strong>rs</strong></span> <span class='ocrx_word' id='word_1_3' title='bbox 604 192 698 269; x_wconf 69' lang='grc' dir='ltr'><strong>(ιιι.)</strong></span> <span class='ocrx_word' id='word_1_4' title='bbox 714 204 888 252; x_wconf 84' lang='lat' dir='ltr'><strong>-xxvrrn</strong></span> <span class='ocrx_word' id='word_1_5' title='bbox 906 204 928 255; x_wconf 89' lang='lat'><strong>1.</strong></span> <span class='ocrx_word' id='word_1_6' title='bbox 944 200 994 265; x_wconf 85' lang='lat' dir='ltr'><strong>u.)</strong></span> <span class='ocrx_word' id='word_1_7' title='bbox 1040 192 1097 252; x_wconf 87' lang='lat'><strong>155</strong></span> 
     </span>
    </p>
   </div>
   <div class='ocr_carea' id='block_1_2' title="bbox 75 357 1144 2098">
    <p class='ocr_par' dir='ltr' id='par_1_2' title="bbox 75 357 1144 2098">
     <span class='ocr_line' id='line_1_2' title="bbox 106 357 1099 437; baseline -0.003 -16"><span class='ocrx_word' id='word_1_8' title='bbox 106 358 222 435; x_wconf 83' lang='lat' dir='ltr'><strong>attingit</strong></span> <span class='ocrx_word' id='word_1_9' title='bbox 234 366 358 435; x_wconf 84' lang='lat' dir='ltr'><strong>excepta</strong></span> <span class='ocrx_word' id='word_1_10' title='bbox 379 357 541 436; x_wconf 74' lang='lat' dir='ltr'><strong>sphondyfe</strong></span> <span class='ocrx_word' id='word_1_11' title='bbox 560 358 609 437; x_wconf 87' lang='lat' dir='ltr'><strong>qui</strong></span> <span class='ocrx_word' id='word_1_12' title='bbox 625 375 724 418; x_wconf 91' lang='lat' dir='ltr'><strong>omues</strong></span> <span class='ocrx_word' id='word_1_13' title='bbox 738 360 930 437; x_wconf 79' lang='lat' dir='ltr'>persequitur.</span> <span class='ocrx_word' id='word_1_14' title='bbox 960 376 1053 435; x_wconf 89' lang='lat' dir='ltr'><strong>genus</strong></span> <span class='ocrx_word' id='word_1_15' title='bbox 1070 359 1099 418; x_wconf 89' lang='lat' dir='ltr'><strong>id</strong></span> 
     </span>
     <span class='ocr_line' id='line_1_3' title="bbox 108 444 328 521; baseline -0.018 -18"><span class='ocrx_word' id='word_1_16' title='bbox 108 444 256 521; x_wconf 88' lang='lat' dir='ltr'><strong>serpentis</strong></span> <span class='ocrx_word' id='word_1_17' title='bbox 274 450 328 500; x_wconf 87' lang='lat' dir='ltr'><strong>est.</strong></span> 
     </span>
     <span class='ocr_line' id='line_1_4' title="bbox 173 523 1141 603; baseline 0.002 -18"><span class='ocrx_word' id='word_1_18' title='bbox 173 524 278 602; x_wconf 86' lang='grc'>(119.)</span> <span class='ocrx_word' id='word_1_19' title='bbox 299 523 344 583; x_wconf 89' lang='lat' dir='ltr'><strong>Ne</strong></span> <span class='ocrx_word' id='word_1_20' title='bbox 362 524 431 584; x_wconf 88' lang='lat' dir='ltr'><strong>iliud</strong></span> <span class='ocrx_word' id='word_1_21' title='bbox 447 524 561 603; x_wconf 83' lang='lat' dir='ltr'><strong>quidem</strong></span> <span class='ocrx_word' id='word_1_22' title='bbox 575 524 729 599; x_wconf 86' lang='lat' dir='ltr'><strong>dubitatur,</strong></span> <span class='ocrx_word' id='word_1_23' title='bbox 748 526 870 583; x_wconf 93' lang='lat' dir='ltr'><strong>omnium</strong></span> <span class='ocrx_word' id='word_1_24' title='bbox 886 523 1011 584; x_wconf 88' lang='lat' dir='ltr'><strong>radicum</strong></span> <span class='ocrx_word' id='word_1_25' title='bbox 1024 526 1078 583; x_wconf 87' lang='lat' dir='ltr'><strong>vim</strong></span> <span class='ocrx_word' id='word_1_26' title='bbox 1092 535 1141 589; x_wconf 78' lang='lat'><strong>144</strong></span> 
     </span>
     <span class='ocr_line' id='line_1_5' title="bbox 110 608 1098 685; baseline -0.002 -17"><span class='ocrx_word' id='word_1_27' title='bbox 110 608 291 685; x_wconf 74' lang='lat' dir='ltr'><strong>effectusque</strong></span> <span class='ocrx_word' id='word_1_28' title='bbox 304 608 406 683; x_wconf 87' lang='lat' dir='ltr'><strong>minui,</strong></span> <span class='ocrx_word' id='word_1_29' title='bbox 426 609 450 666; x_wconf 89' lang='lat' dir='ltr'><strong>si</strong></span> <span class='ocrx_word' id='word_1_30' title='bbox 465 608 575 667; x_wconf 92' lang='lat' dir='ltr'><strong>fructus</strong></span> <span class='ocrx_word' id='word_1_31' title='bbox 591 609 670 685; x_wconf 85' lang='lat' dir='ltr'><strong>prius</strong></span> <span class='ocrx_word' id='word_1_32' title='bbox 685 614 910 682; x_wconf 71' lang='lat' dir='ltr'><strong>maturescant,</strong></span> <span class='ocrx_word' id='word_1_33' title='bbox 926 609 992 667; x_wconf 89' lang='lat' dir='ltr'><strong>item</strong></span> <span class='ocrx_word' id='word_1_34' title='bbox 1014 610 1098 667; x_wconf 89' lang='lat' dir='ltr'><strong>semi·</strong></span> 
     </span>
     <span class='ocr_line' id='line_1_6' title="bbox 89 690 1100 768; baseline -0.003 -16"><span class='ocrx_word' id='word_1_35' title='bbox 89 709 181 752; x_wconf 78' lang='lat' dir='ltr'><strong>uuum</strong></span> <span class='ocrx_word' id='word_1_36' title='bbox 206 700 272 750; x_wconf 89' lang='lat' dir='ltr'><strong>ante</strong></span> <span class='ocrx_word' id='word_1_37' title='bbox 295 690 394 750; x_wconf 84' lang='lat' dir='ltr'><strong>radice</strong></span> <span class='ocrx_word' id='word_1_38' title='bbox 421 700 542 768; x_wconf 85' lang='lat' dir='ltr'><strong>propter</strong></span> <span class='ocrx_word' id='word_1_39' title='bbox 565 708 662 749; x_wconf 88' lang='lat' dir='ltr'><strong>sucum</strong></span> <span class='ocrx_word' id='word_1_40' title='bbox 687 691 784 749; x_wconf 87' lang='lat' dir='ltr'><strong>incisa.</strong></span> <span class='ocrx_word' id='word_1_41' title='bbox 832 690 987 749; x_wconf 89' lang='lat' dir='ltr'><strong>resolvitur</strong></span> <span class='ocrx_word' id='word_1_42' title='bbox 1008 700 1100 750; x_wconf 88' lang='lat' dir='ltr'><strong>autem</strong></span> 
     </span>
     <span class='ocr_line' id='line_1_7' title="bbox 111 773 1100 852; baseline -0.003 -17"><span class='ocrx_word' id='word_1_43' title='bbox 111 774 236 835; x_wconf 85' lang='lat' dir='ltr'><strong>omnium</strong></span> <span class='ocrx_word' id='word_1_44' title='bbox 249 774 295 833; x_wconf 88' lang='lat' dir='ltr'><strong>vis</strong></span> <span class='ocrx_word' id='word_1_45' title='bbox 319 773 541 848; x_wconf 87' lang='lat' dir='ltr'><strong>cousuetudine,</strong></span> <span class='ocrx_word' id='word_1_46' title='bbox 563 783 592 833; x_wconf 92' lang='lat' dir='ltr'><strong>et</strong></span> <span class='ocrx_word' id='word_1_47' title='bbox 612 773 745 832; x_wconf 88' lang='lat' dir='ltr'><strong>desinunt</strong></span> <span class='ocrx_word' id='word_1_48' title='bbox 759 774 918 850; x_wconf 85' lang='lat' dir='ltr'>prodesse,</span> <span class='ocrx_word' id='word_1_49' title='bbox 938 791 1002 832; x_wconf 90' lang='lat' dir='ltr'><strong>cum</strong></span> <span class='ocrx_word' id='word_1_50' title='bbox 1027 791 1100 852; x_wconf 85' lang='lat' dir='ltr'><strong>opus</strong></span> 
     </span>
     <span class='ocr_line' id='line_1_8' title="bbox 109 856 1101 935; baseline -0.003 -17"><span class='ocrx_word' id='word_1_51' title='bbox 109 867 170 933; x_wconf 89' lang='lat' dir='ltr'><strong>est,</strong></span> <span class='ocrx_word' id='word_1_52' title='bbox 193 874 267 935; x_wconf 87' lang='lat' dir='ltr'><strong>quae</strong></span> <span class='ocrx_word' id='word_1_53' title='bbox 292 856 399 916; x_wconf 87' lang='lat' dir='ltr'><strong>cotidie</strong></span> <span class='ocrx_word' id='word_1_54' title='bbox 417 858 446 914; x_wconf 94' lang='lat' dir='ltr'><strong>iu</strong></span> <span class='ocrx_word' id='word_1_55' title='bbox 465 874 519 915; x_wconf 91' lang='lat' dir='ltr'><strong>usu</strong></span> <span class='ocrx_word' id='word_1_56' title='bbox 535 856 617 915; x_wconf 90' lang='lat' dir='ltr'><strong>fuere</strong></span> <span class='ocrx_word' id='word_1_57' title='bbox 638 874 731 933; x_wconf 87' lang='lat' dir='ltr'><strong>aeque</strong></span> <span class='ocrx_word' id='word_1_58' title='bbox 747 874 830 934; x_wconf 90' lang='lat' dir='ltr'><strong>quam</strong></span> <span class='ocrx_word' id='word_1_59' title='bbox 849 873 968 915; x_wconf 90' lang='lat' dir='ltr'><strong>nocere.</strong></span> <span class='ocrx_word' id='word_1_60' title='bbox 1000 873 1101 917; x_wconf 90' lang='lat' dir='ltr'><strong>omnes</strong></span> 
     </span>
     <span class='ocr_line' id='line_1_9' title="bbox 108 938 1100 1018; baseline -0.001 -19"><span class='ocrx_word' id='word_1_61' title='bbox 108 958 182 999; x_wconf 79' lang='lat' dir='ltr'><strong>vero</strong></span> <span class='ocrx_word' id='word_1_62' title='bbox 198 939 308 999; x_wconf 87' lang='lat' dir='ltr'><strong>herbae</strong></span> <span class='ocrx_word' id='word_1_63' title='bbox 318 939 552 999; x_wconf 86' lang='lat' dir='ltr'><strong>vehementiores</strong></span> <span class='ocrx_word' id='word_1_64' title='bbox 567 938 849 1018; x_wconf 88' lang='lat' dir='ltr'><strong>effectuvirihusque</strong></span> <span class='ocrx_word' id='word_1_65' title='bbox 864 947 928 999; x_wconf 91' lang='lat' dir='ltr'><strong>suut</strong></span> <span class='ocrx_word' id='word_1_66' title='bbox 943 941 972 998; x_wconf 90' lang='lat' dir='ltr'><strong>iu</strong></span> <span class='ocrx_word' id='word_1_67' title='bbox 987 939 1100 1015; x_wconf 75' lang='lat' dir='ltr'><strong>frigidis</strong></span> 
     </span>
     <span class='ocr_line' id='line_1_10' title="bbox 110 1023 557 1100; baseline -0.004 -17"><span class='ocrx_word' id='word_1_68' title='bbox 110 1033 141 1083; x_wconf 93' lang='lat' dir='ltr'><strong>et</strong></span> <span class='ocrx_word' id='word_1_69' title='bbox 154 1024 183 1081; x_wconf 89' lang='lat' dir='ltr'><strong>iu</strong></span> <span class='ocrx_word' id='word_1_70' title='bbox 199 1023 363 1100; x_wconf 83' lang='lat' dir='ltr'><strong>aquiloniis,</strong></span> <span class='ocrx_word' id='word_1_71' title='bbox 378 1024 446 1081; x_wconf 84' lang='lat' dir='ltr'><strong>item</strong></span> <span class='ocrx_word' id='word_1_72' title='bbox 459 1024 557 1081; x_wconf 89' lang='lat' dir='ltr'><strong>siccis.</strong></span> 
     </span>
     <span class='ocr_line' id='line_1_11' title="bbox 79 1104 1142 1183; baseline 0.004 -18"><span class='ocrx_word' id='word_1_73' title='bbox 79 1125 104 1165; x_wconf 86' lang='lat' dir='ltr'><strong>ro</strong></span> <span class='ocrx_word' id='word_1_74' title='bbox 175 1106 281 1183; x_wconf 79' lang='lat'>(120.)</span> <span class='ocrx_word' id='word_1_75' title='bbox 302 1107 373 1165; x_wconf 87' lang='lat' dir='ltr'><strong>Sunt</strong></span> <span class='ocrx_word' id='word_1_76' title='bbox 387 1114 416 1163; x_wconf 87' lang='lat' dir='ltr'><strong>et</strong></span> <span class='ocrx_word' id='word_1_77' title='bbox 431 1108 556 1181; x_wconf 88' lang='lat' dir='ltr'><strong>gentium</strong></span> <span class='ocrx_word' id='word_1_78' title='bbox 572 1105 752 1164; x_wconf 84' lang='lat' dir='ltr'><strong>differentiae</strong></span> <span class='ocrx_word' id='word_1_79' title='bbox 765 1121 823 1163; x_wconf 93' lang='lat' dir='ltr'><strong>uon</strong></span> <span class='ocrx_word' id='word_1_80' title='bbox 840 1104 1011 1180; x_wconf 87' lang='lat' dir='ltr'><strong>mediocres,</strong></span> <span class='ocrx_word' id='word_1_81' title='bbox 1026 1106 1080 1164; x_wconf 92' lang='lat' dir='ltr'><strong>sic·</strong></span> <span class='ocrx_word' id='word_1_82' title='bbox 1095 1114 1142 1168; x_wconf 79' lang='lat'><strong>145</strong></span> 
     </span>
     <span class='ocr_line' id='line_1_12' title="bbox 111 1188 1101 1267; baseline -0.001 -19"><span class='ocrx_word' id='word_1_83' title='bbox 111 1198 143 1249; x_wconf 91' lang='lat' dir='ltr'><strong>ut</strong></span> <span class='ocrx_word' id='word_1_84' title='bbox 156 1190 314 1267; x_wconf 80' lang='lat' dir='ltr'><strong>accipimus</strong></span> <span class='ocrx_word' id='word_1_85' title='bbox 329 1188 366 1247; x_wconf 87' lang='lat' dir='ltr'><strong>de</strong></span> <span class='ocrx_word' id='word_1_86' title='bbox 384 1191 487 1248; x_wconf 88' lang='lat' dir='ltr'><strong>taeniis</strong></span> <span class='ocrx_word' id='word_1_87' title='bbox 504 1188 708 1265; x_wconf 89' lang='lat' dir='ltr'><strong>lumbricisque</strong></span> <span class='ocrx_word' id='word_1_88' title='bbox 729 1204 796 1246; x_wconf 90' lang='lat' dir='ltr'><strong>esse</strong></span> <span class='ocrx_word' id='word_1_89' title='bbox 808 1189 948 1267; x_wconf 76' lang='lat' dir='ltr'><strong>Aegypti,</strong></span> <span class='ocrx_word' id='word_1_90' title='bbox 964 1188 1101 1263; x_wconf 78' lang='lat' dir='ltr'><strong>Arabiae,</strong></span> 
     </span>
     <span class='ocr_line' id='line_1_13' title="bbox 110 1271 1101 1350; baseline -0.003 -17"><span class='ocrx_word' id='word_1_91' title='bbox 110 1274 224 1347; x_wconf 76' lang='lat' dir='ltr'><strong>Syriae,</strong></span> <span class='ocrx_word' id='word_1_92' title='bbox 238 1271 357 1331; x_wconf 77' lang='lat' dir='ltr'><strong>Ciliciae</strong></span> <span class='ocrx_word' id='word_1_93' title='bbox 369 1272 497 1350; x_wconf 83' lang='lat' dir='ltr'><strong>populis,</strong></span> <span class='ocrx_word' id='word_1_94' title='bbox 512 1272 656 1331; x_wconf 83' lang='lat' dir='ltr'><strong>ediverso</strong></span> <span class='ocrx_word' id='word_1_95' title='bbox 665 1271 816 1347; x_wconf 84' lang='lat' dir='ltr'><strong>Threciae,</strong></span> <span class='ocrx_word' id='word_1_96' title='bbox 831 1271 974 1347; x_wconf 73' lang='lat' dir='ltr'><strong>Phrygiae</strong></span> <span class='ocrx_word' id='word_1_97' title='bbox 987 1273 1101 1331; x_wconf 93' lang='lat' dir='ltr'><strong>omuino</strong></span> 
     </span>
     <span class='ocr_line' id='line_1_14' title="bbox 110 1353 1102 1431; baseline 0 -16"><span class='ocrx_word' id='word_1_98' title='bbox 110 1374 169 1415; x_wconf 89' lang='lat' dir='ltr'><strong>nou</strong></span> <span class='ocrx_word' id='word_1_99' title='bbox 184 1356 303 1414; x_wconf 86' lang='lat' dir='ltr'><strong>innasci.</strong></span> <span class='ocrx_word' id='word_1_100' title='bbox 334 1355 426 1414; x_wconf 89' lang='lat' dir='ltr'><strong>miuus</strong></span> <span class='ocrx_word' id='word_1_101' title='bbox 444 1354 473 1413; x_wconf 86' lang='lat' dir='ltr'><strong>id</strong></span> <span class='ocrx_word' id='word_1_102' title='bbox 489 1356 587 1415; x_wconf 86' lang='lat' dir='ltr'><strong>mirum</strong></span> <span class='ocrx_word' id='word_1_103' title='bbox 609 1370 693 1431; x_wconf 79' lang='lat' dir='ltr'><strong>quam</strong></span> <span class='ocrx_word' id='word_1_104' title='bbox 710 1353 787 1431; x_wconf 87' lang='lat' dir='ltr'><strong>quod</strong></span> <span class='ocrx_word' id='word_1_105' title='bbox 808 1355 835 1413; x_wconf 93' lang='lat' dir='ltr'><strong>in</strong></span> <span class='ocrx_word' id='word_1_106' title='bbox 850 1356 973 1414; x_wconf 87' lang='lat' dir='ltr'><strong>confinio</strong></span> <span class='ocrx_word' id='word_1_107' title='bbox 988 1355 1102 1415; x_wconf 89' lang='lat' dir='ltr'><strong>Atticae</strong></span> 
     </span>
     <span class='ocr_line' id='line_1_15' title="bbox 110 1437 1101 1513; baseline -0.001 -15"><span class='ocrx_word' id='word_1_108' title='bbox 110 1440 253 1499; x_wconf 85' lang='lat' dir='ltr'><strong>Boeotiae</strong></span> <span class='ocrx_word' id='word_1_109' title='bbox 273 1437 417 1498; x_wconf 79' lang='lat' dir='ltr'><strong>Thebanis</strong></span> <span class='ocrx_word' id='word_1_110' title='bbox 442 1439 640 1513; x_wconf 89' lang='lat' dir='ltr'><strong>innascuntur,</strong></span> <span class='ocrx_word' id='word_1_111' title='bbox 667 1456 730 1496; x_wconf 88' lang='lat' dir='ltr'><strong>cum</strong></span> <span class='ocrx_word' id='word_1_112' title='bbox 754 1437 848 1497; x_wconf 89' lang='lat' dir='ltr'><strong>absint</strong></span> <span class='ocrx_word' id='word_1_113' title='bbox 866 1438 1101 1498; x_wconf 71' lang='lat' dir='ltr'><strong>Atheniensibus.</strong></span> 
     </span>
     <span class='ocr_line' id='line_1_16' title="bbox 78 1520 1144 1601; baseline 0.008 -23"><span class='ocrx_word' id='word_1_114' title='bbox 78 1539 104 1578; x_wconf 69' lang='grc' dir='ltr'><strong>ιι</strong></span> <span class='ocrx_word' id='word_1_115' title='bbox 114 1540 189 1601; x_wconf 87' lang='lat' dir='ltr'><strong>quae</strong></span> <span class='ocrx_word' id='word_1_116' title='bbox 207 1520 411 1599; x_wconf 86' lang='lat' dir='ltr'><strong>contemplatio</strong></span> <span class='ocrx_word' id='word_1_117' title='bbox 426 1522 520 1581; x_wconf 82' lang='lat' dir='ltr'><strong>aufert</strong></span> <span class='ocrx_word' id='word_1_118' title='bbox 534 1538 588 1581; x_wconf 88' lang='lat' dir='ltr'><strong>uos</strong></span> <span class='ocrx_word' id='word_1_119' title='bbox 603 1521 639 1580; x_wconf 89' lang='lat' dir='ltr'><strong>ad</strong></span> <span class='ocrx_word' id='word_1_120' title='bbox 656 1523 784 1598; x_wconf 89' lang='lat' dir='ltr'><strong>ipsorum</strong></span> <span class='ocrx_word' id='word_1_121' title='bbox 798 1521 956 1579; x_wconf 90' lang='lat' dir='ltr'><strong>animalium</strong></span> <span class='ocrx_word' id='word_1_122' title='bbox 969 1531 1082 1581; x_wconf 90' lang='lat' dir='ltr'><strong>naturas</strong></span> <span class='ocrx_word' id='word_1_123' title='bbox 1095 1532 1144 1586; x_wconf 79' lang='lat'><strong>146</strong></span> 
     </span>
     <span class='ocr_line' id='line_1_17' title="bbox 109 1603 1101 1682; baseline -0.002 -17"><span class='ocrx_word' id='word_1_124' title='bbox 109 1607 313 1682; x_wconf 80' lang='lat' dir='ltr'><strong>ingenitasque</strong></span> <span class='ocrx_word' id='word_1_125' title='bbox 331 1604 366 1661; x_wconf 90' lang='lat' dir='ltr'><strong>iis</strong></span> <span class='ocrx_word' id='word_1_126' title='bbox 386 1604 434 1663; x_wconf 86' lang='lat' dir='ltr'><strong>rel</strong></span> <span class='ocrx_word' id='word_1_127' title='bbox 449 1607 590 1664; x_wconf 88' lang='lat' dir='ltr'><strong>certiores</strong></span> <span class='ocrx_word' id='word_1_128' title='bbox 610 1603 774 1662; x_wconf 89' lang='lat' dir='ltr'><strong>morborum</strong></span> <span class='ocrx_word' id='word_1_129' title='bbox 792 1605 913 1661; x_wconf 91' lang='lat' dir='ltr'><strong>omnium</strong></span> <span class='ocrx_word' id='word_1_130' title='bbox 935 1606 1101 1664; x_wconf 87' lang='lat' dir='ltr'><strong>medicinas.</strong></span> 
     </span>
     <span class='ocr_line' id='line_1_18' title="bbox 109 1684 1104 1765; baseline 0 -17"><span class='ocrx_word' id='word_1_131' title='bbox 109 1706 210 1749; x_wconf 90' lang='lat' dir='ltr'><strong>rursus</strong></span> <span class='ocrx_word' id='word_1_132' title='bbox 225 1690 301 1747; x_wconf 90' lang='lat' dir='ltr'><strong>cuim</strong></span> <span class='ocrx_word' id='word_1_133' title='bbox 316 1704 351 1745; x_wconf 92' lang='lat' dir='ltr'><strong>ea</strong></span> <span class='ocrx_word' id='word_1_134' title='bbox 365 1687 394 1745; x_wconf 92' lang='lat' dir='ltr'><strong>iu</strong></span> <span class='ocrx_word' id='word_1_135' title='bbox 407 1705 441 1747; x_wconf 91' lang='lat' dir='ltr'><strong>re</strong></span> <span class='ocrx_word' id='word_1_136' title='bbox 457 1706 562 1765; x_wconf 83' lang='lat' dir='ltr'><strong>pareus</strong></span> <span class='ocrx_word' id='word_1_137' title='bbox 575 1687 683 1746; x_wconf 89' lang='lat' dir='ltr'><strong>nulium</strong></span> <span class='ocrx_word' id='word_1_138' title='bbox 698 1685 800 1744; x_wconf 92' lang='lat' dir='ltr'><strong>animai</strong></span> <span class='ocrx_word' id='word_1_139' title='bbox 816 1685 851 1743; x_wconf 93' lang='lat' dir='ltr'><strong>ad</strong></span> <span class='ocrx_word' id='word_1_140' title='bbox 871 1684 927 1743; x_wconf 92' lang='lat' dir='ltr'><strong>boc</strong></span> <span class='ocrx_word' id='word_1_141' title='bbox 947 1694 1051 1745; x_wconf 91' lang='lat' dir='ltr'><strong>tanturn</strong></span> <span class='ocrx_word' id='word_1_142' title='bbox 1075 1696 1104 1748; x_wconf 88' lang='lat' dir='ltr'><strong>ut</strong></span> 
     </span>
     <span class='ocr_line' id='line_1_19' title="bbox 110 1766 1102 1851; baseline -0.004 -20"><span class='ocrx_word' id='word_1_143' title='bbox 110 1780 282 1851; x_wconf 82' lang='lat' dir='ltr'><strong>pasceretur</strong></span> <span class='ocrx_word' id='word_1_144' title='bbox 300 1779 348 1830; x_wconf 89' lang='lat' dir='ltr'><strong>aut</strong></span> <span class='ocrx_word' id='word_1_145' title='bbox 362 1770 418 1829; x_wconf 88' lang='lat' dir='ltr'><strong>alia</strong></span> <span class='ocrx_word' id='word_1_146' title='bbox 433 1772 550 1830; x_wconf 90' lang='lat' dir='ltr'><strong>satiaret</strong></span> <span class='ocrx_word' id='word_1_147' title='bbox 562 1770 643 1828; x_wconf 86' lang='lat' dir='ltr'><strong>nasci</strong></span> <span class='ocrx_word' id='word_1_148' title='bbox 656 1768 757 1841; x_wconf 89' lang='lat' dir='ltr'><strong>voluit,</strong></span> <span class='ocrx_word' id='word_1_149' title='bbox 773 1769 899 1844; x_wconf 87' lang='lat' dir='ltr'><strong>artisque</strong></span> <span class='ocrx_word' id='word_1_150' title='bbox 915 1766 1046 1827; x_wconf 84' lang='lat' dir='ltr'><strong>salutaris</strong></span> <span class='ocrx_word' id='word_1_151' title='bbox 1063 1771 1102 1828; x_wconf 91' lang='lat' dir='ltr'><strong>iu·</strong></span> 
     </span>
     <span class='ocr_line' id='line_1_20' title="bbox 112 1849 1102 1931; baseline -0.003 -18"><span class='ocrx_word' id='word_1_152' title='bbox 112 1855 203 1914; x_wconf 85' lang='lat' dir='ltr'><strong>seruit</strong></span> <span class='ocrx_word' id='word_1_153' title='bbox 216 1864 246 1914; x_wconf 91' lang='lat' dir='ltr'><strong>et</strong></span> <span class='ocrx_word' id='word_1_154' title='bbox 259 1852 436 1929; x_wconf 85' lang='lat' dir='ltr'><strong>uisceribus,</strong></span> <span class='ocrx_word' id='word_1_155' title='bbox 457 1854 564 1931; x_wconf 81' lang='lat' dir='ltr'><strong>quippe</strong></span> <span class='ocrx_word' id='word_1_156' title='bbox 586 1868 650 1910; x_wconf 93' lang='lat' dir='ltr'><strong>cum</strong></span> <span class='ocrx_word' id='word_1_157' title='bbox 672 1850 765 1909; x_wconf 89' lang='lat' dir='ltr'><strong>surdis</strong></span> <span class='ocrx_word' id='word_1_158' title='bbox 780 1850 862 1909; x_wconf 87' lang='lat' dir='ltr'><strong>etiarn</strong></span> <span class='ocrx_word' id='word_1_159' title='bbox 885 1849 972 1909; x_wconf 89' lang='lat' dir='ltr'><strong>rebus</strong></span> <span class='ocrx_word' id='word_1_160' title='bbox 995 1853 1102 1911; x_wconf 91' lang='lat' dir='ltr'><strong>insere·</strong></span> 
     </span>
     <span class='ocr_line' id='line_1_21' title="bbox 75 1934 1103 2011; baseline 0.002 -19"><span class='ocrx_word' id='word_1_161' title='bbox 75 1945 179 2011; x_wconf 74' lang='lat' dir='ltr'><strong>roret,</strong></span> <span class='ocrx_word' id='word_1_162' title='bbox 207 1946 263 1996; x_wconf 91' lang='lat' dir='ltr'><strong>tum</strong></span> <span class='ocrx_word' id='word_1_163' title='bbox 284 1954 356 1996; x_wconf 84' lang='lat' dir='ltr'><strong>vero</strong></span> <span class='ocrx_word' id='word_1_164' title='bbox 383 1936 432 1995; x_wconf 90' lang='lat' dir='ltr'><strong>ilia</strong></span> <span class='ocrx_word' id='word_1_165' title='bbox 454 1936 565 1994; x_wconf 88' lang='lat' dir='ltr'><strong>animae</strong></span> <span class='ocrx_word' id='word_1_166' title='bbox 590 1934 695 1993; x_wconf 85' lang='lat' dir='ltr'><strong>auxilia</strong></span> <span class='ocrx_word' id='word_1_167' title='bbox 724 1934 967 2011; x_wconf 85' lang='lat' dir='ltr'><strong>praestantissima</strong></span> <span class='ocrx_word' id='word_1_168' title='bbox 990 1952 1027 1993; x_wconf 85' lang='lat' dir='ltr'><strong>er</strong></span> <span class='ocrx_word' id='word_1_169' title='bbox 1048 1935 1103 1995; x_wconf 92' lang='lat' dir='ltr'><strong>alia</strong></span> 
     </span>
     <span class='ocr_line' id='line_1_22' title="bbox 115 2014 991 2098; baseline -0.002 -19"><span class='ocrx_word' id='word_1_170' title='bbox 115 2022 209 2080; x_wconf 88' lang='lat' dir='ltr'><strong>anima</strong></span> <span class='ocrx_word' id='word_1_171' title='bbox 224 2038 289 2082; x_wconf 88' lang='lat' dir='ltr'><strong>esse</strong></span> <span class='ocrx_word' id='word_1_172' title='bbox 303 2019 395 2079; x_wconf 82' lang='lat' dir='ltr'><strong>voluit</strong></span> <span class='ocrx_word' id='word_1_173' title='bbox 407 2018 650 2098; x_wconf 82' lang='lat' dir='ltr'><strong>contemplatione</strong></span> <span class='ocrx_word' id='word_1_174' title='bbox 666 2024 732 2077; x_wconf 88' lang='lat' dir='ltr'><strong>aute</strong></span> <span class='ocrx_word' id='word_1_175' title='bbox 747 2025 848 2077; x_wconf 90' lang='lat' dir='ltr'><strong>cuncta</strong></span> <span class='ocrx_word' id='word_1_176' title='bbox 862 2014 991 2077; x_wconf 89' lang='lat' dir='ltr'><strong>mirabili.</strong></span> 
     </span>
    </p>
   </div>
   <div class='ocr_carea' id='block_1_3' title="bbox 535 2320 727 2329">
    <p class='ocr_par' dir='ltr' id='par_1_3' title="bbox 535 2320 727 2329">
     <span class='ocr_line' id='line_1_23' title="bbox 535 2320 727 2329; baseline 0 -1"><span class='ocrx_word' id='word_1_177' title='bbox 535 2320 727 2329; x_wconf 73' lang='lat'><strong>..--—.......</strong></span> 
     </span>
    </p>
   </div>
   <div class='ocr_carea' id='block_1_4' title="bbox 401 2514 865 2652">
    <p class='ocr_par' dir='ltr' id='par_1_4' title="bbox 401 2514 865 2652">
     <span class='ocr_line' id='line_1_24' title="bbox 401 2514 865 2652; baseline -0.006 -2"><span class='ocrx_word' id='word_1_178' title='bbox 401 2514 865 2652; x_wconf 89' lang='lat' dir='ltr'><strong>u.rururuucuuur</strong></span> 
     </span>
    </p>
   </div>
   <div class='ocr_carea' id='block_1_5' title="bbox 226 2732 1031 2983">
    <p class='ocr_par' dir='ltr' id='par_1_5' title="bbox 226 2732 1031 2983">
     <span class='ocr_line' id='line_1_25' title="bbox 226 2732 1031 2831; baseline -0.006 -1"><span class='ocrx_word' id='word_1_179' title='bbox 226 2732 1031 2831; x_wconf 82' lang='grc'>1111111111111111111111111</span> 
     </span>
     <span class='ocr_line' id='line_1_26' title="bbox 443 2915 820 2983; baseline 0 -4"><span class='ocrx_word' id='word_1_180' title='bbox 443 2915 820 2983; x_wconf 81' lang='lat' dir='ltr'><strong>urssnuxxvru.</strong></span> 
     </span>
    </p>
   </div>
   <div class='ocr_carea' id='block_1_6' title="bbox 560 3080 711 3091">
    <p class='ocr_par' dir='ltr' id='par_1_6' title="bbox 560 3080 711 3091">
     <span class='ocr_line' id='line_1_27' title="bbox 560 3080 711 3091; baseline 0 -2"><span class='ocrx_word' id='word_1_181' title='bbox 560 3080 711 3091; x_wconf 71' lang='lat'><strong>..—</strong></span> 
     </span>
    </p>
   </div>
   <div class='ocr_carea' id='block_1_7' title="bbox 76 3176 1132 3508">
    <p class='ocr_par' dir='ltr' id='par_1_7' title="bbox 76 3176 1132 3508">
     <span class='ocr_line' id='line_1_28' title="bbox 76 3176 1132 3261; baseline -0.008 -20"><span class='ocrx_word' id='word_1_182' title='bbox 76 3202 104 3241; x_wconf 82' lang='lat' dir='ltr'><strong>as</strong></span> <span class='ocrx_word' id='word_1_183' title='bbox 180 3181 254 3261; x_wconf 80' lang='lat' dir='ltr'><strong>Gap.</strong></span> <span class='ocrx_word' id='word_1_184' title='bbox 268 3183 297 3240; x_wconf 92' lang='grc'><strong>1.</strong></span> <span class='ocrx_word' id='word_1_185' title='bbox 320 3181 473 3258; x_wconf 79' lang='lat' dir='ltr'><strong>(scoth.)</strong></span> <span class='ocrx_word' id='word_1_186' title='bbox 494 3180 576 3239; x_wconf 90' lang='lat' dir='ltr'><strong>Dicta</strong></span> <span class='ocrx_word' id='word_1_187' title='bbox 591 3190 654 3240; x_wconf 90' lang='lat' dir='ltr'><strong>erat</strong></span> <span class='ocrx_word' id='word_1_188' title='bbox 668 3190 766 3239; x_wconf 89' lang='lat' dir='ltr'><strong>natura</strong></span> <span class='ocrx_word' id='word_1_189' title='bbox 782 3177 903 3240; x_wconf 89' lang='lat' dir='ltr'><strong>omniurn</strong></span> <span class='ocrx_word' id='word_1_190' title='bbox 919 3192 1014 3235; x_wconf 88' lang='lat' dir='ltr'><strong>rerum</strong></span> <span class='ocrx_word' id='word_1_191' title='bbox 1033 3176 1107 3232; x_wconf 90' lang='lat' dir='ltr'><strong>iuter</strong></span> <span class='ocrx_word' id='word_1_192' title='bbox 1120 3184 1132 3233; x_wconf 93' lang='lat'><em>1</em></span> 
     </span>
     <span class='ocr_line' id='line_1_29' title="bbox 113 3255 1105 3339; baseline -0.01 -15"><span class='ocrx_word' id='word_1_193' title='bbox 113 3265 230 3325; x_wconf 88' lang='lat' dir='ltr'><strong>caelum</strong></span> <span class='ocrx_word' id='word_1_194' title='bbox 246 3282 282 3324; x_wconf 91' lang='lat' dir='ltr'><strong>ao</strong></span> <span class='ocrx_word' id='word_1_195' title='bbox 297 3272 391 3322; x_wconf 89' lang='lat' dir='ltr'><strong>terras</strong></span> <span class='ocrx_word' id='word_1_196' title='bbox 407 3264 583 3323; x_wconf 91' lang='lat' dir='ltr'><strong>nascentium</strong></span> <span class='ocrx_word' id='word_1_197' title='bbox 604 3262 808 3338; x_wconf 87' lang='lat' dir='ltr'><strong>restabantque</strong></span> <span class='ocrx_word' id='word_1_198' title='bbox 831 3276 904 3338; x_wconf 90' lang='lat' dir='ltr'><strong>quac</strong></span> <span class='ocrx_word' id='word_1_199' title='bbox 927 3277 964 3318; x_wconf 86' lang='lat' dir='ltr'><strong>ex</strong></span> <span class='ocrx_word' id='word_1_200' title='bbox 984 3260 1038 3317; x_wconf 93' lang='lat' dir='ltr'><strong>ima</strong></span> <span class='ocrx_word' id='word_1_201' title='bbox 1053 3255 1105 3339; x_wconf 35' lang='lat' dir='ltr'><strong>tel·-</strong></span> 
     </span>
     <span class='ocr_line' id='line_1_30' title="bbox 113 3338 1105 3421; baseline -0.014 -10"><span class='ocrx_word' id='word_1_202' title='bbox 113 3352 181 3411; x_wconf 90' lang='lat' dir='ltr'><strong>lure</strong></span> <span class='ocrx_word' id='word_1_203' title='bbox 195 3348 352 3421; x_wconf 87' lang='lat' dir='ltr'><strong>fodiuntur,</strong></span> <span class='ocrx_word' id='word_1_204' title='bbox 368 3348 394 3405; x_wconf 91' lang='lat' dir='ltr'><strong>si</strong></span> <span class='ocrx_word' id='word_1_205' title='bbox 407 3363 465 3405; x_wconf 88' lang='lat' dir='ltr'><strong>uon</strong></span> <span class='ocrx_word' id='word_1_206' title='bbox 481 3344 632 3407; x_wconf 88' lang='lat' dir='ltr'><strong>herbarum</strong></span> <span class='ocrx_word' id='word_1_207' title='bbox 648 3362 682 3403; x_wconf 86' lang='lat' dir='ltr'><strong>ac</strong></span> <span class='ocrx_word' id='word_1_208' title='bbox 698 3345 829 3403; x_wconf 83' lang='lat' dir='ltr'><strong>fruticum</strong></span> <span class='ocrx_word' id='word_1_209' title='bbox 843 3343 967 3403; x_wconf 76' lang='lat' dir='ltr'><strong>tractata&#39;</strong></span> <span class='ocrx_word' id='word_1_210' title='bbox 979 3338 1105 3419; x_wconf 88' lang='lat' dir='ltr'><strong>remedia</strong></span> 
     </span>
     <span class='ocr_line' id='line_1_31' title="bbox 113 3427 1105 3508; baseline -0.013 -17"><span class='ocrx_word' id='word_1_211' title='bbox 113 3431 266 3491; x_wconf 85' lang='lat' dir='ltr'><strong>auferrent</strong></span> <span class='ocrx_word' id='word_1_212' title='bbox 280 3439 430 3490; x_wconf 86' lang='lat' dir='ltr'><strong>traversos</strong></span> <span class='ocrx_word' id='word_1_213' title='bbox 443 3448 481 3489; x_wconf 88' lang='lat' dir='ltr'><strong>err</strong></span> <span class='ocrx_word' id='word_1_214' title='bbox 496 3429 568 3508; x_wconf 88' lang='lat' dir='ltr'><strong>ipsis</strong></span> <span class='ocrx_word' id='word_1_215' title='bbox 581 3427 749 3493; x_wconf 85' lang='lat' dir='ltr'><strong>animalibus</strong></span> <span class='ocrx_word' id='word_1_216' title='bbox 761 3442 834 3503; x_wconf 87' lang='lat' dir='ltr'><strong>quae</strong></span> <span class='ocrx_word' id='word_1_217' title='bbox 846 3434 979 3485; x_wconf 88' lang='lat' dir='ltr'><strong>sanantur</strong></span> <span class='ocrx_word' id='word_1_218' title='bbox 989 3429 1105 3501; x_wconf 89' lang='lat' dir='ltr'><strong>reperta</strong></span> 
     </span>
    </p>
   </div>
   <div class='ocr_carea' id='block_1_8' title="bbox 0 0 1246 3817">
    <p class='ocr_par' dir='ltr' id='par_1_8' title="bbox 0 0 1246 3817">
     <span class='ocr_line' id='line_1_32' title="bbox 0 0 1246 3817; baseline 0 0"><span class='ocrx_word' id='word_1_219' title='bbox 0 0 1246 3817; x_wconf 95' lang='lat' dir='ltr'><strong> </strong></span> 
     </span>
    </p>
   </div>
  </div>
 </body>
</html>
