2484 3817
108 191 111 198 ’
151 196 194 284 bb
477 215 508 267 o.
530 215 628 265 rnrnr
647 215 797 264 suenum

107 380 160 436 lar
170 369 264 432 media
285 365 413 430 strumae
428 385 613 448 panorumve.
644 369 769 428 ieiunum
783 386 853 428 esse
866 367 979 428 debere
993 369 1043 446 qui
1059 367 1135 428 colli·

149 461 218 530 gat,
237 454 278 512 itu
297 455 342 512 ire
362 455 398 520 iu⁴
411 453 524 512 domum
541 451 670 512 absentis
686 453 732 510 cui
746 451 895 512 medeatur
909 453 1140 529 supervenienti-

150 553 209 614 que
223 543 270 595 ter
289 535 389 596 dicere
403 537 550 596 acieiuno
566 537 692 594 ieiunum
708 534 945 595 medicamentum
965 535 1133 611 darentque

150 620 192 677 ita
207 617 365 695 adalligare
383 618 536 696 triduoque
553 616 582 675 id
599 618 706 676 iacere.
734 616 812 695 qood
828 619 1014 694 egramiuum
1027 635 1134 694 genere

152 709 268 779 septem
283 701 447 762 internodia
462 700 551 762 babet
564 700 765 773 efficacissime
788 702 875 778 capiti
897 709 999 760 eontra
1020 699 1160 761 doloress

151 783 331 861 adalligatur.
364 785 476 862 quidum
492 791 616 862 propter
632 785 907 844 vesicaecruciatus
929 783 1082 843 decoctum
1100 800 1136 842 ex

151 867 221 927 vino
235 885 354 943 gramen
369 867 404 927 ad
425 865 553 926 dimidias
569 883 585 924 a
600 864 798 928 balineisbibi
814 866 922 926 iubent.

107 959 162 1014 132
225 949 329 1028 (119.)
362 950 434 1010 Sunt
450 951 498 1027 qui
514 957 544 1008 et
558 948 718 1008 aculeatum
732 967 852 1026 meren
865 957 975 1016 vocent
988 951 1073 1008 trium
1088 967 1137 1025 ge·

151 1051 261 1094 nerum.
287 1051 350 1093 eum
365 1035 394 1092 iu
409 1033 553 1092 cacumine
569 1031 662 1090 aculei
678 1041 744 1091 suut
757 1032 1023 1110 plurumum-quini,
1045 1031 1136 1108 dacty-

149 1116 201 1176 lon
217 1115 372 1194 appellant.
389 1115 444 1174 bos
463 1114 637 1174 convolutos
653 1115 770 1176 naribus
782 1117 915 1174 inserunt
929 1114 1136 1191 extrahuntque
1145 1133 1174 1173 uo

149 1201 299 1276 sauguinis
315 1197 408 1257 ciendi
430 1199 535 1274 gratia.¹
566 1197 678 1274 altero,
706 1199 783 1275 qood
803 1206 850 1257 est
869 1201 953 1258 unco
969 1197 1085 1274 simile,
1103 1196 1138 1256 ud

150 1280 327 1359 paronychia
342 1289 373 1340 et
386 1282 521 1358 pterygia
541 1282 677 1358 unguium
693 1290 741 1357 et,
763 1299 827 1340 cum
845 1298 915 1340 caro
937 1280 1081 1359 unguibus
1097 1281 1149 1340 im?

76 1435 78 1440 ‚
149 1366 262 1440 creuit,
277 1371 395 1423 utuntur
406 1381 469 1422 cum
484 1366 618 1440 axungia,
636 1363 703 1424 ideo
715 1363 851 1439 dactylon
866 1363 1059 1441 appellantes,
1075 1364 1145 1441 quia.

107 1446 272 1522 unadgitis
286 1445 442 1506 medeatur.
461 1445 590 1506 Tertium
603 1465 698 1523 genus
715 1446 831 1522 dactyli,
850 1447 903 1506 sed
918 1448 1031 1522 tenuis,
1049 1447 1138 1506 nasci·

150 1537 197 1588 tur
211 1531 241 1588 in
256 1530 408 1606 parietinis
419 1537 467 1588 aut
484 1528 599 1606 tegulis.
630 1529 696 1588 buic
710 1531 838 1589 caustica
855 1531 969 1591 visust.
1000 1531 1077 1597 sistit
1097 1528 1138 1589 ul·
1147 1541 1177 1582 1⁵

150 1629 220 1672 cera
235 1630 308 1689 quae
325 1621 454 1690 serpunt.
484 1624 604 1689 gramen
623 1614 710 1690 capiti
733 1613 936 1673 circumdatum
957 1614 1105 1689 sangoinis
1121 1631 1151 1672 e-

150 1695 269 1756 naribus
287 1695 440 1756 ductiones
452 1696 537 1755 sistit.
568 1695 695 1756 camelos
714 1714 821 1756 necare
836 1695 957 1756 traditur
974 1697 1004 1754 iu
1016 1694 1140 1772 Babylo·

148 1780 194 1838 uis
210 1780 335 1855 regione
349 1779 378 1838 id
394 1779 470 1856 quod
487 1782 566 1839 iuxta
578 1780 641 1838 vias
659 1781 795 1840 nascitur.

106 1869 160 1926 lut
221 1862 324 1940 (120.)
354 1861 417 1922 Nec
438 1863 508 1922 leno
530 1861 650 1932 Graeco,
665 1865 759 1923 minor
777 1863 951 1938 auctoritas,
977 1860 1054 1940 quod
1068 1859 1140 1920 telin

148 1952 271 2022 vocam,
294 1946 343 2004 alii
371 1945 511 2022 carpboe,
539 1946 626 2022 aliqui
642 1944 781 2022 bucerus,
810 1944 859 2006 alii
873 1962 1052 2021 aegoceras,
1069 1957 1189 2022 quo-to.

147 2028 224 2088 niam
239 2028 393 2087 corniculis
411 2045 512 2086 semen
534 2037 580 2087 est
595 2028 699 2105 simile,
714 2047 768 2088 nos
781 2028 909 2089 siliciam.
935 2025 1079 2104 quomodo
1094 2045 1152 2086 se·.

105 2117 309 2170 insereretur
324 2108 470 2168 docuimus
486 2127 540 2170 suo
556 2109 635 2171 loco.
666 2113 784 2170 sisoius
800 2113 927 2184 siccare,
942 2110 1068 2185 mollire,
1084 2109 1141 2169 dis·

149 2192 280 2252 solvere.
317 2208 402 2250 sucus
425 2191 539 2250 decocti
559 2193 727 2251 feminarum
747 2193 878 2269 pluribus
893 2192 976 2252 malis
994 2192 1141 2270 subvenit,

149 2275 214 2334 sive
232 2273 335 2332 duritia
351 2275 414 2332 sive
426 2281 520 2332 tumor
536 2275 599 2334 sive
615 2277 776 2334 contractio
798 2276 837 2334 sit
851 2273 974 2351 volvae,
991 2276 1142 2352 inventur,

107 2367 159 2422 185
171 2355 314 2431 insidunt,
337 2355 460 2416 inlusum
477 2374 593 2434 quoque
609 2357 739 2433 prodest.
773 2357 900 2416 iuriures
914 2357 944 2416 in
965 2359 1040 2417 facie
1057 2367 1182 2419 exte-2⁵

148 2444 225 2510 nuat.
259 2439 352 2518 spleni
377 2437 473 2498 addito
492 2441 568 2500 nitro
584 2439 736 2500 decoctum
757 2447 787 2501 et
813 2441 969 2516 inpositum
996 2440 1144 2517 medetur,

148 2522 220 2582 item
234 2540 273 2582 ex
292 2529 397 2592 aceto„
419 2523 511 2582 sicet
532 2524 655 2582 iocineri
677 2521 836 2582 decoctum.
876 2521 995 2582 Diocles
1021 2523 1144 2584 difficile

149 2605 330 2682 parientibus
357 2622 458 2664 semen
481 2607 544 2664 eius
570 2604 649 2665 dedit
672 2604 814 2664 acetabuli
838 2623 972 2666 mensura
992 2607 1091 2666 tritum
1112 2609 1145 2666 in

151 2704 259 2747 novem
279 2686 389 2763 cyathis
411 2704 498 2764 sapae
525 2695 556 2746 ut
576 2689 677 2746 tertias
700 2689 790 2765 partis
815 2688 968 2766 biberent,
999 2688 1066 2749 dein
1094 2707 1144 2750 ca·

149 2769 207 2830 lida
222 2769 446 2844 levarentur„et
462 2771 492 2830 in
505 2770 621 2830 balineo
640 2771 806 2831 sudantibus
821 2770 965 2832 dimidium
979 2790 1017 2832 ex
1032 2773 1143 2832 relicto
1153 2793 1196 2835 ao.

149 2853 255 2912 iterum
280 2851 373 2927 dedit,
389 2869 458 2911 mox
485 2871 501 2912 a
526 2853 644 2914 balineo
666 2854 802 2930 relicum,
824 2872 878 2931 pro
894 2873 1003 2914 summo
1019 2854 1142 2915 auxilio.

106 2936 290 3001 1861111111]
306 2936 366 2996 leni
387 2933 490 2994 Graeci
507 2954 570 2996 cum
589 2935 701 2998 bordon
723 2945 772 2996 aut
791 2937 841 2997 lini
858 2940 969 2998 semiue
986 2937 1145 2998 decoctam

149 3018 327 3096 aquamulsa
341 3027 441 3078 contra
454 3017 559 3078 volvae
573 3021 716 3079 cruciatus
736 3019 846 3080 obiecit
861 3020 937 3080 idem
951 3021 1144 3100 inposuitque

149 3103 208 3162 imo
226 3103 328 3161 ventri.
361 3101 475 3178 lepras,
490 3101 646 3178 lentigines
666 3102 792 3180 sulpuris
806 3105 869 3180 pari
888 3106 1025 3182 portione
1047 3105 1145 3164 mixta

149 3185 261 3246 farinae
279 3187 403 3260 curavit,
424 3186 499 3244 nitro
517 3193 583 3249 ante
601 3195 771 3264 praeparata
787 3195 854 3246 cute
864 3228 874 3263 ,
897 3189 1012 3264 saepius
1031 3184 1080 3245 die
1096 3188 1200 3248 iu-es.

151 3267 454 3345 linensperpnguique
469 3267 636 3346 prohibens.
656 3267 826 3330 Theodorus
838 3270 908 3330 leno
924 3271 1038 3328 miscuit
1052 3287 1144 3346 quar-

106 3358 225 3423 1871111
242 3358 352 3428 partem
372 3353 485 3428 purgati
501 3354 622 3412 nasturti
640 3355 780 3413 acerrimo
796 3361 880 3413 aceto
895 3352 931 3412 ad
947 3352 1053 3429 lepras.
1080 3351 1156 3410 Dm.

150 3432 230 3494 mion
256 3453 355 3509 semen
378 3435 438 3494 leni
465 3435 607 3496 acetabuli
633 3436 740 3496 dimidii
762 3454 895 3498 mensura
913 3452 977 3494 cum
998 3452 1089 3514 sapae
1108 3443 1146 3496 et
