2484 3817
142 149 204 211 162
480 157 512 206 c.
529 157 625 206 annu
648 157 798 206 saeuum

138 316 265 376 laminae
295 314 445 394 pigriores
476 321 542 374 suut
570 322 602 373 et
632 313 759 374 crassius
786 314 889 378 nitent.
920 272 982 375 nec
1006 315 1059 376 luit
1082 316 1134 379 alia

139 416 252 477 gemma
279 399 353 477 apud
379 399 515 476 antiquos
540 416 593 457 usu
620 398 805 476 frequentior
825 433 869 443 -
889 397 943 460 hac
963 408 1043 460 carte
1065 402 1135 480 apud

138 481 326 544 Menandrum
347 490 377 543 et
392 479 589 542 Philemonem
608 481 726 542 fabulae
748 482 922 560 superbiunt
938 517 981 527 —
995 501 1048 544 nec
1062 485 1135 547 ullae

138 560 340 627 tralucentium
363 566 472 626 tardius
492 565 631 626 subfusae
653 581 753 625 umore
775 564 968 644 hebetantur,
997 568 1134 648 oleaeque

137 653 231 728 magis
254 669 338 730 quam
357 650 416 710 alio
439 650 564 728 liquore.
595 649 762 712 damnantur
780 667 819 710 ex
836 651 872 710 iis
893 649 1017 712 melleae
1035 659 1064 712 et
1076 652 1158 715 val-s

138 736 202 794 dius
216 743 377 796 testaceae.

95 828 145 884 rot
204 819 232 881 8.
253 817 484 899 (32.)‚Egregia
495 819 648 879 etiamnum
661 836 712 878 sua
729 827 837 896 topazo
852 819 947 896 gloria
962 829 1019 898 est,
1034 823 1135 882 uirenti

138 922 250 982 genere
266 911 315 981 et,
334 921 398 963 cum
418 910 539 982 reperta
556 910 625 982 est,
643 902 792 981 praelatae
808 903 949 964 omnibus.
987 905 1088 966 accidit
1106 907 1136 965 ln

139 988 268 1047 Arabiae
288 986 382 1046 insula
408 1003 483 1065 quae
504 984 584 1063 Cytis
608 985 786 1065 vocabatur,
812 988 842 1045 in
863 1004 946 1064 quam
962 988 1137 1049 devenerant

138 1070 327 1149 Trogodytae
354 1070 520 1148 praedones
546 1070 621 1129 lame
644 1079 675 1130 et
697 1077 873 1148 tempestate
894 1070 985 1149 lessi,
1009 1081 1054 1150 ut,
1076 1091 1174 1134 cumae
1212 1075 1213 1084 ’

138 1155 246 1215 herbas
264 1153 437 1232 radicesque
454 1152 606 1229 luderent,
624 1162 763 1214 eruerent
776 1162 914 1232 topazon.
941 1154 1016 1216 haec
1031 1155 1138 1216 Arche-

95 1251 147 1305 108
160 1239 198 1299 lai
210 1240 355 1298 sententia
367 1246 420 1298 cst.
437 1236 508 1298 luha
516 1235 663 1315 Topazum
675 1238 796 1297 insulam
809 1240 839 1298 in
848 1237 950 1299 Rubro
963 1241 1033 1300 mari
1046 1258 1062 1301 a
1073 1259 1139 1300 cou-

125 1323 240 1382 tinenti
256 1321 357 1381 stadiis
372 1318 445 1383 CCC
457 1319 563 1381 abesse
578 1320 660 1398 dicit,
675 1322 847 1383 nebulosam
860 1330 890 1382 et
900 1323 969 1384 ideo
982 1328 1140 1403 quaesitam

138 1407 256 1484 saepius
274 1407 490 1484 nauigantibus,
508 1422 548 1466 ex
562 1419 597 1464 ea
614 1422 703 1465 causa
721 1423 827 1468 nomen
841 1409 1006 1484 accepisse,
1023 1411 1139 1489 topazin

138 1492 213 1551 enirn
226 1488 458 1589 Trogodytarum
474 1488 652 1566 linguan
587 1489 878 1633 significationem
844 1488 952 1548 hahere
966 1493 1137 1566 quaerendi
1150 1517 1177 1555 ιι

139 1594 177 1634 en
202 1574 256 1634 hac
279 1577 399 1652 primum
422 1574 597 1650 inportatam
650 1592 786 1636 erenrcae
817 1575 953 1651 reginae,
982 1590 1057 1650 quae
1082 1576 1138 1633 brit

138 1668 231 1719 mater
253 1660 404 1736 sequentis
420 1656 599 1735 Ptolemaei,
623 1657 659 1718 ab
675 1657 799 1719 Philone
816 1657 966 1742 praelecto
980 1658 1044 1734 regi
1062 1661 1135 1717 mire

138 1743 283 1822 placuisse
304 1751 335 1802 et
355 1740 422 1801 inde
443 1743 547 1800 factam
567 1750 690 1802 statuam
706 1743 853 1804 Arsinoae
867 1741 1028 1802 Ptolemaei
1044 1739 1137 1801 Phila-

137 1826 236 1905 delphi
258 1828 343 1886 uxori
360 1833 495 1904 quattuor
515 1825 696 1903 cubitorum,
717 1836 858 1888 sacratam
876 1827 906 1884 in
923 1825 1048 1886 delubro
1064 1825 1142 1904 quod

96 1923 147 1976 109
159 1928 277 1970 aureum
306 1910 573 1988 cognominabatur.
620 1911 814 1974 recentisthni
842 1917 980 1970 auctores
1009 1919 1040 1970 et
1066 1913 1180 1971 uincam

140 1993 297 2055 Thebaidis
314 1993 500 2054 alabastrum
522 1994 660 2072 oppidum
680 1997 761 2055 nasci
784 1994 881 2054 dicunt
904 2003 933 2053 at
951 1993 1009 2054 duo
1030 2013 1143 2072 genera

139 2082 202 2139 eius
228 2078 354 2156 iaciunt,
379 2076 537 2155 prasoideu
563 2087 651 2157 atque
672 2077 887 2156 chrysopteron
909 2078 1004 2137 simile
1021 2078 1144 2154 chryso·

138 2180 237 2240 praso.
276 2169 337 2220 tota
355 2163 431 2222 enim
453 2161 611 2222 similitudo
632 2163 668 2222 ad
688 2164 770 2241 porri
792 2179 890 2222 sucum
913 2160 1057 2238 dirigitur.
1094 2171 1144 2222 est

139 2255 234 2306 autem
257 2245 430 2324 amplissima
451 2263 636 2322 gemmarum.
673 2246 774 2306 eudem
797 2247 862 2306 sola
882 2244 1018 2305 nobilium
1041 2243 1140 2302 limam

140 2332 244 2406 sentit,
266 2338 386 2390 ceterae
401 2328 495 2389 Naxio
513 2337 543 2389 et
558 2330 673 2391 cotibus
688 2330 844 2408 poliuntur
881 2329 952 2388 hacc
971 2336 1001 2386 et
1015 2343 1074 2386 usu
1096 2334 1179 2386 abas

138 2416 253 2475 teritur.

97 2510 149 2562 110
207 2499 291 2577 (33.)
314 2495 475 2557 Comitatur
489 2517 553 2558 eam
568 2497 753 2558 similitudine
770 2499 891 2578 propior
909 2513 993 2574 quam
1013 2496 1149 2554 auctori·

139 2591 199 2643 tate
226 2582 347 2642 callaina
371 2581 488 2641 euiridi
510 2582 631 2661 pallens
667 2584 795 2641 nascitur
819 2588 887 2659 post
907 2597 1013 2640 aversa
1029 2577 1150 2656 lndiae,

139 2668 215 2745 apud
236 2665 347 2726 incolas
369 2663 489 2725 caucasi
509 2669 616 2726 montis
632 2665 796 2742 Phycaros,
818 2664 924 2742 Sacas,
947 2663 1062 2741 Dahas,
1088 2681 1151 2724 am·

139 2750 280 2830 plitudine
304 2752 478 2828 conspicua,
507 2749 560 2810 sed
583 2750 714 2810 listulosa
738 2768 772 2810 ac
793 2748 922 2809 sordium
953 2749 1058 2826 plena,
1086 2750 1213 2809 sin-ao¹

139 2837 238 2910 carior
255 2835 509 2913 praestantiorque
524 2834 615 2894 multu
633 2835 661 2893 in
681 2830 847 2910 Carmania,
872 2833 1028 2911 utrobique
1045 2839 1154 2890 autern

98 2931 105 2938 “
138 2922 169 2981 in
184 2920 304 2998 rupibus
325 2919 411 2977 inviis
426 2927 456 2977 et
477 2917 599 2996 gelidis,
619 2916 696 2978 oculi
716 2919 807 2996 ligura
823 2916 1002 2977 extuberans
1020 2915 1155 2974 leviter·

96 3015 147 3069 111
158 3022 216 3082 que
230 3003 401 3078 adhaerens,
414 3021 469 3062 nee
483 3012 514 3062 nt
528 3002 630 3063 adnata
646 3003 751 3080 petris,
763 2999 815 3060 sed
830 3009 861 3059 ut
877 2999 1019 3077 adposita.
1043 3015 1157 3076 quam-

140 3087 242 3147 ohrem
267 3087 408 3145 scandere
434 3087 469 3145 ad
491 3106 541 3146 eas
567 3087 685 3165 pigritia
706 3085 810 3164 pedum
840 3084 986 3162 equestris
1009 3079 1156 3160 populos

140 3169 253 3245 taedet,
277 3169 360 3228 simul
375 3178 408 3229 et
424 3169 583 3248 periculum
598 3178 707 3247 terret,
729 3187 803 3247 crgo
826 3165 921 3229 fundis
943 3186 960 3226 e
962 3165 1156 3252 longinquo
1170 3188 1213 3230 aa¹

139 3215 289 3311 incesshnt
313 3260 343 3310 et
364 3270 426 3312 cum
447 3259 510 3312 tuto
530 3271 630 3313 musco
646 3255 801 3313 excutiunt
840 3252 896 3311 hoc
913 3237 1059 3327 vectigal,
1085 3248 1160 3310 hoo

139 3343 289 3410 gestamen
322 3337 350 3392 in
382 3336 515 3412 ceruice,
554 3338 652 3414 digitis
680 3339 874 3414 gratissimum
909 3341 1032 3410 norunt,
1074 3332 1162 3394 hinc

139 3434 262 3490 census,
290 3407 364 3477 haec
384 3417 479 3495 gloria
500 3437 516 3477 a
537 3421 662 3497 pueritia
684 3418 826 3480 deiectum
847 3435 993 3478 numerum
998 3413 1164 3496 praedi·
