2484 3817
294 195 373 243 aar.
389 195 478 247 msc.
494 198 605 247 xxmr.
621 197 665 250 ιι.
680 196 722 251 ιι.
739 187 886 267 (ιι-ιο.)
1019 191 1077 252 147

93 369 204 411 cauum.
232 348 280 409 hro
294 349 413 410 fricatur
427 350 521 411 altero
543 351 640 450 lapide
659 352 753 413 addita
767 353 888 415 hominis
905 356 1009 433 saliva,
1026 357 1077 417 illo

91 434 189 513 lapide
207 435 333 526 tangitur
349 435 497 511 impetigo.
529 437 577 512 qui
591 437 704 530 tangit
699 436 783 497 dicit:

179 506 322 592 φεύγετε
337 514 547 594 κανθαρίδες,
565 507 704 588 λύκος”
683 537 797 596 appear
816 506 895 599 ιιῖμιι
912 514 1033 583 διώκει.

153 600 240 679 (76.)
260 599 386 659 limeum
400 598 490 658 herba
505 601 667 678 appellatur
683 618 699 659 a
716 601 805 663 Gallis
820 620 875 681 qua
890 608 1038 679 sagittas
1030 626 1058 665 m
1069 619 1117 670 101

68 693 197 743 evenatu
211 684 322 759 tingunt
332 682 541 743 medicamento
543 684 641 762 qood
649 702 787 745 venenum
797 704 956 747 cervarium
964 699 1076 749 vocant

91 785 129 825 ex
143 765 221 826 bac
214 784 242 823 m
254 768 306 824 tris
321 764 433 825 modios
449 765 561 826 salivati
575 767 687 827 additur
701 777 834 845 quantum
850 769 878 828 iu
895 787 977 829 uuam
991 774 1085 848 sagit·

90 858 146 909 tam
161 848 226 909 addi
241 849 334 923 solet,
357 849 395 907 ita
419 849 475 907 olla
495 848 649 909 demittitur
665 850 750 911 boum
765 851 896 912 faucibus
916 855 944 911 in
958 854 1076 915 morbis.

91 931 211 1009 adligari
230 940 334 1009 postea
354 932 390 991 ad
404 932 559 1009 praesepia
574 943 707 1010 oportet,
728 934 823 995 donec
843 944 1017 1013 purgentur,
1035 970 1077 983 ·-

90 1016 216 1075 insanire
231 1017 306 1075 euim
327 1014 437 1091 solent,
459 1018 544 1075 -si
564 1016 653 1077 sudor
672 1018 843 1095 insequitur,
874 1035 947 1097 aqua
972 1019 1077 1097 frigida
1184 1084 1189 1097 ,

57 1098 233 1178 reperiundi.

154 1181 238 1259 (77.)
260 1179 543 1241 Leucollercurialis
555 1182 657 1242 similis
671 1198 774 1241 nomen
789 1202 826 1244 ex
839 1202 925 1245 causa
936 1188 1119 1265 accepit,1bt

90 1284 145 1344 per
160 1265 284 1324 medium
299 1264 399 1323 lolium
414 1264 534 1325 candida
548 1264 615 1325 linia
630 1272 844 1327 transcurrente
852 1285 965 1345 ‚quare
982 1286 1076 1329 meso·

89 1349 195 1409 leucon
213 1348 327 1447 quidam
341 1356 456 1408 vocant.
484 1366 572 1407 sucus
591 1349 655 1407 eius
677 1348 788 1409 fistulas
811 1360 892 1411 sanat
899 1354 992 1431 ,ipsa
1008 1370 1076 1413 con·

90 1435 155 1492 trita
169 1432 372 1491 carcinomata.
402 1430 535 1491 fortassis
556 1430 656 1491 eadem
679 1434 715 1491 sit
732 1449 806 1510 quae
827 1434 926 1495 leucas
946 1437 1076 1514 appella·

57 1526 145 1591 uetur,
161 1524 262 1575 contra
275 1517 383 1575 marina
393 1516 486 1575 omnia
500 1532 610 1574 venena
627 1515 742 1575 efficax.
766 1518 893 1594 speciem
903 1520 964 1577 eius
980 1529 1075 1580 aucto·

89 1616 212 1658 resnou
230 1597 360 1673 tradunt,
383 1615 438 1657 uec
457 1598 533 1658 aliud
553 1616 637 1676 qoam
651 1598 817 1661 silvestrem
831 1599 980 1661 latioribus
997 1602 1076 1661 foliis

88 1700 157 1741 esse
171 1681 379 1755 efficaciorem,
395 1680 469 1740 hano
484 1682 592 1741 semine
607 1681 732 1739 acriore.

152 1765 237 1843 (78.)
258 1760 480 1841 leucographis
496 1762 590 1839 qualis
604 1771 685 1821 esset
699 1764 835 1838 scriptum
856 1782 913 1823 nou
927 1767 1055 1842 repperi,
1068 1778 1119 1831 ιιι

88 1848 168 1926 qnod
182 1864 218 1906 eo
232 1848 324 1924 magis
338 1848 435 1921 miror,
450 1845 583 1923 quoniam
601 1843 679 1903 utilis
695 1844 825 1923 proditur
839 1849 1007 1923 sanguinem
1027 1864 1075 1906 ex·

49 1956 80 1995 20
89 1930 268 1989 screantibus
286 1929 376 1990 tribus
392 1929 489 1989 obolis
506 1944 569 1987 cum
586 1943 686 2002 croco,
701 1929 769 1987 item
789 1928 943 2005 coeliacis,
959 1932 1024 1990 trita
1040 1948 1077 1989 ex

90 2029 169 2091 aqua
186 2021 214 2071 et
228 2013 358 2091 adposita
373 2011 517 2091 prolluvio
531 2010 708 2086 feminarum,
723 2012 872 2073 oculorum
887 2030 1004 2092 quoque
1018 2032 1076 2073 me·

80 2092 257 2157 dicameutis
277 2105 307 2157 et
323 2095 476 2175 explendis
490 2092 638 2155 ulceribus
652 2111 726 2171 quae
748 2094 844 2155 liant
836 2114 865 2155 ιι
885 2099 993 2157 teneris
1011 2116 1076 2177 par-

87 2180 177 2239 tibus.

155 2261 204 2322 12.
228 2262 311 2340 (79)
332 2260 448 2321 lledion
470 2260 540 2321 lolia
558 2260 646 2321 babet
667 2223 770 2321 seridis
793 2264 919 2338 sativae,
946 2263 1118 2329 contemtos

52 2345 261 2422 semipedalem
276 2346 326 2404 ιι·
317 2363 347 2404 ιι
367 2361 403 2404 eo
422 2344 523 2403 dorem
537 2343 692 2421 grandem,
708 2362 898 2443 purpureum,
915 2347 1075 2445 rotundum,

89 2428 201 2493 semine
214 2430 332 2503 minuto,
348 2426 474 2488 redicem
486 2426 703 2505 semipedalem.
730 2429 759 2486 in
773 2429 852 2487 sanis
866 2430 967 2507 opacis
984 2431 1075 2490 nasci-

88 2520 144 2569 tur.
175 2510 257 2571 radix
278 2510 420 2570 drachmis
442 2508 550 2569 duabus
573 2527 637 2569 cum
663 2510 749 2569 melle
772 2528 887 2571 meuses
908 2512 1075 2571 feminarum

86 2596 165 2653 sistit
186 2593 340 2670 ecligmate
360 2611 414 2672 per
433 2593 543 2672 aliquot
562 2592 625 2653 dies
643 2602 768 2670 sumpto.
797 2612 897 2655 semen
912 2611 1027 2673 quoque
1047 2596 1075 2651 in

85 2678 158 2737 vino
173 2686 274 2737 contra
292 2676 491 2737 abundantiam
504 2677 672 2737 feminarum
688 2676 779 2738 datur.

58 2778 85 2819 ao
152 2759 235 2838 (80.)
258 2759 392 2834 llposotu
403 2762 466 2819 sive
477 2760 627 2836 myosotis,
639 2760 713 2819 levis
728 2758 817 2821 berba
829 2760 957 2822 caulibus
969 2758 1053 2836 pluri·
1066 2768 1116 2821 105

85 2842 142 2901 bus
159 2842 195 2902 ab
212 2861 267 2902 una
281 2844 380 2902 radice
394 2842 574 2921 aliquatenus
589 2840 773 2918 rubentibus,
795 2846 947 2918 concavis,
966 2840 1001 2901 ab
1017 2843 1073 2900 imo

85 2925 171 2984 loliis
190 2928 331 3003 augustis,
346 2924 481 3002 oblongis
497 2925 585 2987 dorso
599 2933 703 2999 acuto,
725 2926 830 3003 nigris,
851 2944 905 3003 per
925 2924 1074 2986 intervalla

85 3007 207 3069 adsidue
220 3011 391 3087 geminatis,
413 3009 546 3069 tenuibus
561 3008 711 3071 cauliculis
735 3027 772 3067 ex
791 3010 845 3069 alis
859 3005 1074 3087 prodeuntibus,

86 3091 163 3152 llore
178 3091 329 3152 caeruleo.
354 3091 437 3151 radix
450 3092 560 3169 digitali
577 3091 765 3153 crassitudine
779 3092 873 3151 multis
892 3091 1074 3169 capillamen-

49 3175 122 3234 aatis
138 3175 292 3235 fimbriata.
310 3174 356 3232 vis
369 3176 397 3234 ei
407 3178 519 3252 septica
530 3184 560 3233 et
571 3174 775 3247 exulceratrix,
789 3174 911 3251 ideoque
923 3173 1074 3249 aegilopas

85 3268 178 3319 sanat.
197 3256 469 3336 traduutrlegpptii,
482 3254 1073 3336 mensisquemThotivocantdieXXVlll.

84 3341 169 3400 lere
160 3360 189 3401 ιι
194 3341 358 3418 Augustum
369 3358 496 3401 mensem
508 3342 671 3400 incurrente
683 3339 707 3398 si
722 3340 784 3416 quis
795 3338 877 3401 huius
887 3338 995 3399 herbae
1003 3356 1074 3399 succ

83 3424 351 3502 inunguaturmane
363 3423 682 3503 priusquamloquatur,
696 3437 753 3482 uon
765 3421 929 3567 lippi'}f,¹¹f¹
942 3439 978 3483 eo
990 3437 1073 3523 anno,
