2484 3817
294 238 374 284 ner.
388 235 481 290 nisu.
497 239 606 290 uun.
618 235 645 291 8.
654 236 679 287 o.
695 228 850 306 (ee—so.)
1021 231 1062 292 at

68 393 115 460 bet
128 400 158 453 et
173 391 283 453 elicitur
294 391 387 454 tetris
400 391 518 454 solvere
535 401 577 466 et,
592 411 656 454 cum
670 402 832 471 unguantur
842 394 911 456 olco
922 395 1061 471 admixto,

69 476 204 536 sudorem
220 474 339 550 lacere,
355 477 428 534 sicut
442 475 642 538 lassitudinem
654 477 829 538 dissolvere.
856 480 965 538 urinam
982 481 1061 539 cient

69 568 95 620 et
109 577 237 620 menses.
256 567 342 636 caput
357 566 497 635 temptant
512 559 568 618 vini
583 560 682 635 modo,
692 591 738 606 --
747 577 810 619 nam
819 569 851 618 et
861 561 935 622 olor
947 562 1062 637 similis,

69 675 108 690 —-
120 651 151 701 et
165 640 335 700 inflationes
354 641 465 718 pellunt
485 643 515 702 in
529 642 684 718 uberiora,
699 643 796 702 alvom
810 645 933 719 sistunt,
955 645 1060 720 hydro·

50 727 139 804 spicis
152 733 182 784 et
197 723 325 785 lienibus
340 742 477 801 perquam
492 725 586 784 utiles.
603 725 687 786 lactis
701 726 865 786 ubertatem
877 727 995 803 lactum,
1010 728 1057 788 all·
1068 740 1102 794 61

68 816 218 868 versentur
230 809 353 866 venenis
367 809 561 886 serpentium,
577 827 708 869 maxume
723 826 798 886 quae
813 809 906 885 frigus
923 810 1059 872 inferunt.

68 895 156 952 minor
179 890 331 951 efficacior
353 891 389 950 ed
408 892 571 968 serpentis,
601 891 710 952 bibitur
736 892 855 952 seminis
877 891 1009 953 drachma
1030 895 1061 954 in

70 978 131 1035 vino
150 973 202 1033 vel
219 989 310 1050 posca
331 982 379 1032 aut
403 973 511 1034 duabus
535 975 672 1034 loliorum
688 977 918 1036 tenerrimorum
951 984 982 1036 et
995 977 1061 1036 iuli·
1121 992 1125 996 “

69 1066 167 1118 huntur
190 1065 314 1132 utraque
335 1056 473 1118 adversus
493 1074 665 1119 araneorum
685 1075 817 1133 morsus,
841 1059 890 1118 vel
908 1061 1058 1136 perunctis

42 1149 190 1217 retentum,
219 1139 318 1201 suilitu
338 1157 453 1216 quoque
474 1149 523 1201 eut
545 1141 692 1204 substratu
711 1141 812 1217 lugent
829 1150 979 1202 venenata.
1019 1143 1101 1208 ullor

70 1242 205 1284 uenerem
221 1225 345 1300 impetus
362 1222 508 1300 inhibent,
523 1240 618 1302 eoque
634 1241 763 1287 munuc
780 1223 941 1302 phalangiis
956 1225 1059 1286 edver-

70 1316 163 1367 santur
178 1324 302 1384 qnorum
317 1324 429 1367 morsus
445 1306 574 1383 genitue
596 1309 712 1366 excitat.
742 1309 845 1386 eapitis
866 1307 1000 1370 dolorem
1019 1327 1060 1370 ex

70 1391 212 1452 ebrietate
227 1389 330 1450 selant
344 1407 406 1448 eum
422 1407 544 1450 rosaceo
561 1389 616 1451 llos
634 1392 786 1468 tenerique
803 1391 944 1450 cauliculi.
972 1395 1059 1454 semi·

70 1476 110 1532 nis
125 1474 281 1534 decoctum
294 1472 541 1532 vehementiorem
557 1474 660 1550 cepitis
676 1474 809 1534 dolorem
825 1473 960 1534 dissolvit
981 1476 1057 1551 iotn,

41 1577 62 1618 ιι
69 1565 96 1616 et
110 1556 225 1617 volvam
240 1556 327 1615 etiem
342 1557 438 1616 suilitu
455 1556 502 1614 vel
522 1557 657 1634 adpositu
674 1566 797 1634 purgat,
817 1557 913 1617 alvom
927 1577 992 1617 curn
1008 1577 1059 1636 pu·

69 1639 123 1699 leio
138 1649 169 1700 et
184 1638 277 1700 melle
292 1647 398 1716 potum.
429 1642 554 1700 vomices
580 1648 610 1700 et
629 1657 720 1716 panos
741 1640 860 1700 difficile
873 1657 1058 1717 concoquen-

67 1726 100 1784 tis
124 1742 189 1783 cum
204 1723 301 1785 lerina
313 1721 475 1784 hordeacea
489 1723 589 1784 mollit.
619 1722 747 1782 lichenas
762 1731 794 1782 et
814 1722 970 1797 lentigines
991 1742 1054 1782 curn
1064 1735 1101 1789 63

68 1806 236 1883 aphronitro
262 1814 293 1868 et
313 1814 398 1866 aceto
414 1824 513 1866 semen
528 1813 627 1879 senet,
647 1814 679 1866 et
694 1807 755 1863 oris
769 1805 869 1865 ulcero
882 1812 915 1862 et
930 1808 1059 1882 eruptio·

67 1907 132 1948 num
144 1907 208 1948 cnm
222 1888 326 1964 melle,
349 1890 465 1950 testium
477 1907 540 1948 cum
554 1888 661 1962 butyro
677 1896 707 1946 et
721 1887 800 1947 loliis
817 1888 933 1962 vitium,
957 1887 1059 1963 rhaga-

37 1972 119 2032 mdas
140 1972 220 2030 sedis
233 1989 296 2034 cuna
308 1990 381 2050 aqua
396 1973 517 2047 inlitum,
534 1971 630 2033 luxata
641 1989 706 2031 cum
721 1970 784 2031 sale
794 1979 825 2031 et
839 1972 915 2028 nitro
936 1979 966 2030 et
981 1989 1057 2032 cera.

69 2063 102 2116 et
119 2056 230 2114 semine
246 2063 275 2114 et
296 2055 369 2116 lolio
392 2056 504 2115 additur
520 2055 551 2114 in
572 2055 741 2131 malagmata
755 2070 909 2114 nervorum
926 2062 957 2114 et
971 2055 1059 2132 poda·

67 2156 144 2214 gres.
175 2155 275 2198 semen
291 2137 446 2199 instillatur
461 2139 490 2198 in
508 2137 576 2199 oleo
601 2137 752 2199 decoctum
768 2138 855 2216 capiti
873 2139 904 2198 in
922 2137 1057 2215 lethargo

68 2230 97 2282 et
119 2221 267 2300 phrenesi.
299 2223 414 2298 virgam
432 2223 479 2299 qui
495 2223 524 2280 in
543 2239 626 2282 manu
639 2221 764 2281 habeant
785 2229 834 2279 aut
850 2223 879 2280 in
893 2223 988 2284 cinctu
1007 2241 1058 2284 ne·

68 2313 171 2379 gantur
185 2306 399 2380 intertriginem
416 2305 536 2364 sentire.
676 2360 680 2364 Α

39 2406 63 2448 ιι
128 2387 211 2464 (39.)
239 2386 466 2448 Eriecn'Greeci
488 2396 591 2447 vocant
607 2387 741 2448 fruticem
759 2404 817 2448 nou
834 2387 987 2448 multuma
1012 2390 1099 2453 vioe

71 2471 125 2530 tice
141 2469 342 2547 differentem,
359 2470 461 2531 colore
479 2472 656 2532 rorisruarini
674 2479 705 2530 et
719 2488 812 2549 paene
828 2470 910 2531 lolio
935 2471 992 2528 hoc
1009 2469 1057 2529 all·

70 2555 178 2612 versari
195 2513 382 2631 serpentibus
399 2553 519 2613 tradunt.

129 2637 211 2714 (40.)
240 2635 359 2698 Geniste
376 2653 490 2713 quoque
503 2637 607 2696 vinculi
623 2655 704 2696 usum
723 2644 868 2713 praestat,
891 2636 972 2696 lloris
995 2601 1055 2710 api·
1043 2644 1098 2697 ·66

68 2718 121 2778 bue
137 2722 303 2794 gratissimi.
320 2720 420 2780 dubito
435 2737 471 2778 an
485 2721 556 2780 haee
572 2722 609 2780 sit
619 2737 702 2797 quum
718 2717 820 2780 Graeci
831 2728 965 2780 auctores
978 2733 1058 2793 spur

37 2808 117 2862 erton
134 2803 341 2880 appellavere,
356 2821 418 2862 cure
436 2821 475 2862 ex
490 2821 524 2862 eu
538 2804 595 2871 lina
609 2804 764 2880 piscatoria
778 2802 853 2880 apud
868 2820 922 2862 eos
933 2800 1055 2860 factitari

66 2884 231 2983 docuerim,
255 2894 286 2946 et
306 2886 441 2964 numquid
460 2882 532 2946 hano
553 2886 751 2962 designaverit
771 2885 931 2959 llonnerus,
951 2899 1016 2940 cum
1033 2899 1062 2942 ιι,
1075 2901 1098 2936 ιι

67 2968 137 3026 dixit
166 2972 280 3029 nenium
301 2977 399 3046 sparte
418 2969 569 3029 dissolute..
599 2969 723 3029 noudum
748 2970 824 3028 enirn
842 2966 933 3027 luisse
955 2962 1057 3039 Hispa

67 3067 129 3110 unm
143 3051 350 3112 Africanumnc
373 3055 530 3128 spartum
522 3071 551 3111 nn
581 3070 634 3110 usu
651 3060 767 3113 certum
785 3057 848 3121 est,
870 3057 901 3109 et
923 3047 1057 3107 cumbe

66 3141 129 3192 rent
145 3135 249 3196 sutiles
270 3151 370 3209 naves,
384 3134 444 3194 lino
458 3143 562 3209 tamen,
579 3151 638 3194 non
650 3142 750 3210 sparto
766 3147 895 3206 umquam
906 3138 994 3189 sutas.
1010 3149 1057 3190 se·

37 3224 130 3276 tmen
145 3219 235 3292 eius,
240 3215 322 3294 quod
342 3216 443 3278 Graeci
459 3217 563 3279 eodem
580 3219 695 3276 nomine
708 3215 857 3310 appellant
874 3215 905 3270 in
918 3211 1055 3272 folliculis

68 3296 272 3372 pheseolorum
286 3299 372 3362 modo
386 3318 507 3362 nascens
523 3307 626 3376 purgat
640 3298 785 3358 hellebori
801 3299 863 3355 vice
877 3295 1009 3356 machina
1024 3303 1055 3354 et

67 3379 179 3444 dimidia
195 3393 266 3461 pota
281 3386 314 3442 iu
328 3400 420 3460 aquae
442 3382 551 3442 mulsae
564 3380 687 3457 cyathis
696 3381 849 3456 quattuor'
841 3378 953 3438 ieiunis.
983 3363 1097 3440 rainice

67 3465 198 3528 emblet
218 3465 338 3529 ironlei
366 3473 450 3527 aceto
480 3467 627 3526 macerati
635 3463 764 3541 pluribus
794 3462 896 3522 diebus
923 3468 953 3518 et
978 3460 1054 3517 tunsi
