2484 3817
328 232 629 284 summanum.
645 230 670 284 a.
686 229 712 282 4.
729 218 876 299 (rt-aa.)
1038 218 1101 283 269

98 394 131 452 in
146 408 215 451 aere
230 388 319 449 sudor
334 388 381 447 vel
392 387 511 447 lucerna
526 388 589 446 sine
604 385 720 445 defectu
732 386 790 446 olei
806 388 942 447 restincta
956 396 1003 447 aut
1017 388 1102 448 etiam

98 474 198 536 vellus
214 473 296 533 lanae
310 470 451 531 madidum
465 472 644 551 reperiatur,
657 486 714 528 uon
726 469 811 529 dubie
824 472 990 548 promittunt
1002 488 1101 549 aquas.

100 558 218 639 quidam
234 566 263 616 et
277 557 344 632 igne
365 556 445 634 prius
460 562 606 613 excocunt
621 553 716 612 locum
730 561 809 612 tanto
825 554 994 614 efficaciore
1016 571 1100 614 vaso·

99 660 163 703 rum
181 648 361 717 argumento.

78 742 92 782 s
167 725 251 803 (28.)
279 722 371 782 'ferra
396 738 466 782 vero
492 722 556 799 ipsa
581 722 722 799 promittit
744 718 957 781 candicantibus
979 721 1099 781 maculis
1110 730 1143 786 tt

99 818 150 870 aut
165 816 226 867 tota
241 806 338 884 glauci
357 805 476 865 coloris.
505 807 534 863 in
545 806 627 880 nigra
649 806 724 864 enim
747 804 936 879 scaturigines
955 821 1014 885 non
1037 804 1101 864 lere

101 902 168 953 sunt
183 907 339 970 perennes.
369 888 500 965 figularis
514 896 593 947 creta
607 906 724 965 semper
742 888 838 948 adimit
858 903 944 965 spes,
968 905 1024 947 nec
1044 905 1101 947 am·

102 976 179 1056 plius
195 984 316 1052 puteum·
329 973 441 1033 fodiunt
456 972 535 1030 coria
548 979 644 1031 terrae
659 972 862 1047 observantes,
878 980 908 1029 ut
922 989 939 1030 a
954 973 1037 1049 nigra
1051 970 1100 1030 de·

101 1058 224 1120 scendat
238 1057 310 1118 ordo
325 1074 412 1134 supra
427 1056 529 1115 dictus.
563 1054 648 1133 Aqua
671 1072 787 1135 semper
808 1054 901 1115 dulcis
916 1050 945 1113 in
959 1054 1099 1131 argillosa
1109 1065 1144 1119 48

40 1209 44 1221 ,
64 1168 92 1209 ro
103 1154 199 1219 terra,
216 1141 350 1218 frigidior
364 1143 393 1199 in
407 1140 480 1199 tofo.
507 1156 630 1217 namque
642 1149 671 1199 et
688 1138 735 1199 liic
750 1138 903 1219 probatur,
919 1137 1011 1199 dulcis
1028 1140 1101 1199 enirn

101 1228 324 1303 levissimasque
339 1224 409 1283 facit
424 1232 453 1283 et
467 1222 591 1282 colando
609 1224 738 1282 eontinet
753 1223 858 1283 sordis.
886 1222 1017 1283 sabulum
1040 1224 1100 1282 exi·

101 1312 139 1371 lis
151 1310 327 1387 limosasque
341 1307 488 1387 promittit,
505 1306 597 1383 glasia
613 1309 738 1367 incertas
751 1324 849 1383 renas,
865 1306 917 1367 sed
932 1306 1000 1367 boni
1015 1323 1101 1385 sapo-

101 1395 160 1470 ris,
177 1393 307 1452 sabulum
320 1392 476 1452 masculum
493 1399 521 1450 et
536 1390 643 1451 harena
666 1400 694 1451 et
714 1390 904 1451 carbunculus
928 1400 1024 1451 certas
1044 1399 1102 1449 stae

101 1478 228 1555 bilisque
244 1484 274 1535 et
288 1476 431 1551 salubris,
446 1474 532 1534 rubra
550 1492 621 1534 saxa
633 1484 764 1553 optumas
776 1476 899 1554 speique
915 1476 1101 1550 certissimas,

67 1581 92 1622 1⁵
102 1561 220 1621 radices
231 1561 366 1619 montium
377 1576 502 1619 saxosae
517 1567 548 1617 et
562 1558 637 1617 silex
652 1558 708 1618 boc
723 1558 844 1635 amplius
859 1558 990 1632 rigentis.
1015 1574 1101 1637 opor·

102 1654 145 1704 tet
159 1652 251 1702 autem
267 1643 443 1704 fodientibus
460 1642 616 1701 umidiores
636 1640 755 1699 adsidue
776 1638 958 1715 respondere
979 1640 1102 1715 glaebas

101 1726 274 1805 faciliusque
288 1727 462 1786 ferramenta
484 1724 674 1783 descendere.
704 1721 862 1799 Depressis
881 1722 976 1798 puteis
1002 1722 1098 1801 sulpn·
1110 1735 1145 1789 49

101 1818 166 1870 rata
181 1810 229 1869 vel
242 1808 401 1868 aluminosa
416 1806 598 1864 occurrentia
612 1806 760 1882 putearios
776 1812 890 1864 necant.
920 1806 1101 1883 experimen·

103 1903 162 1954 tum
173 1893 256 1952 buius
271 1889 393 1969 periculi
405 1897 450 1949 est
464 1888 589 1947 demissa
601 1887 706 1947 ardens
718 1888 847 1965 lucerna,
865 1890 888 1947 si
900 1888 1102 1965 exstinguitur.

68 1986 171 2040 aotunc
193 1974 349 2033 secundum
372 1982 488 2051 puteum
517 1972 619 2032 dextra
638 1989 675 2031 ac
695 1972 809 2031 sinistra
828 1971 1103 2033 fodiuntaestuaria

104 2078 179 2139 quaa
196 2057 361 2135 grauiorem
375 2056 454 2116 illum
470 2056 586 2116 halitum
606 2056 758 2133 recipiant.
789 2056 820 2115 lit
834 2065 863 2115 ct
885 2057 947 2116 sine
962 2056 1007 2116 bis
1025 2056 1102 2117 uitiis

103 2143 252 2203 altitudine
266 2142 329 2218 ipsa
346 2140 465 2218 gravior
479 2158 530 2199 aer
544 2157 629 2218 quern
644 2138 796 2200 emendant
815 2139 934 2200 adsiduo
950 2140 1102 2202 linteorum

103 2227 210 2287 iactatu
225 2224 417 2286 eventilando.
447 2241 510 2283 cum
525 2222 561 2282 ad
571 2240 672 2302 aquam
687 2232 803 2283 ventum
815 2232 870 2300 est,
886 2224 948 2284 sine
963 2224 1100 2285 harenato

105 2328 180 2387 opus
193 2309 284 2385 surgit
294 2326 331 2367 ne
343 2326 436 2367 venae
448 2307 640 2366 obstruantur.
658 2307 804 2381 Quaedam
817 2325 909 2386 aquae
923 2325 992 2368 vere
1005 2310 1098 2369 statim
1109 2319 1145 2373 bo

67 2412 95 2454 as
106 2394 263 2469 incipiente
277 2391 443 2469 frigidiores
461 2398 541 2468 suut,
563 2408 681 2469 quarum
698 2392 800 2451 nonin
820 2392 878 2452 alto
892 2392 977 2470 origo
993 2402 1038 2453 est
1060 2426 1102 2437 -

103 2475 233 2535 bibernis
249 2476 323 2534 enim
336 2482 467 2534 coustant
477 2474 615 2534 imbribus
625 2508 678 2551 -,
693 2474 833 2553 quaedam
844 2476 924 2535 canis
936 2484 1011 2551 ortu,
1027 2477 1102 2535 sicut

103 2562 134 2618 in
148 2556 319 2617 llacedouia
333 2557 415 2618 Pella
429 2566 589 2636 utrumque.
624 2568 688 2619 ante
704 2557 839 2638 oppidum
855 2561 929 2618 enim
946 2560 1101 2637 incipiente

104 2648 217 2704 aestate
231 2640 336 2717 frigida
352 2650 397 2701 est
411 2640 563 2721 palustris,
586 2641 652 2701 dein
667 2660 799 2703 maxumo
815 2651 897 2703 aestu
912 2644 941 2701 in
956 2642 1100 2702 excelsio-

104 2723 185 2785 ribus
200 2724 298 2800 oppidi
310 2725 396 2801 riget.
418 2724 475 2784 boc
491 2734 519 2785 et
534 2726 563 2786 in
575 2725 647 2785 chio
665 2726 762 2785 evenit
779 2726 862 2785 simili
876 2728 987 2786 ratione
999 2723 1101 2804 portus

68 2818 137 2871 acet
159 2805 269 2885 oppidi.
309 2806 431 2867 Athenis
451 2806 659 2869 Enneacrunos
680 2808 808 2870 nimbosa
834 2819 944 2870 aestate
967 2810 1101 2887 frigidior

107 2900 153 2951 est
168 2908 252 2969 quarn
268 2898 372 2967 puteus
387 2892 415 2950 in
428 2890 506 2951 louis
521 2892 624 2967 borto,
640 2901 669 2953 at
684 2892 735 2959 ille
749 2892 925 2953 siccitatibus
936 2892 1026 2969 riget,
1042 2912 1100 2954 ma·

106 2993 191 3035 nume
207 2982 302 3033 autem
317 2976 396 3052 putei
414 2976 491 3035 circa
513 2984 665 3035 arcturum.
706 2979 737 3037 ·4.
760 2994 817 3037 non
838 2977 902 3055 ipsa
918 2985 1027 3036 aestate
1050 2976 1099 3036 de-

106 3058 221 3135 ficiunt,
247 3074 404 3135 omnesque
424 3057 574 3137 quatriduo
596 3076 632 3119 eo
655 3058 812 3119 subsidunt.
856 3062 910 3119 iam
928 3078 999 3120 vero
1020 3061 1100 3119 multi

105 3140 200 3201 hieme
218 3149 296 3217 tota,
312 3149 342 3199 ut
358 3141 434 3201 circa
452 3140 619 3219 Olynthum,
636 3162 707 3202 vere
723 3145 841 3219 primum
857 3144 939 3220 aquis
956 3143 1098 3204 redeunti·

70 3243 98 3285 as
107 3224 172 3284 bus.
201 3226 236 3285 In
252 3225 350 3284 Sicilia
364 3225 476 3301 quidem
489 3225 567 3283 circa
581 3225 741 3285 Messanam
754 3236 784 3285 et
797 3226 889 3301 llylas
905 3226 997 3286 bieme
1010 3230 1037 3286 in
1046 3237 1094 3288 to·
1105 3238 1136 3293 51

108 3308 343 3368 tuminarescunt
359 3308 472 3383 fontes,
493 3316 602 3368 aestate
626 3308 768 3368 exundant
792 3327 958 3387 amnemque
980 3312 1097 3371 faciunt.

107 3388 283 3470 Apolloniae
295 3393 322 3450 in
338 3392 429 3452 Ponto
444 3389 510 3449 fons
525 3391 602 3450 iuxta
612 3410 691 3451 mare
707 3398 816 3451 aestate
830 3402 936 3453 tantum
949 3395 1098 3471 superfluit

108 3484 137 3535 et
147 3492 277 3535 maxume
293 3477 372 3536 canis
387 3483 466 3549 ortu,
482 3474 613 3552 parcius,
632 3477 655 3533 si
671 3473 802 3551 frigidior
818 3476 854 3535 sit
868 3485 973 3537 aestas.
1002 3477 1096 3551 Quae·
