2484 3817
156 186 216 247 154
508 196 538 243 4.
552 196 647 243 annu
665 194 813 244 succum

114 362 165 417 139
227 349 332 429 (113.)
353 347 472 429 Thlaspi
486 348 605 409 duorum
619 366 757 425 generum
771 356 831 407 est:
855 346 985 423 angustis
1003 346 1080 406 loliis
1097 346 1125 406 di

156 434 239 510 gitali
253 433 400 493 latitudine
414 443 445 492 et
460 432 639 508 longitudine
654 434 801 491 interram
817 432 924 502 versis,
947 432 975 488 in
992 432 1138 489 cacumine

155 517 264 591 diuisis,
280 517 422 575 cauliculo
437 516 621 593 semipedali,
644 534 700 575 non
716 518 777 574 sine
796 516 897 588 ramis,
915 513 1054 591 peltarum
1072 530 1137 591 spe·

156 604 200 659 cie
222 602 330 658 semine
350 599 462 659 incluso
477 598 630 658 lenticulae
656 598 770 675 effigie,
794 598 848 655 nisi
869 596 945 673 quod
966 596 1138 672 infringitur,

155 684 230 742 unde
250 700 362 742 nomen.
390 682 446 741 llos
474 681 587 740 albicat.
617 684 744 740 nascitur
767 683 796 738 in
810 680 918 739 semitis
939 688 968 739 et
993 679 1165 757 saepibuss

156 784 254 825 semen
269 766 365 842 asperi
379 774 480 841 gustus
494 764 580 823 bilem
595 773 625 823 44
638 765 763 842 pituitam
776 765 914 841 utrimque
931 763 1064 837 extrahit,
1079 779 1139 821 mo-

156 849 208 908 dus
223 848 352 907 sumendi
369 847 509 908 acetabuli
526 865 668 907 mensura.
697 847 819 925 prodest
841 854 870 904 et
889 846 1051 905 ischiadicis
1067 846 1140 904 inlu·
1232 873 1233 913 p

156 951 217 991 sum
232 931 327 990 donec
337 933 503 1006 sanguinem
518 930 619 989 trahat.
652 948 767 991 menses
781 946 896 1007 quoque
914 931 985 1004 ciet,
1007 928 1058 987 sed
1074 946 1141 1006 par·
1233 965 1234 995 r

115 1027 166 1079 144
175 1025 221 1074 tus
244 1021 338 1073 necat.
380 1013 510 1072 Alterum
528 1012 635 1090 thlaspi
661 1014 748 1092 aliqui
770 1012 907 1072 Persicon
927 1030 1004 1090 napy
1024 1021 1141 1087 vocant,
1234 1055 1235 1085 ,

156 1099 221 1158 latis
232 1097 321 1171 loliis,
337 1096 482 1155 radicibus
496 1096 615 1172 magnis,
632 1105 662 1155 et
676 1098 767 1173 ipsum
785 1096 853 1154 utile
867 1095 1085 1155 ischiadicorum
1099 1096 1141 1153 in·
1152 1107 1178 1146 1⁰
1235 1149 1236 1159 ,

155 1181 271 1239 fusioni.
303 1178 425 1257 prodest
445 1188 474 1237 et
495 1180 656 1255 inguinibus
680 1189 809 1256 utraque.
842 1180 1069 1256 praecipitarat
1093 1180 1142 1256 qui
1236 1239 1237 1251 ,

157 1262 277 1337 colliget
295 1262 372 1321 dicat
385 1280 499 1321 sumere
513 1280 546 1320 se
560 1272 662 1322 contra
681 1263 794 1338 inguina
810 1270 839 1321 et
857 1270 955 1321 contra
971 1263 1062 1321 omnis
1078 1262 1141 1321 col·
1236 1260 1237 1269 ’

157 1345 299 1404 lectiones
317 1353 346 1403 et
363 1354 461 1404 contra
475 1344 604 1418 volnera,
623 1362 677 1404 una
694 1362 775 1404 manu
792 1344 883 1404 tollat.

116 1438 165 1494 141
233 1427 337 1505 (114.)
359 1427 511 1487 Trachinia
532 1426 620 1487 herba
638 1428 731 1504 qualis
755 1430 791 1487 sit
812 1444 870 1486 non
890 1428 1017 1489 traditur.
1051 1430 1142 1489 credo

157 1510 276 1584 falsum,
298 1521 327 1569 et
343 1512 511 1589 promissum
520 1509 676 1571 Democriti
689 1520 884 1589 portentosum
899 1522 943 1571 444
960 1512 1142 1589 adalligatam
1154 1530 1179 1572 re

156 1594 250 1653 triduo
265 1593 417 1653 absumere
431 1593 533 1653 lienes.
1240 1610 1241 1613 ’

230 1676 258 1753 (t
269 1678 334 1755 15.)
357 1677 499 1753 Tragonis
513 1679 575 1736 sive
596 1677 709 1753 tragion
726 1678 850 1737 nascitur
870 1678 898 1737 in
916 1677 1020 1738 Cretae
1034 1686 1144 1737 tanturn

156 1760 266 1820 insulae
281 1762 437 1836 maritimis,
451 1761 573 1838 iunipiro
590 1760 688 1819 similis
704 1768 733 1819 et
748 1762 855 1820 semiue
870 1770 899 1820 et
913 1761 985 1823 iclio
1002 1770 1031 1820 et
1046 1762 1143 1821 ramis.

158 1862 244 1903 sucus
258 1847 321 1904 eius
338 1845 448 1905 lacteus
463 1846 492 1903 in
508 1845 636 1904 cummim
648 1846 788 1922 spissatus
804 1844 851 1903 vel
869 1862 967 1904 semen
982 1846 1010 1903 in
1021 1846 1143 1922 potione

157 1928 268 2004 spicula
287 1946 304 1986 e
322 1945 448 2005 corpore
464 1929 546 2001 eicit,
558 1927 683 1987 tunditur
697 1945 802 1986 recens
817 1936 846 1986 et
861 1946 922 1987 cum
937 1929 1004 1987 vino
1019 1928 1181 1988 inliniturao

158 2020 206 2068 aut
222 2011 320 2069 siccae
334 2010 425 2070 farina
440 2028 502 2070 cum
517 2010 613 2069 melle.
644 2010 742 2070 eadem
766 2011 849 2071 lactis
863 2010 1060 2070 abundantiam
1075 2012 1146 2070 iacit

157 2094 342 2168 mammisque
357 2096 441 2152 unice
459 2094 597 2152 medetur.

117 2185 168 2240 142
231 2174 334 2252 (116.)
355 2175 408 2235 Est
423 2176 478 2235 alia
493 2176 581 2235 herba
603 2185 703 2251 tragos
725 2194 807 2254 quam
827 2176 912 2255 aliqui
934 2177 1072 2255 scorpion
1093 2195 1144 2237 vo·

159 2266 232 2333 cant,
247 2258 422 2335 semipedem
441 2259 508 2334 alta,
524 2259 677 2333 fruticosa,
701 2260 762 2318 sine
776 2260 869 2334 loliis,
893 2260 1006 2338 pusillis
1020 2262 1145 2320 racemis

158 2339 325 2399 rubentibus
340 2344 420 2417 grani
434 2343 531 2414 tritici,
547 2351 630 2400 acuto
647 2344 808 2418 cacumine,
829 2353 858 2403 44
878 2344 941 2422 ipsa
956 2346 983 2402 in
997 2346 1145 2404 maritimis
1154 2364 1181 2403 44

158 2441 291 2482 nascens.
322 2422 404 2482 buius
417 2442 558 2484 ramorum
573 2424 601 2484 X
619 2434 666 2485 aut
686 2424 740 2485 ΧΗ
765 2427 910 2487 cacumina
930 2430 994 2486 trita
1018 2444 1055 2486 ex
1075 2428 1145 2486 vino

160 2515 227 2585 pota
242 2506 397 2583 coeliacis,
421 2508 616 2583 dysintericis,
642 2510 808 2585 sanguinem
829 2510 1045 2571 exscreantibus
1065 2528 1144 2568 men-

158 2607 276 2666 sumque
292 2589 479 2650 abundantiae
491 2590 670 2651 auxiliantur.

229 2672 333 2751 (117.)
356 2672 409 2732 llst
419 2682 449 2732 et
458 2683 643 2753 tragopogon
659 2692 742 2754 quem
755 2676 802 2736 alii
815 2692 916 2735 comen
927 2682 1044 2751 vocant,
1060 2676 1145 2735 caule

158 2772 260 2832 parvo,
276 2755 355 2815 141114
369 2758 467 2834 croci,
483 2759 580 2819 radice
594 2760 682 2835 longa
697 2761 790 2836 dulci,
810 2776 898 2840 super
913 2758 1024 2818 caulem
1040 2758 1144 2834 calyce
1155 2772 1185 2815 ao

158 2838 217 2898 lato
233 2840 327 2915 nigro.
358 2842 483 2900 nascitur
497 2843 525 2900 in
540 2846 652 2921 asperis
668 2845 730 2902 sine
746 2862 808 2902 usu,

117 2930 168 2985 143
194 2980 197 2985 .
232 2923 336 3000 (118.)
359 2921 396 2982 Et
412 2923 449 2982 de
463 2923 560 2982 herbis
571 2926 684 3001 quidem
697 2927 831 2986 memoria
846 2926 930 3002 digna
946 2925 1085 2983 hactenus
1099 2934 1147 2984 ant

159 3008 325 3083 accepimus
342 3015 389 3065 aut
404 3007 594 3084 conperimus.
626 3011 654 3067 in
669 3009 725 3067 fine
741 3027 836 3067 earum
854 3009 1007 3068 admonere
1029 3022 1087 3066 non
1109 3008 1145 3067 ab

159 3104 192 3145 re
207 3088 364 3147 iudicamus
379 3089 451 3148 alias
465 3089 529 3149 aliis
544 3091 643 3151 uirium
657 3100 767 3151 aetates
781 3108 858 3150 esse.
878 3091 1059 3167 Longissimo
1074 3099 1144 3149 tenn-

135 3188 187 3231 444
201 3187 273 3249 pore
291 3172 373 3232 durat
391 3172 554 3249 elaterium,
576 3182 606 3233 ut
626 3175 759 3249 diximus,
784 3173 969 3234 chamaeleon
992 3175 1078 3250 niger
1093 3172 1143 3233 xl
1155 3188 1189 3231 44

159 3254 249 3327 annis,
266 3257 440 3315 centaurium
454 3273 511 3315 non
525 3256 599 3316 ultra
612 3256 683 3330 Xll,
698 3256 893 3335 peucedanum
908 3267 937 3316 et
950 3257 1143 3316 aristolochia

158 3335 198 3395 Vl
214 3338 330 3398 acuitis
346 3340 486 3400 silvestris
502 3357 587 3414 anno,
602 3341 630 3397 in
647 3338 746 3400 umbra
759 3342 784 3399 41
797 3350 956 3400 serventur.
986 3338 1023 3398 Et
1039 3342 1144 3400 anima·

158 3419 224 3479 lium
244 3421 359 3500 quidem
378 3432 541 3485 exterorum
552 3423 664 3491 ‚nullum
686 3423 760 3483 aliud
779 3424 892 3485 radices
908 3440 924 3483 a
945 3422 1028 3483 nobis
1050 3423 1145 3483 dictas
