2484 3817
316 201 398 249 usu.
412 197 504 250 mss.
520 200 605 251 xxx.
620 202 649 255 t.
661 200 690 255 o.
708 191 861 268 (ln-lo.)
1020 190 1080 253 sut
1130 187 1133 197 '

83 353 134 414 vel
148 353 276 413 amomis
289 352 541 416 exsomtlonibns
555 356 700 435 modebm,
726 359 811 437 (ta.)
833 356 993 439 praeolpne
1007 374 1081 421 vero
1090 367 1128 425 lt

84 436 251 499 maenum
268 437 349 498 cibus
366 439 528 499 stomacho.
555 441 584 498 in
599 458 673 518 aqua
691 456 742 500 eas
760 440 1082 503 subtervsueriimscto

84 537 213 598 corpore
230 538 328 582 earum
346 530 478 600 oportet,
500 540 570 583 mox
588 524 618 582 in
633 540 724 601 pruna
744 526 849 584 torreri
870 525 959 584 nihilo
973 525 1081 603 addito,

83 614 171 682 atque
185 605 224 663 ita
246 606 346 665 ovino
361 622 493 684 garoque
513 608 602 683 sumi,
623 608 781 685 praecipue
797 608 960 668 Africanas.
989 626 1083 689 nuper

61 688 141 750 alnoo
155 696 325 764 conpertum
345 687 483 765 plurumis
506 690 660 767 prodesse.
690 690 718 750 id
740 706 857 768 quoque
872 691 1031 752 observant
1051 702 1082 753 ut

82 788 204 829 numero
216 772 309 849 inpari
320 780 473 831 mutantur.
491 775 569 832 virm
579 782 675 835 tamon
687 792 783 833 aarum
795 776 965 851 gravitatem
974 776 1082 840 halitus

82 854 175 913 lacit.'
192 863 315 931 prosunt
326 855 545 915 exscreantibus
560 866 589 915 et
603 860 770 934 sanguinem
782 857 986 936 demptatesta
998 861 1083 919 tritae

83 940 111 995 in
123 955 220 1016 aquae
231 946 312 1016 potu.
347 938 560 999 laudatissimae
576 949 671 1000 autom
683 950 749 1001 sunt
759 940 916 1001 Africanae
927 974 969 988 --
983 960 1022 1003 ex
1035 942 1080 1002 bis
1089 954 1124 1008 45

83 1021 286 1098 lolitauae--,
300 1020 537 1100 Astypalaeicae,
548 1023 822 1090 AetnaeaeSioulae
836 1024 979 1105 modicae,
993 1042 1082 1105 pron

51 1120 74 1161 uo
83 1106 137 1164 iarn
146 1105 315 1181 magnitudo
324 1104 411 1165 duras
422 1106 492 1166 iecit
502 1109 603 1167 etsioe
614 1125 696 1184 suoo,
708 1108 878 1185 Baliarioas,
889 1126 961 1187 quas
974 1111 1083 1170 cavati-

82 1196 257 1263 casuooant,
267 1192 401 1265 quoniam
414 1191 442 1248 in
452 1191 601 1267 speluncis
611 1200 769 1251 nascuntur
785 1192 934 1269 laudatae,
947 1202 978 1253 et
991 1209 1028 1253 ax
1041 1196 1081 1253 in·

82 1272 153 1332 aulis
169 1280 202 1331 et
221 1269 415 1351 Caprearum,
435 1274 521 1334 nullis
536 1283 631 1334 autem
644 1274 718 1335 cibis
731 1284 833 1351 gratae
851 1293 948 1355 neque
963 1276 1082 1337 veteres¹

82 1374 177 1434 neque
189 1363 327 1415 recentes
337 1354 541 1431 fluviatiles,et
550 1358 638 1418 albae
653 1360 731 1417 virus
740 1357 919 1432 taberunco
930 1361 1083 1421 silvestres

83 1438 234 1499 stomacho
253 1439 349 1517 utiles,
363 1440 459 1501 alvom
480 1441 604 1519 solvont,
620 1444 688 1503 item
703 1458 803 1502 omnes
817 1442 951 1504 minatae.
983 1454 1084 1505 contra

54 1526 210 1583 usmarinae
235 1522 386 1583 stomacho
406 1525 552 1602 utiliores,
576 1526 798 1587 efficacissimae
818 1525 961 1585 tamenin
978 1526 1083 1587 dolore

85 1605 228 1667 stomachi
250 1624 269 1665 e
289 1606 412 1667 laudatis
434 1608 582 1669 traduntur
598 1625 799 1687 quaecumque
815 1610 898 1667 vivae
916 1608 978 1667 oum
994 1622 1079 1670 noeto
1091 1620 1128 1675 ιε

83 1692 253 1749 devoratae·
281 1699 436 1769 praeterea
461 1700 527 1751 sunt
548 1708 624 1769 quse
651 1700 789 1749 aceratoe
813 1698 969 1766 v‘ooantur,
995 1693 1081 1769 latae,

82 1774 266 1833 multifariam
286 1783 456 1848 nascentes,
484 1765 521 1832 de¹
544 1791 663 1852 quarum
684 1790 737 1833 usu
763 1772 890 1833 dicemus
915 1775 975 1833 suis
997 1774 1082 1835 louis.

85 1857 317 1917 Gallinaceorum
332 1857 444 1916 ventrio
463 1855 627 1917 membrana
643 1858 803 1917 inveterata
825 1866 857 1916 et
874 1858 1007 1936 inspersa
1029 1874 1083 1937 po·

48 1952 77 1991 2⁰
86 1941 156 1999 tioni
167 1939 379 2001 destillationes
393 1942 537 2017 pectoris,
553 1949 582 1999 et
594 1940 688 2011 umido
706 1942 805 1999 tussim
820 1940 869 2000 vel
886 1958 992 2003 recena
1006 1950 1084 2003 tosta

84 2024 163 2083 lenit.
191 2022 312 2084 cocleae
330 2022 436 2083 orudae
451 2026 536 2084 tritae
550 2042 614 2083 oum
628 2042 721 2103 aquae
733 2024 850 2103 tepidae
867 2025 979 2100 cyathis
991 2024 1083 2087 tribus

83 2110 108 2167 si
119 2105 303 2183 sorbeantur,
310 2110 410 2167 tussim
420 2108 531 2167 sedant.
547 2107 758 2168 destillationes
771 2108 854 2167 sedat
865 2110 1001 2177 etoauina
1009 2112 1084 2171 ontis

83 2192 203 2251 cuilibet
214 2190 305 2268 digito
318 2191 501 2263 circumdata.
516 2190 581 2252 lure
589 2192 737 2271 perdicum
750 2191 915 2251 stomachus
921 2204 1083 2256 recreatum
1185 2269 1187 2275 ι

144 2274 233 2353 (16.)
254 2274 395 2334 iocineris
412 2275 562 2336 doloribus
578 2276 709 2335 medetur
729 2276 870 2336 mustelae
887 2274 1031 2338 silvestris
1051 2279 1079 2339 in
1091 2286 1128 2345 tu:

48 2375 73 2412 rs
83 2359 150 2418 cibo
165 2367 281 2437 sumpta
296 2357 344 2417 vel
357 2358 487 2419 iocinera
499 2360 577 2435 eius,
593 2362 662 2420 item
677 2360 792 2419 viverra
805 2359 927 2439 porcelli
941 2362 1027 2423 modo
1041 2362 1082 2421 in·

82 2449 199 2518 assata,
220 2442 391 2520 suspiriosis
411 2442 588 2523 multipedae
609 2444 697 2504 itaut
721 2452 766 2502 tor
780 2454 921 2523 septenae
940 2446 969 2505 in
983 2446 1085 2506 Attiou

80 2526 172 2587 melle
191 2525 333 2585 diluantur
351 2535 381 2585 et
403 2544 456 2605 per
475 2526 661 2587 harundinem
677 2525 826 2605 bibantur,
845 2562 889 2575 -
903 2524 987 2589 omne
1007 2528 1083 2587 enim

80 2630 135 2672 vas
157 2626 258 2668 earum
277 2610 418 2686 nigrescit
439 2618 583 2670 contactu.
613 2610 727 2689 quidam
748 2619 860 2671 torrent
879 2613 1035 2672 sextariam
1052 2611 1085 2669 in

78 2695 182 2773 patim
196 2692 295 2753 donec
316 2692 453 2752 candidae
466 2695 549 2770 liant,
570 2704 639 2754 tuno
658 2694 745 2754 melle
761 2696 897 2771 miscent,
918 2694 966 2754 alil
992 2694 1086 2753 nenti·=
1183 2756 1187 2764 ,

46 2792 71 2835 so
81 2778 190 2857 pdam
207 2785 313 2836 vocant
328 2783 359 2837 et
376 2793 414 2835 ex
427 2795 501 2854 aqua
516 2777 578 2839 dari
593 2778 703 2854 iubent,
719 2810 763 2825 --
777 2779 898 2838 oooleae
915 2780 943 2835 in
960 2776 1025 2837 cibo
1044 2778 1125 2842 tisis

80 2878 159 2939 quos
177 2860 279 2937 linquit
301 2861 410 2920 animus
429 2870 478 2920 aut
498 2879 618 2939 quorum
642 2862 784 2921 alienatur
804 2878 885 2920 mens
910 2868 958 2919 aut
978 2860 1081 2937 quibus
1124 2902 1128 2912 ,

78 2944 246 3020 vertigines
259 2944 328 3003 flunt
342 2961 379 3002 ex
391 2945 469 3021 passi
485 2945 597 3018 cyathis
612 2944 704 3004 tribus
716 2944 848 3021 singulae
864 2942 1005 3003 contritae
1017 2958 1081 3005 oum

78 3046 134 3089 sna
154 3036 233 3086 testa
249 3034 279 3085 et
294 3026 455 3086 calefactae
478 3029 505 3086 iu
527 3037 597 3105 potu
619 3027 704 3089 datae
726 3027 827 3087 diebus
848 3026 1005 3103 plurumum
1028 3044 1081 3087 no·
1107 3042 1129 3073 ’τ

77 3129 161 3183 vem,
179 3110 268 3187 aliqui
283 3110 410 3185 singulus
426 3112 518 3189 primo
534 3109 581 3169 die
598 3110 716 3184 dedere,
731 3110 865 3189 sequenti
880 3109 978 3187 binas,
994 3104 1087 3171 tertlo'

43 3206 201 3269 eternas,
224 3201 329 3271 quarto
347 3193 433 3270 duas,
450 3195 549 3271 quinto
564 3212 656 3253 unarn.
687 3194 730 3252 sio
745 3202 775 3252 et
790 3192 913 3271 suspiria
929 3195 1084 3253 emendant

78 3290 110 3341 et
130 3277 276 3338 vomicas.
296 3276 384 3335 Esse
399 3278 502 3336 animal
519 3276 650 3335 locustae
666 3274 758 3335 simile
777 3276 839 3335 sine
863 3276 979 3353 pinnis,
1001 3277 1125 3353 quadis

76 3360 210 3424 trixallis
224 3360 339 3425 Graece
354 3370 490 3435 vocetur,
510 3359 637 3419 Latinum
656 3374 761 3417 nomeu
780 3373 838 3415 non
853 3357 971 3434 habeat,
993 3358 1081 3435 aliqui

75 3446 275 3520 arbitrantur,
290 3462 346 3503 neo
361 3446 447 3523 pauci
459 3452 609 3517 auctores,
625 3439 683 3499 hoo
699 3457 766 3498 esse
782 3440 858 3517 quod
869 3440 956 3517 grylli
972 3438 1086 3499 sosani

127 3548 203 3591 sum.
220 3548 283 3587 aar.
298 3547 368 3589 ursr.
391 3530 438 3588 IV.
875 3523 912 3583 16
