2484 3817
91 169 93 174 ⁴
130 183 193 246 tao
392 195 395 201 ·
472 193 503 242 c.
519 192 616 242 nunu
630 191 782 241 arcuum

127 357 320 447 terpretantur
336 347 573 427 calliblepharum
588 345 780 424 appellantes
808 344 935 444 gaudent
948 352 978 404 et
992 346 1123 421 peregri

127 434 244 493 natione
266 432 510 511 transferrique
502 449 530 490 ur
557 431 673 506 ignotas
699 447 798 507 aquas.
836 431 882 490 sic
903 426 1124 488 Brundisinam

127 516 247 576 Averno
269 524 408 595 conpasta
424 524 454 574 et
474 532 557 574 suunt
570 515 698 572 retinere
712 530 812 572 sucum
832 519 863 572 et
883 511 1039 572 aLucrino
1054 511 1123 572 ado·

85 609 120 664 ot
131 608 213 678 ptare
230 599 393 660 creduntur.
422 597 504 660 ilaec
525 600 581 657 sint
595 595 671 656 dicta
684 595 720 656 de
734 612 873 675 corpore,
894 597 1066 656 dicemuset
1086 596 1123 656 de

127 683 298 759 nationibus,
314 701 351 742 na
362 683 529 744 fraudentur
540 681 635 758 gloria
650 697 702 740 sua
714 679 811 756 litora,
825 678 1017 740 seducamus
1029 679 1149 740 alienas

128 768 223 844 lingua
237 785 369 845 quaeque
381 767 554 845 peritissima
566 763 649 824 buius
658 780 800 824 censurae
811 765 840 822 in
855 772 956 822 nostro
972 780 1046 821 aeuo
1062 763 1124 821 luit.

129 849 507 927 suntergoblucianiverba
508 865 603 924 ‚quae
615 846 770 908 subiciam:
787 845 969 921 cyzicena
985 847 1124 906 maiore

109 933 315 1009 Lucrinis,
341 932 506 992 dulciora
533 931 779 1006 Britannicis,
807 930 981 990 suaviora
1001 929 1123 990 Medu-

128 1018 208 1092 liis,
245 1018 393 1078 acriora
423 1014 618 1094 Ephesiis,
664 1015 832 1094 plenaria
862 1013 1123 1088 lliciensibus‚

129 1099 627 1178 siccioraGorypbautcuis‚
640 1097 1033 1173 tenerioraliistricis,
1046 1114 1123 1157 eeu·
1111 1112 1163 1152 -uo

85 1185 164 1248 cadi
174 1180 582 1242 dioraGirceiensibus.
604 1181 1124 1259 sedbisnequedulcioraue·

129 1265 914 1344 quetenerioraesseulleconpcrtumcst.
941 1263 1124 1324 inludico

127 1350 216 1408 mari
231 1349 440 1409 Alexandri
461 1366 580 1409 rerum
601 1357 780 1408 auctores
797 1348 942 1426 pedalia
963 1349 1125 1407 inveniri

129 1432 347 1510 prodidere,
373 1450 440 1492 nec
463 1449 529 1490 nou
551 1432 650 1492 inter
675 1449 742 1490 nos
767 1433 918 1511 nepotis
940 1433 1124 1492 cuiusdam

128 1515 1162 1594 nomenclatortridecuaappellavit,tantaeamplitu-rs

128 1600 225 1659 dinis
248 1599 426 1676 intellegi
453 1600 608 1677 cupiens
633 1608 670 1658 ut
691 1607 748 1658 ter
769 1598 965 1659 mordenda
987 1607 1123 1678 assent.

86 1691 124 1748 64
133 1678 194 1742 Dos
204 1700 303 1744 corum
314 1684 425 1744 medica
436 1684 494 1744 boc
509 1685 538 1742 iu
553 1683 696 1743 locotote
709 1683 836 1743 dicetur:
852 1683 1028 1744 stomachum
1041 1685 1124 1742 unice

128 1767 271 1842 reiciunt,
287 1767 408 1828 fastidiis
424 1767 584 1842 medentur,
605 1766 769 1844 addiditque
784 1767 896 1829 luxuria
908 1767 1000 1843 frigus
1014 1765 1124 1826 obrutis

128 1851 206 1927 nive,
226 1868 334 1910 summa
349 1853 485 1910 montium
498 1859 528 1910 et
541 1850 628 1911 maris
642 1851 698 1910 ima
710 1853 845 1911 miscens.
865 1850 1015 1910 emolliunt
1029 1850 1123 1910 alvom

128 1933 242 1994 leniter.
276 1933 436 2012 eademque
457 1943 541 1994 cocta
558 1951 621 1994 oum
641 1933 735 1994 mulso
750 1944 880 1994 tenesmo
896 1934 1024 2012 quisine
1042 1933 1161 1996 exul-ao

129 2018 277 2076 conatione
300 2018 336 2076 sit
357 2016 489 2076 liberant.
518 2017 679 2077 vesicarum
699 2018 799 2078 ulcera
820 2034 937 2096 quoque
956 2023 1122 2098 repurgant.
1180 2036 1186 2044 ·

130 2107 214 2159 cocta
228 2100 256 2158 in
272 2099 391 2160 coucbis
407 2103 465 2160 suis
488 2100 529 2160 uti
549 2099 631 2160 elusa
645 2103 777 2162 venerint
796 2103 868 2161 miro
882 2100 1123 2162 destillationibus

87 2191 121 2246 66
130 2191 259 2260 prosunt.
288 2182 395 2242 Testae
416 2193 579 2244 ostreorum
600 2184 673 2243 cinis
692 2201 775 2244 uvam
789 2183 873 2245 sedat
887 2192 917 2244 et
928 2185 1063 2245 tonsillas
1075 2184 1123 2244 ad·

128 2268 217 2326 mixto
233 2265 337 2342 melle,
359 2267 463 2326 eodem
482 2266 569 2326 modo
589 2266 752 2345 parotidas,
773 2284 867 2346 panos
885 2285 1123 2347 mammarumque

130 2349 262 2424 duritias,
280 2350 404 2428 capitum
419 2350 518 2412 uicem
533 2368 571 2410 ex
586 2367 676 2430 equa,
692 2360 843 2428 cutemque
857 2352 1007 2412 mulierum
1022 2361 1121 2410 exten·
1131 2369 1161 2410 as

21 2485 30 2490 ,
130 2432 179 2492 dit.
209 2433 385 2510 inspergitur
407 2442 437 2492 et
453 2433 600 2513 ambustis,
617 2444 647 2495 et
661 2434 823 2495 dentifricio
841 2435 945 2513 placet.
970 2435 1123 2514 pruritibus

131 2531 248 2592 quoque
265 2525 294 2576 et
308 2515 505 2594 eruptionibus
522 2517 640 2595 pituitae
656 2536 695 2578 ox
709 2527 795 2580 aceto
808 2518 948 2578 medetur.
978 2518 1082 2580 crudae
1098 2517 1124 2574 si

130 2597 291 2675 tundantur,
302 2609 423 2660 suamet
436 2610 537 2661 sanant
547 2611 577 2662 et
588 2601 746 2681 perniones
758 2601 872 2681 pedum.
892 2602 1041 2681 Purpurae
1051 2618 1122 2680 quo·

130 2699 187 2760 que
201 2691 301 2743 contra
315 2701 427 2744 venena
445 2695 574 2763 prosunt.

88 2772 123 2828 66
194 2764 286 2865 (22..)
307 2765 345 2828 lit
366 2767 462 2844 algam
484 2772 571 2829 maris
594 2768 742 2828 theriacen
767 2786 836 2829 esse
860 2767 1004 2830 Nicander
1028 2767 1122 2830 tradit.
1131 2789 1160 2831 ao

88 2866 112 2900 n
113 2847 286 2925 ‚aoplura
260 2869 321 2910 erus
334 2868 460 2926 genera,
482 2852 522 2910 uti
537 2852 673 2912 diximus:
695 2851 787 2928 longo
799 2852 872 2912 lolio
886 2862 917 2912 ot
930 2852 1066 2928 rubente,
1081 2851 1122 2911 lo·

131 2931 207 2990 tiore
221 2931 277 2994 alia
289 2933 336 2993 rel
354 2936 461 3028 crispo.
490 2934 685 2996 laudatissima
702 2937 821 3013 quaein
837 2935 923 2996 Creta
939 2934 1029 2996 insule
1044 2936 1124 2994 iuxta

131 3017 263 3075 terram
254 3035 282 3076 ιιι
304 3018 394 3095 petris
416 3007 542 3078 descitur
562 3018 725 3094 tinguendis
739 3019 824 3078 etiam
845 3020 918 3079 lanis
932 3022 972 3080 ita
992 3018 1123 3079 colorem

131 3097 263 3176 adligans
277 3108 306 3158 ut
322 3100 378 3160 elui
394 3109 498 3179 postea
512 3118 569 3160 nou
585 3103 688 3178 possit
715 3104 814 3162 erino
831 3103 911 3163 iubat
924 3120 988 3164 eam
1002 3102 1072 3162 dari.

89 3187 122 3244 67
196 3184 225 3241 7.
250 3181 333 3260 (23.)
356 3183 515 3261 Alopecuas
527 3184 621 3262 replet
631 3183 817 3264 buppocempr
828 3188 901 3246 cinus
910 3186 986 3246 nrtro
997 3195 1027 3246 et
1037 3184 1122 3262 adipe
1131 3203 1159 3246 aa

131 3263 218 3326 ouillo
230 3267 333 3327 mixtus
343 3267 531 3328 autsincerus
542 3276 673 3328 anaceto
674 3278 847 3348 ‚praeparat
856 3277 951 3354 autem
961 3271 1123 3348 saepiarum

132 3356 245 3409 crustae
259 3350 351 3410 iarina
365 3349 579 3412 medicamentis
594 3359 688 3410 cutem
690 3351 810 3431 ,replet
822 3362 852 3414 et
865 3348 953 3413 muris
969 3353 1068 3412 marini
1082 3352 1122 3412 ci·

130 3429 175 3492 nis
186 3433 338 3508 enucleo,
353 3433 418 3492 item
437 3433 530 3494 echini
544 3452 606 3494 cum
618 3435 752 3494 cornibus
766 3437 826 3496 suis
841 3438 968 3514 cremati,
984 3435 1026 3496 iel
1039 3450 1121 3496 scor·
