2484 3817
169 175 231 239 ttlo
474 184 505 234 c
526 176 621 233 tumr
641 180 789 233 sacuam

129 351 181 406 184
190 338 322 400 madida:
343 337 488 398 Friuolum
500 301 639 414 rideatur,
653 352 710 395 nen
722 343 815 394 tamen
825 331 1012 393 omittendum
1029 338 1152 411 propter
1225 376 1229 387 .

171 423 314 484 desideria
328 421 486 499 mulierum,
503 421 589 483 talum
601 418 734 479 candidi
725 434 838 477 invenci
830 416 1039 493 quadraginta
1050 412 1152 475 diebus

171 504 373 581 noctibusque,
390 504 484 565 donec
497 502 682 564 resoluatur
672 520 701 560 ιι
715 501 866 580 liquorem,
882 498 1032 559 decoctum
1046 504 1075 558 et
1088 497 1152 557 iuli·

115 660 118 669 Ι
170 598 229 649 tum
248 587 367 650 linteolo
385 587 539 648 candorem
554 587 668 664 cudque
683 584 878 661 erugationem
895 591 1053 660 praestare.
1084 582 1153 641 timo

170 674 282 732 taurino
295 671 384 730 malas
398 671 555 730 rubescere
569 670 662 743 aiunt,
677 684 733 728 nou
750 673 779 726 ut
795 666 988 726 crocodileam
1003 664 1081 724 inlini
1093 680 1154 725 me
1144 672 1178 719 ι

131 767 180 820 185
188 756 254 829 lius,
267 753 319 814 sed
329 754 425 814 foveri
437 752 541 829 frigida
553 760 582 811 et
589 759 655 811 ante
668 758 805 830 etpostea
819 748 925 809 iubent.
941 756 1029 809 testas
1041 756 1070 807 et
1079 764 1154 827 quae

172 838 340 899 decolorem
367 837 475 896 iaciunt
494 844 586 895 eutem
613 835 707 893 limum
726 833 807 893 rituli
829 850 892 911 cunr
913 831 1030 892 eleuet
1052 832 1155 891 cummi

170 938 255 981 manu
275 920 422 979 subactum
443 918 591 993 emendat,
606 917 705 977 ulcera
726 917 786 976 oris
801 932 835 975 ac
854 916 939 976 rimas
960 914 1059 973 sebum
1072 915 1155 975 rituli

171 1004 219 1064 vel
234 1002 319 1062 bouis
333 1017 397 1061 cunr
409 1002 495 1081 adipe
509 1001 643 1063 anserino
661 1009 690 1059 et
705 1000 789 1059 cenni
803 1015 883 1059 suco.
912 1006 957 1058 est
971 1006 1000 1057 et
1012 998 1068 1057 alia
1082 998 1154 1058 mix·
1240 1008 1241 1013 ’

171 1095 235 1146 tura
256 1103 275 1145 e
297 1084 370 1143 sebo
385 1084 465 1143 rituli
480 1100 544 1145 eum
564 1082 688 1143 medulla
706 1084 784 1143 cerri
799 1092 828 1142 et
850 1081 933 1143 albae
953 1083 1053 1159 spinae
1075 1082 1192 1142 ioliissu

172 1187 227 1229 una
240 1168 323 1228 tritis
360 1165 436 1225 idem
451 1175 578 1246 praestat
593 1175 623 1225 et
636 1166 759 1226 medulla
777 1180 839 1223 cum
854 1166 947 1224 resina
961 1165 1027 1240 vel,
1047 1166 1071 1223 si
1085 1182 1155 1224 uae·
1240 1244 1241 1249 ἵ

131 1263 182 1317 186
195 1252 258 1311 cina
273 1250 324 1332 sit,
348 1258 376 1309 et
393 1250 436 1308 ius
451 1269 468 1311 e
484 1267 570 1310 earne
584 1251 715 1310 vaccina.
745 1248 873 1308 lichenas
895 1250 954 1308 oris
970 1250 1155 1333 praestantis

75 1394 78 1398 ,
173 1335 245 1398 sime
259 1294 348 1391 s'inc’it
360 1332 498 1408 glutinum
511 1334 618 1393 lactum
639 1350 656 1392 e
682 1331 856 1407 genitalibus
874 1332 1039 1408 vitulorum,
1063 1326 1155 1409 liqua-

172 1426 231 1475 tum
243 1423 329 1475 aceto
350 1432 412 1474 eam
433 1415 550 1495 sulpure
566 1416 650 1491 rivo,
668 1431 747 1474 ramo
762 1413 886 1477 diculneo
908 1376 1092 1492 permixtdm,
1115 1416 1155 1474 ita

174 1508 206 1557 nt
219 1497 265 1557 bis
279 1497 326 1557 die
339 1514 444 1557 recens
459 1499 601 1574 inlinatur,
615 1500 684 1562 item
697 1496 795 1575 lepras
810 1514 847 1556 ex
859 1496 945 1557 melle
960 1506 989 1557 et
1002 1506 1086 1557 aceto
1105 1498 1155 1557 de·
1166 1508 1191 1549 ¹⁵
1240 1546 1241 1585 ,

174 1589 297 1657 coetum,
315 1598 386 1658 quas
407 1584 459 1641 et
449 1581 615 1642 rocurlrirci
630 1579 750 1641 calidum
765 1580 871 1639 inlitum
888 1578 979 1658 tollit,
1002 1581 1075 1640 sicut
1095 1580 1155 1641 ele·

172 1663 342 1742 plrautiasim
356 1664 396 1724 iel
412 1666 573 1744 caprinum,
588 1664 738 1723 etiamnum
758 1664 858 1743 lepras
878 1680 913 1723 ac
934 1663 1059 1723 furfures
1081 1666 1155 1723 tauri
1240 1712 1241 1719 ,

173 1746 214 1806 iel
231 1746 326 1807 addito
341 1747 430 1824 nitro,
445 1749 525 1807 urina
539 1746 609 1807 asini
625 1746 701 1807 cirea
719 1740 797 1807 e'anis
811 1756 912 1821 ortum,
927 1744 1075 1805 maculas
1066 1764 1094 1805 ιι
1113 1748 1155 1807 la·
1240 1774 1241 1821 j

175 1831 220 1889 cie
234 1829 275 1888 iel
290 1831 437 1910 utriusque
451 1848 506 1907 per
520 1849 588 1890 sese
600 1830 676 1907 aqua
688 1829 836 1889 infractum
860 1830 1029 1907 evitatisque
1043 1828 1155 1889 solibus
1240 1828 1241 1899 J

133 1921 183 1976 187
194 1928 230 1971 ac
245 1913 339 1971 ventis
352 1921 420 1990 post
440 1913 594 1974 detractam
614 1922 717 1972 cutem.
749 1913 849 1972 similis
866 1912 986 1973 effectus
1009 1914 1060 1972 et
1050 1931 1079 1971 ιι
1093 1920 1189 1973 tau-²⁰
1240 1930 1241 1969 ι

174 1995 237 2054 rino
251 1993 408 2053 vitulinove
428 1995 498 2055 felle
517 1995 711 2055 cum'semine
727 1997 837 2055 cunilae
858 2014 894 2056 ac
914 1996 1045 2055 cineres
1066 2012 1155 2056 cornu

175 2077 310 2151 cervino,
325 2076 351 2136 si
366 2078 494 2138 canicula
516 2080 664 2137 exoriente
680 2078 870 2140 comburatur.
897 2079 1007 2139 asinino
1025 2077 1097 2139 sebo
1116 2080 1155 2138 ci-

175 2156 330 2217 catricibus
346 2176 381 2218 ac
395 2159 500 2219 licheni
513 2160 661 2239 leprisque
678 2178 809 2221 maxume
824 2162 906 2223 color
922 2161 1059 2222 redditur.
1081 2162 1158 2223 lrirci

173 2240 215 2300 iel
229 2250 259 2299 et
271 2240 425 2317 lentigines
439 2242 515 2302 tollit
529 2243 655 2304 admixto
670 2261 756 2303 caseo
778 2262 841 2304 curn
855 2246 920 2305 sivo
934 2244 1051 2324 sulpure
1066 2262 1155 2325 spon·

134 2335 323 2401 188geaeque
345 2326 458 2401 cinere,
478 2333 509 2385 ut
527 2327 564 2386 sit
579 2326 673 2387 mellis
690 2328 858 2387 crassitudo.
887 2326 974 2405 aliqui
992 2330 1187 2389 inveterato²⁵

174 2406 382 2467 tellemaluere
393 2410 441 2483 uti,
455 2410 550 2469 mixtis
564 2410 664 2471 calidis
675 2410 829 2471 furfuribus
840 2410 968 2487 pondere
979 2408 1058 2471 obeli
1072 2414 1156 2472 unius
1240 2448 1241 2475 ι

100 2513 102 2520 ·
176 2496 364 2568 quattuorque
378 2491 481 2566 mellis,
497 2493 577 2569 prius
591 2493 737 2553 defricatis
751 2493 878 2554 maculis.
909 2492 1013 2553 eilicax
1028 2494 1156 2555 eiusdem
1240 2496 1241 2551 l

177 2581 207 2630 et
225 2571 323 2631 sebum
340 2590 402 2632 cunr
415 2574 569 2637 melanthio
584 2583 614 2635 et
629 2577 745 2655 sulpure
758 2584 787 2635 et
803 2576 890 2651 iride,
912 2574 1057 2637 labrorum
1073 2579 1155 2639 lissu-
1240 2644 1241 2647 ,

174 2655 215 2713 ris
230 2672 292 2714 cum
302 2654 386 2734 adipe
400 2658 534 2717 anserino
548 2675 583 2717 ac
595 2658 717 2719 medulla
731 2659 845 2718 ceruina
856 2660 1007 2737 resinaque
1021 2668 1049 2719 et
1062 2660 1154 2721 calce.
1240 2694 1241 2727 ι

175 2736 293 2796 lurenio
310 2737 385 2815 apud
401 2748 534 2799 auctores
548 2740 593 2799 his
608 2759 655 2819 qui
649 2742 824 2819 lentigines
846 2741 968 2801 habeant
983 2746 1083 2819 negari
1097 2762 1153 2803 rna·
1143 2756 1186 2797 -eo
1240 2742 1241 2753 ³

174 2820 259 2895 gicee
274 2820 477 2881 sacrificiorum
492 2840 569 2882 usus

134 2911 185 2966 189
246 2904 312 2981 (51.
315 2902 331 2981 )
351 2903 438 2965 Lacte
454 2904 561 2965 bubulo
576 2913 625 2967 aut
639 2906 756 2983 caprino
773 2907 905 2966 tonsillae
920 2916 948 2967 et
964 2908 1086 2967 arteriae
1105 2926 1154 2967 ex·

175 2984 345 3045 ulceratae
335 2996 474 3047 iurantur
499 2990 696 3065 gargarizatur
708 2988 833 3067 tepidum
849 2998 879 3049 ut
894 2998 938 3049 est
952 3008 1021 3050 usus
1033 3008 1154 3069 expres·

176 3085 237 3127 sum
251 3078 299 3127 aut
318 3071 496 3131 calefactum.
526 3073 670 3151 caprinum
689 3072 784 3131 utilius
808 3089 870 3132 eum
889 3074 981 3133 malua
1002 3071 1154 3133 decoctum

143 3142 205 3207 'et
219 3149 281 3211 sale
295 3154 412 3230 exiguo.
441 3154 556 3231 liuguae
577 3154 784 3215 exulcerationi
804 3163 833 3214 et
852 3158 1018 3215 arteriarum
1033 3156 1184 3233 prodesse

175 3231 219 3291 ius
236 3236 325 3295 omasi
346 3239 568 3313 gargarizatum,
591 3237 714 3297 tonsillis
729 3245 820 3297 autem
840 3239 969 3315 privatim
988 3256 1076 3299 renes
1092 3239 1153 3300 vol·

136 3407 187 3462 190
196 3401 340 3479 caprinum
354 3418 417 3463 eum
430 3404 552 3482 melle,
543 3419 624 3462 iocur
638 3403 720 3462 melis
740 3420 778 3463 ex
792 3422 874 3482 aqua.
910 3404 968 3463 oris
983 3408 1152 3483 gravitatem
