2484 3817
190 124 230 182 70
522 116 557 177 c.
575 128 671 175 emur
685 126 834 175 saeuum

187 283 257 341 tium
283 282 409 344 celerius
431 289 667 358 consummatam,
697 300 760 341 cum
785 280 881 341 iliacis
907 281 1087 360 temporibus
1116 300 1177 343 non

185 364 278 425 fuisse
296 384 358 425 eam
372 364 516 441 adpareat.

144 458 177 512 19
245 450 274 509 4.
291 450 351 526 (7.)
371 445 456 524 Apud
476 445 622 507 Romanos
643 466 759 527 quoque
780 446 875 509 honos
897 456 1007 508 mature
1029 448 1096 507 huic
1119 451 1176 509 arti

185 534 318 609 contigit,
335 528 475 607 siquidem
490 533 661 608 cognomina
675 550 714 591 cx
724 550 759 591 ca
769 529 914 590 Pictorum
931 540 1081 609 traxerunt
1092 531 1175 592 Fabii

184 613 361 675 clarissimae
378 615 488 690 gentis,
505 618 701 693 princepsque
718 617 782 675 eius
797 616 978 691 cognominis
993 618 1057 693 ipse
1072 616 1195 676 aedems

184 696 290 757 Salutis
313 698 407 775 pinxit
432 715 506 757 anno
529 699 608 758 urbis
634 698 767 757 conditae
790 696 940 776 CCCCL.,
968 716 1053 782 quae·
1063 701 1177 775 pictura

185 780 297 840 duravit
311 780 346 840 ad
357 789 486 840 nostram
502 783 668 840 memoriam
683 781 757 841 aede
775 800 809 840 ea
821 779 920 841 Claudi
932 783 1093 860 principatu
1106 800 1178 841 exu-

185 873 236 926 sta.
272 882 413 942 proxume
434 865 583 924 celebrata
608 868 707 924 estin
733 866 798 924 loro
822 864 924 924 boario
948 865 1021 924 aede
1042 863 1177 925 llerculis

184 946 268 1007 Pacui
293 956 401 1025 poetae
418 950 537 1026 pictura.
572 946 646 1008 Enni
663 966 769 1008 sorore
784 950 900 1024 genitus
915 947 963 1008 hic
980 950 1049 1024 luit,
1072 947 1177 1008 clario·

141 1044 308 1109 acremque
326 1040 417 1090 artem
434 1049 496 1090 eam
510 1030 621 1091 Romae
637 1032 709 1091 lecit
721 1031 817 1108 gloria
833 1049 965 1091 scaenae.
994 1031 1102 1091 Postea
1117 1050 1206 1093 nonio
1231 1041 1232 1048 ’

151 1156 156 1163 ·
184 1122 229 1175 est
259 1123 390 1192 spectata
420 1113 551 1173 honestis
577 1115 726 1191 manibus,
754 1117 809 1174 nisi
829 1116 907 1175 forte
931 1117 994 1193 quis
1017 1114 1178 1192 Turpilium

184 1199 311 1275 equitem
330 1196 488 1256 Romanum
510 1216 527 1256 e
549 1196 675 1257 Venetia
697 1206 815 1258 nostrae
839 1201 942 1258 aetatis
964 1198 1036 1258 velit
1059 1200 1177 1259 reierre

182 1280 311 1361 pulchris
329 1282 391 1339 eius
408 1280 547 1358 operibns
564 1280 710 1358 hodieque
722 1280 859 1341 Veronae
871 1283 1062 1345 exstantibus.
1092 1282 1177 1342 laeva

181 1367 207 1423 is
225 1383 308 1424 manu
324 1365 434 1442 pinxit,
457 1363 533 1441 quod
549 1364 584 1423 de
599 1364 679 1423 nullo
693 1373 760 1423 ante
781 1374 963 1425 memoratur.
993 1366 1090 1443 parvis
1112 1366 1176 1443 glo·

181 1449 309 1509 riahatur
327 1447 444 1508 tabellis
463 1449 624 1507 exstinctus
639 1465 732 1526 nuper
749 1449 779 1507 in
798 1448 886 1525 longa
909 1458 1027 1509 sen'ecta
1041 1448 1174 1508 Titedius
1183 1467 1204 1506 rs

181 1532 281 1593 habeo
299 1533 484 1611 praetorius,
499 1533 585 1591 etiam
601 1531 808 1609 proconsulatu
823 1534 990 1610 provinciae
1004 1531 1175 1593 Narbonen-

139 1628 171 1681 21
190 1619 231 1678 sis
252 1618 384 1691 functus,
408 1613 460 1674 sed
476 1633 511 1674 ea
525 1634 563 1687 ,re
579 1617 607 1675 iu
623 1617 684 1675 risu
699 1617 786 1675 ctiam
800 1614 991 1675 contumeliae
1007 1624 1077 1675 erat.
1108 1616 1175 1676 Fuit

141 1750 143 1759 ,
183 1712 212 1761 et
237 1701 398 1779 principum
418 1700 546 1757 virorum
572 1716 630 1758 uon
652 1699 838 1759 omittendum
861 1699 898 1759 de
921 1701 1032 1777 pictura
1053 1699 1174 1760 celebre

183 1784 343 1845 consilium.
363 1799 426 1840 curn
442 1778 495 1852 Qu.
512 1781 617 1841 Pedius
633 1801 726 1860 nepos
742 1779 796 1852 Qu.
816 1781 886 1842 Pedi
901 1782 1061 1842 consularis
1078 1785 1175 1842 trium-

77 1894 78 1903 *
184 1871 337 1949 plralisque
355 1873 385 1925 et
397 1882 413 1925 a
425 1860 553 1923 Caesare
567 1862 711 1921 dictatore
728 1858 882 1920 coheredis
896 1857 1031 1934 Augusto
1045 1858 1104 1917 dati
1122 1876 1173 1917 na·
1183 1881 1205 1920 a

186 1962 249 2012 tura
261 1958 355 2009 mutus
371 1954 463 2022 esset,
474 1948 504 2004 in
516 1962 553 2005 eo
564 1943 691 2004 lilessala
702 1952 812 2018 orator,
825 1960 863 2001 ex
877 1943 958 2000 cuius
970 1941 1077 2001 familia
1087 1944 1173 2019 pueri

184 2036 248 2093 avia
265 2033 378 2106 iuerat,
398 2032 538 2106 picturam
559 2026 730 2113 docendumx
738 2026 868 2101 censuit,
892 2023 978 2100 idque
993 2025 1079 2082 etiam
1093 2020 1179 2081 divos

185 2117 334 2192 Augustus
351 2112 553 2191 conprobavit,
569 2128 644 2190 puer
658 2111 752 2187 magni
765 2110 914 2188 proiectus
930 2109 960 2166 in
971 2125 1006 2166 aa
1017 2114 1080 2165 arte
1095 2106 1178 2165 obiit.

60 2230 62 2235 ·
143 2200 325 2275 auDignatio
349 2205 445 2255 autem
468 2196 625 2273 praecipua
639 2192 750 2255 Romae
773 2192 913 2267 increvit,
934 2198 964 2249 nt
985 2191 1141 2265 existimo,
1164 2207 1182 2248 a

147 2306 152 2317 .
185 2282 231 2343 hl'.
249 2281 369 2340 Valerio
383 2278 516 2338 Maxumo
529 2276 667 2354 Messala,
680 2278 728 2354 qui
741 2278 878 2354 princeps
889 2272 1023 2348 tabulam,
1037 2274 1211 2350 picturamu

160 2372 161 2379 ’
186 2365 282 2445 proeli
307 2380 364 2441 quo
387 2360 635 2438 Carthaginiensis
660 2367 691 2419 et
709 2359 865 2420 Hieronem
885 2360 914 2416 in
934 2355 1032 2416 Sicilia
1053 2358 1182 2431 uicerat,

85 2464 91 2475 ’
186 2468 204 2528 p
223 2449 341 2526 oposuit
363 2448 393 2505 in
416 2446 509 2504 latere
531 2446 629 2504 curiae
650 2441 793 2503 llostiliae
813 2458 887 2500 anno
906 2441 941 2500 ab
965 2440 1038 2499 urbe
1062 2438 1184 2498 condita

212 2528 346 2591 CCCXC.
376 2530 447 2589 fecit
461 2528 517 2587 hoc
531 2527 607 2587 idem
624 2536 654 2587 et
668 2527 699 2587 L.
715 2526 825 2603 Scipio,
842 2523 1024 2599 tabulamque
1035 2523 1184 2582 victoriae

186 2634 256 2677 suae
265 2613 413 2673 Asiaticae
424 2614 453 2671 in
466 2609 611 2690 Capitulio
624 2611 734 2689 posuit,
745 2609 832 2686 idque
844 2625 934 2683 aegre
946 2605 1046 2664 tulisse
1058 2606 1192 2681 fratrem¹

186 2699 355 2758 Africanum
364 2696 477 2756 tradunt
487 2695 561 2756 haud
575 2696 720 2768 inmerito,
736 2690 848 2769 quando
861 2691 936 2750 iilius
949 2690 1011 2748 eius
1021 2687 1074 2747 illo
1090 2701 1214 2767 proc-ao

144 2795 179 2849 23
192 2782 232 2841 lio
253 2791 354 2860 captus
372 2781 473 2840 luerat.
506 2797 564 2838 non
582 2776 749 2837 dissimilem
766 2774 957 2833 offensionem
979 2780 1008 2830 et
1023 2770 1186 2830 Aemiliani

187 2866 274 2927 subiit
297 2864 400 2925 Lucius
428 2862 568 2922 Hostilius
590 2859 737 2919 Mancinus
767 2860 816 2935 qui
842 2858 951 2935 primus
974 2852 1188 2932 Carthaginem

185 2952 334 3026 inruperat
352 2948 436 3006 situm
452 2948 514 3005 eius
531 2943 830 3022 oppugnationesque·
840 2940 970 3018 depictas
985 2937 1187 3017 proponendo

186 3035 216 3093 in
231 3032 299 3091 faro
316 3038 346 3089 ct
357 3031 421 3106 ipse
436 3030 579 3088 adsistens
597 3024 707 3105 populo
723 3024 865 3103 spectanti
877 3020 990 3099 singula
1006 3020 1188 3095 enarrando,

188 3133 244 3193 qua
274 3115 408 3172 comitate
439 3114 587 3190 proxumis
622 3110 745 3169 comitiis
776 3106 954 3168 consulatum
973 3104 1096 3181 adeptus
1127 3111 1224 3163 estas

187 3196 287 3256 habuit
312 3204 341 3255 ct
356 3204 460 3255 scaena
480 3194 553 3253 ludis
573 3191 671 3253 Claudi
686 3191 801 3252 Pulchri
816 3207 945 3266 magnam
963 3187 1193 3247 admirationem

189 3281 337 3357 picturae,
355 3296 417 3338 cum
432 3276 467 3335 ad
481 3277 642 3354 tegularum
657 3275 869 3336 similitudinem
884 3273 965 3331 corvi
981 3270 1098 3350 decepti
1116 3273 1195 3331 ima-

188 3362 258 3437 gine
275 3362 452 3421 advolarent.
