2484 3817
172 207 214 267 44
528 213 831 265 ouormsncunmr

131 381 167 435 bl
238 371 318 448 (36.)
347 369 493 447 iunipirus
512 370 562 429 vel
582 377 650 428 ante
671 376 771 428 cetera
787 369 880 428 omnia
898 365 1067 443 excalfacit,
1083 375 1160 426 exte·

174 463 252 529 nnat,
268 454 360 512 cedro
375 453 446 514 alias
464 452 572 512 similis.
604 459 635 510 et
648 450 732 510 huius
746 451 803 510 duo
820 467 940 527 genera,
955 449 1048 509 altera
1062 452 1160 526 maior,

172 536 266 596 altera
282 539 396 595 minute.
427 545 547 612 utraque
568 551 690 594 accensa
709 536 856 612 serpentis
868 535 956 611 lugat.
989 549 1089 592 semen
1105 542 1160 592 sto-

173 619 283 696 maobi,
299 621 441 698 pectoris,
459 619 557 678 lateris
572 616 724 677 doloribus
736 618 816 677 utile.
853 617 1017 676 inllationes
1033 616 1149 692 algores

131 715 165 766 55
177 721 234 780 que
251 705 385 780 discutit,
408 703 495 762 tussis
517 703 675 778 concoquit
694 710 725 760 at
748 701 875 760 duritias.
905 699 1016 759 inlitam
1035 708 1187 762 tumoress

175 788 270 864 sistit,
284 786 460 847 itemalvom
478 784 556 842 bacis
572 801 610 843 en
621 787 705 860 nigro
719 786 787 843 vino
802 785 899 862 potis,
913 785 983 843 item
996 785 1107 841 ventris
1121 789 1162 841 tn·

174 887 274 930 mores
299 871 396 930 inlitis.
427 868 566 926 miscetur
594 877 626 926 et
640 867 778 926 antidotis
795 868 955 945 oxyporis,
982 868 1078 924 urinas
1097 868 1162 924 ciet.

176 954 306 1014 inlinitur
323 959 353 1011 et
368 949 458 1009 oculis
473 951 503 1008 in
519 950 678 1028 epiphoris.
709 951 792 1009 datur
806 948 971 1025 conuolsis,
986 951 1092 1026 ruptis,
1106 957 1163 1008 tor·
1224 986 1225 995 κ

176 1038 310 1112 minibus,
329 1033 433 1107 volvis,
451 1032 617 1103 ischiadicis
635 1051 698 1092 cum
711 1036 780 1092 vino
791 1031 859 1092 albo
874 1040 973 1110 potum
985 1031 1083 1109 pilulis
1099 1049 1164 1110 qna·
1224 1104 1225 1107 Ἴ

176 1122 270 1180 ternis
294 1125 341 1175 aut
363 1114 493 1175 decoctis
515 1119 618 1194 viginti
634 1118 664 1175 in
678 1118 755 1176 vino.
788 1125 854 1176 sunt
875 1118 923 1192 qui
939 1124 970 1175 et
984 1124 1164 1192 perunguant
1174 1139 1199 1180 ro
1224 1164 1225 1179 ,

177 1218 283 1279 corpus
299 1217 316 1258 e
332 1199 442 1261 semine
458 1201 521 1258 eius
536 1203 566 1259 in
581 1202 758 1281 serpentium
767 1201 851 1258 ictus.
1224 1254 1225 1261 ,

133 1295 169 1349 56
240 1284 267 1341 9.
286 1282 368 1360 (37.)
398 1281 500 1342 Salicis
512 1283 620 1343 fruetus
632 1292 699 1343 ante
710 1285 901 1342 maturitatem
912 1283 942 1340 in
952 1298 1085 1341 araneam
1096 1282 1165 1359 abit,

176 1366 246 1442 sed,
272 1363 301 1422 si'
322 1365 403 1442 prius
428 1365 598 1443 colligatur,
631 1369 798 1443 sanguinem
821 1363 1011 1425 reicientibus
1036 1366 1164 1442 prodest.

175 1449 293 1509 corticis
315 1465 332 1506 e
357 1450 442 1529 ramis
463 1451 563 1527 primis
579 1451 654 1509 cinis
682 1449 793 1508 clavom
818 1457 849 1508 et
869 1448 970 1507 callum
989 1465 1062 1525 aqna
1079 1451 1167 1507 mixta

175 1539 263 1591 sanat.
299 1531 370 1590 vitia
385 1533 459 1590 cutis
476 1535 505 1590 in
520 1532 595 1592 facie
612 1533 761 1608 emendat,
777 1534 868 1608 uagis
879 1531 1005 1590 admixto
1018 1548 1088 1591 suco
1105 1549 1165 1591 suo.
1177 1549 1202 1589 ru

132 1623 226 1680 otest
240 1620 335 1673 autem
352 1613 398 1672 hic
413 1616 497 1673 trium
512 1633 667 1692 generum:
680 1633 765 1674 unum
779 1616 868 1674 arbor
881 1616 945 1692 ipsa
961 1614 1083 1674 exsudat
1094 1633 1168 1674 cum-

176 1700 261 1756 mium
278 1697 382 1773 modo,
398 1697 493 1776 altero
506 1707 599 1758 manat
613 1703 644 1759 in
660 1698 835 1777 plaga,cnm
855 1697 959 1775 bonet,
983 1699 1084 1757 exciso
1103 1715 1167 1758 cor-

175 1783 233 1839 tice
253 1782 337 1840 trium
362 1780 517 1858 digitorum
539 1783 742 1859 magnitudine.
774 1782 821 1842 hic
839 1781 875 1841 ad
894 1781 1080 1859 expurganda
1095 1798 1168 1859 quae

176 1862 296 1924 obstent
313 1863 416 1940 oculis,
430 1867 500 1924 item
514 1865 550 1924 ad
561 1866 711 1944 spissanda
726 1883 800 1944 qnae
813 1883 885 1943 opus
901 1872 967 1923 sunt
982 1864 1168 1941 ciendamque
1225 1908 1226 1927 r

174 1943 284 2006 urinam
304 1947 385 2006 etad
403 1950 495 2006 omnis
515 1948 710 2009 collectiones
730 1952 808 2008 intus
832 1947 1031 2008 extrahendas.
1062 1951 1204 2012 tertiusun

175 2045 262 2088 sucus
284 2039 329 2088 est
350 2029 571 2090 detruncatione
593 2051 735 2091 ramorum
754 2051 771 2093 a
793 2032 868 2091 ialce
882 2030 1041 2090 destillans.
1070 2030 1167 2090 exbis

175 2127 249 2188 ergo
270 2112 374 2190 aliquis
394 2127 456 2169 cum
481 2129 604 2172 rosaceo
619 2117 649 2173 in
672 2115 772 2190 calyce
788 2115 884 2193 punici
900 2111 1036 2189 calfactus
1050 2113 1167 2173 auribus

174 2193 349 2270 inlunditur,
367 2191 438 2253 lolia
453 2203 536 2254 cocta
548 2205 579 2254 et
594 2214 658 2255 cnm
668 2215 735 2256 cera
751 2199 818 2255 trita
831 2197 1016 2272 inponuntur,
1031 2197 1101 2255 item
1114 2213 1170 2275 po·

132 2287 168 2341 58
178 2276 312 2352 dagnicis.
340 2278 452 2336 cortice
468 2285 498 2336 et
513 2277 637 2338 loliis'in
652 2282 721 2338 vino
735 2280 864 2338 decoctis
878 2279 973 2337 loveri
989 2295 1098 2338 nervos
1113 2281 1169 2338 nti-

175 2359 321 2418 lissimum.
349 2359 404 2419 hos
421 2361 505 2420 tritus
520 2379 583 2420 cum
596 2361 676 2420 ioliis
690 2363 816 2422 lurinres
832 2367 936 2439 purgat
956 2363 985 2420 in
1006 2362 1092 2422 facie.
1124 2364 1204 2422 to-o.

175 2527 205 2584 in
230 2534 321 2584 toturn
341 2525 474 2585 auferunt
494 2545 576 2586 usum
596 2530 713 2605 saepius
733 2534 852 2606 sumpta.
886 2526 1043 2586 Amerinae
1065 2531 1170 2606 nigrae

177 2627 276 2668 semen
291 2626 353 2668 cum
365 2625 463 2686 spuma
477 2612 592 2688 argenti
607 2612 669 2688 pari
682 2611 813 2688 pondere
830 2627 846 2668 a
867 2608 972 2668 balneo
984 2608 1097 2670 inlitum
1111 2614 1171 2690 psi·

141 2743 144 2754 .
175 2691 280 2750 lotrum
296 2699 349 2750 est.
504 2742 507 2759 ‚

134 2785 168 2840 59
239 2773 320 2854 (38.)
349 2775 414 2835 Non
431 2775 548 2835 multum
565 2793 581 2835 a
598 2776 687 2836 salice
703 2775 825 2835 vitilium
841 2794 894 2836 usu
906 2769 993 2837 distat
1005 2778 1106 2853 vitex,
1126 2777 1208 2838 io·⁸⁰

175 2857 279 2917 liorum
305 2875 420 2938 quoque
440 2859 596 2936 adspectu,
620 2861 675 2918 nisi
697 2860 789 2919 odore
812 2862 925 2936 gratior
945 2869 1033 2922 esset.
1063 2859 1172 2920 Gracci

175 2941 266 3018 lygon
281 2951 400 3018 vocant,
422 2941 493 3002 alias
511 2959 625 3019 agrion,
646 2945 780 3020 qnoniam
800 2951 948 3004 matronae
969 2943 1173 3022 ‘lhesmopho-

175 3025 227 3082 riis
245 3024 465 3085 Atheniensium
487 3028 649 3085 castitatem
666 3026 864 3087 custodientes
882 3027 928 3086 his
947 3027 1027 3088 loliis
1053 3026 1173 3085 cubitus

175 3107 231 3166 sibi
254 3115 393 3168 sternunt.
427 3108 483 3168 duo
500 3125 609 3186 genera
631 3111 710 3168 eins:
740 3113 832 3169 maior
856 3113 885 3170 in
910 3110 1044 3171 arborem
1068 3109 1174 3169 salicis

174 3189 261 3249 modo
277 3191 422 3269 adsurgit,
436 3194 530 3251 minor
545 3209 673 3268 ramosa,
688 3192 768 3253 loliis
785 3195 998 3255 candidioribus
1018 3191 1211 3270 lanugino-au

175 3275 225 3331 sis.
257 3276 347 3351 prima
364 3275 458 3335 album
474 3274 576 3335 florem
593 3277 680 3335 mittit
698 3293 762 3335 cnm
775 3294 939 3356 purpureo,
961 3292 1035 3353 quae
1055 3284 1087 3336 et
1102 3293 1174 3336 oan-

175 3355 239 3416 dida
254 3365 392 3436 vocatur,
413 3361 496 3436 nigra
522 3353 597 3437 qnae
620 3367 727 3420 tantum
747 3379 930 3440 purpureum.
962 3367 1120 3419 nascuntur
1140 3359 1175 3418 in

132 3439 353 3517 §opalustribus
368 3445 484 3522 campis.
512 3442 616 3504 Semen
631 3453 730 3522 potum
747 3448 805 3505 vini
818 3443 957 3524 quendam
969 3459 1104 3520 saporem
1121 3441 1175 3501 ha-
