2484 3817
309 193 735 247 unr.111sr.xxxr11.a.e
759 174 956 263 (ι-ιι)’
1058 186 1094 245 tt
1202 197 1209 212 ·

5 340 7 353 ’
110 355 199 407 strom
216 348 345 409 ordinem
363 346 471 409 iaciat?
498 348 651 409 honestius
671 350 725 407 viri
739 348 929 426 paedagogiis
944 349 973 409 id
988 349 1096 428 damus,

109 430 296 510 balineasque
321 433 403 493 dives
425 448 579 512 puerorum
599 431 691 490 torma
712 433 866 491 convertit.
902 431 961 491 Iam
974 451 1047 493 vero
1063 441 1136 497 etti

109 512 307 592 Harpocraten
322 524 487 615 statuasque
500 515 714 591 Aegyptiorum
727 516 870 573 numinum
884 515 913 573 iu
928 514 1067 591 digitis
1039 518 1094 575 vrri

109 613 224 676 quoque
241 607 358 677 portare
373 600 522 699 iucipiuut.
552 598 606 657 fuit
629 604 660 655 ιι
679 594 736 656 alia
753 593 853 656 Claudi
868 598 1029 675 principatu
1044 599 1095 658 dii·

87 680 230 740 tierentia
244 681 411 743 insolens'
391 701 427 742 ns
444 680 548 760 quibus
562 679 743 739 admissionis
758 678 894 739 liberae'
886 698 932 739 rus
947 680 1095 744 dedissent

106 763 257 840 imaginem
271 767 409 843 principis
432 782 470 825 ex
492 782 562 824 auro
579 764 608 822 in
625 762 716 822 anolo
726 762 866 839 gerendi,
887 780 988 840 magna
1002 765 1094 823 crimi-

106 863 170 905 num
186 850 357 925 occasione,
374 866 447 926 quae
464 849 556 907 omnia
572 845 704 905 salutaris
723 853 844 905 exortus
859 844 1031 923 Vespasiani
1045 848 1094 905 im-

101 926 250 1007 ‘peratoris
261 930 391 991 abolevit
402 929 562 1009 aequaliter
572 928 745 1008 publicando
756 930 923 1007 principem.
946 927 1093 989 Deanulis

65 1040 68 1047 ι
106 1015 200 1073 aureis
217 1032 327 1092 usuque
344 1030 443 1073 eorum
457 1012 594 1073 hactenus
611 1012 650 1072 sit
660 1011 774 1072 dictum

72 1111 96 1152 to
168 1096 249 1173 (13.)
269 1095 440 1156 Proxumum
457 1096 552 1156 scelus
566 1096 696 1155 luiterus
711 1094 762 1172 qui
779 1096 886 1172 primus
900 1113 938 1155 ex
954 1112 1025 1155 auro
1041 1094 1091 1153 de·
1101 1103 1136 1156 42

105 1178 213 1235 narium
228 1180 371 1256 signavit,
386 1180 462 1256 quod
479 1181 531 1239 ιι
522 1196 615 1257 rpsum
628 1178 700 1238 latet
712 1187 832 1239 auctore
847 1179 969 1237 incerto.
998 1177 1092 1255 Popu-

106 1260 148 1319 lus
167 1258 311 1321 Romanus
333 1280 370 1323 ue
394 1270 515 1340 argento
537 1262 651 1340 quidem
669 1263 782 1339 signato
806 1245 873 1320 aute
888 1260 1028 1337 Pyrrhum
1047 1278 1094 1319 re·

105 1361 171 1421 gem
193 1343 334 1405 devictum
345 1364 413 1405 usus
430 1354 483 1405 est.
519 1344 693 1406 libralis-
713 1344 789 1405 unde
806 1345 891 1404 etiam
905 1362 979 1404 nuuc
993 1343 1093 1404 libella

105 1425 208 1485 dicitur
230 1435 261 1487 et
280 1427 506 1507 dupondius—
536 1428 753 1507 adpendebatur
773 1428 856 1487 assis.
901 1444 992 1503 quare
1014 1428 1091 1487 aeris

71 1529 95 1569 ιι
104 1511 200 1586 gravis
216 1527 311 1589 poena
324 1511 401 1573 dicte
409 1554 418 1588 ,
436 1521 467 1573 st
479 1512 570 1572 adbuc
584 1529 714 1590 expensa
727 1512 757 1569 in
772 1507 932 1568 rationibus
948 1509 1090 1585 dicuutur,

103 1594 173 1652 item
191 1593 326 1671 inpendia
341 1604 372 1655 et
388 1596 564 1673 dependere.
596 1597 665 1671 quin
680 1602 711 1653 et
724 1591 843 1651 militum
857 1592 1015 1669 stipendia,
1031 1592 1087 1651 hoc
1098 1601 1133 1658 43

104 1683 150 1734 est
164 1676 247 1755 stipis
264 1678 408 1755 pondera,
429 1678 664 1755 dispensatores,
684 1673 880 1753 libripendes‚
900 1691 956 1751 quu
969 1692 1090 1735 consue-

104 1758 201 1817 tudine
224 1762 254 1819 in
273 1761 309 1818 iis
327 1760 519 1838 emptionibus
535 1776 608 1835 quae
630 1758 750 1835 mancipi
768 1765 833 1817 sunt
849 1758 1000 1818 etiamnum
1016 1756 1090 1817 libra

104 1843 307 1919 interponitur.
337 1842 456 1901 Servius
477 1860 531 1901 rex
550 1843 658 1918 primus
680 1842 805 1918 signavit
822 1858 882 1900 aes.
921 1849 1006 1900 antea
1027 1841 1088 1900 rudi
1115 1903 1118 1912 .

69 1940 174 1983 uousos
196 1923 305 1984 Romae
325 1924 457 1985 Timaeus
476 1924 570 1983 tradit.
610 1926 750 2002 signatum
778 1933 824 1984 est
845 1932 914 1983 nota
938 1923 1088 2002 pecudum,
1205 1920 1217 1931 ‘

105 2005 178 2065 unde
193 2014 222 2066 et
238 2009 359 2085 pecunia
375 2008 525 2087 appellata.
552 2024 698 2067 maxumus
712 2023 816 2067 census
829 2010 905 2075 ᾖ
916 2010 1022 2067 assium
1036 2007 1090 2066 luit

103 2088 155 2149 illo
177 2109 249 2168 rege
272 2099 302 2150 ct
321 2090 388 2153 ideo
410 2090 482 2151 baec
503 2093 591 2169 prima
615 2091 728 2151 classis.
763 2091 933 2168 Argentum
944 2092 1131 2188 signatqmtt

103 2190 177 2233 anno
193 2172 527 2240 ootscccctxxxv.
556 2172 590 2246 Q.
607 2173 1087 2253 ugntntou.1taoiocoss.‚qutn-

104 2274 160 2354 que
184 2260 265 2318 annis
284 2266 350 2318 ante
374 2260 492 2337 primum
518 2257 653 2318 Punicum
679 2257 795 2318 bellum.
830 2266 861 2318 et
881 2258 987 2336 placuit
1001 2258 1087 2317 dena·

67 2356 93 2395 se
104 2340 176 2397 rium
189 2358 243 2418 pro
260 2341 360 2401 decem
371 2341 454 2401 libris
469 2344 545 2401 acris
560 2333 696 2420 [ιιΙιιιῙ,
710 2342 869 2419 quinarium
884 2359 937 2419 pro
950 2342 1086 2419 quinque,

104 2425 268 2481 sestertium
289 2442 344 2503 pro
368 2424 513 2503 dupondio
530 2442 565 2484 ao
579 2425 708 2485 semisse.
747 2423 851 2484 librale
865 2433 960 2484 autem
974 2424 1085 2501 pondus

104 2506 181 2562 aeris
200 2508 363 2567 inminutum
388 2516 434 2568 est
452 2507 531 2567 bello
554 2507 662 2567 Punico
682 2509 792 2585 primo,
812 2525 875 2567 cum
889 2508 1018 2584 inpensis
1036 2525 1086 2567 res

103 2586 217 2663 publica
238 2606 295 2649 non
317 2591 477 2668 subiceret,
498 2591 740 2669 constitutumque
757 2598 790 2650 ut
810 2609 893 2650 asses
907 2591 1084 2649 sextantario

104 2669 233 2747 pondere
248 2673 411 2732 ferirentur.
447 2676 487 2733 its
509 2675 640 2773 quinque·
652 2682 750 2752 partes
767 2663 947 2734 lucrifactus
962 2672 1083 2733 dissolu·

66 2760 218 2850 cetumque
229 2772 280 2815 aes
292 2754 423 2817 alienum.
447 2764 514 2817 uota
526 2758 601 2817 aeris
613 2757 676 2816 eius
690 2757 743 2816 ioit
753 2776 791 2817 ex
804 2744 895 2816 ultera
905 2763 986 2833 parte
998 2755 1080 2815 lanus
1091 2766 1125 2819 45

102 2837 248 2914 geminus,
272 2838 414 2897 exalterat
434 2847 557 2898 rostrum
571 2840 669 2915 nasis,
689 2840 718 2898 in
738 2841 845 2899 triente
869 2856 942 2899 vero
962 2846 993 2898 et
1013 2856 1082 2917 qua·

103 2919 311 2997 immoratos,
330 2952 371 2965 --
394 2921 534 2999 quadrans
549 2931 633 2983 antea
647 2924 793 2982 teruncius
815 2931 934 2982 vocatus
953 2939 970 2981 a
989 2922 1081 2981 tribus

102 3003 193 3061 unciis
209 3036 260 3063 -.
293 3012 396 3081 postea
409 3002 566 3065 llannibale
581 3013 724 3081 urguente
739 3002 774 3075 Q.
791 3004 881 3082 Fabio
895 3004 1027 3065 Maurus
1041 3005 1083 3064 di·
1131 3043 1137 3055 =

103 3093 214 3147 ctatore
235 3104 316 3146 asses
336 3085 464 3146 unciales
484 3087 570 3163 iacti,
596 3088 760 3168 placuitque
790 3087 935 3149 denarium
953 3088 1080 3149 sedecim

67 3176 92 3217 ιι
103 3168 215 3230 assibus
229 3170 400 3249 permutari,
416 3170 572 3248 quinarium
591 3171 723 3247 octonis,
743 3172 910 3231 sestertium
922 3173 1078 3250 quaternis.

102 3254 141 3311 itu
155 3253 329 3331 respublica
343 3252 484 3313 dimidium
496 3252 604 3313 lucrata
621 3260 683 3331 est,
698 3255 728 3313 in
739 3253 852 3314 militari
866 3263 960 3315 tannen
973 3258 1082 3335 stipen-

101 3332 150 3394 dio
165 3354 280 3415 semper
293 3335 424 3397 denarius
440 3354 494 3415 pro
511 3336 611 3397 decem
620 3337 735 3396 assibus
750 3329 831 3399 datus
846 3345 901 3398 est
920 3337 1015 3399 Notae
1030 3359 1075 3400 ar·
1087 3349 1121 3404 46
1236 3347 1238 3418 J

101 3420 265 3496 gentituere
277 3419 363 3497 bigae
380 3428 466 3500 atque
480 3418 654 3498 quadrigae,
669 3419 736 3479 inde
753 3421 844 3499 bigati
859 3422 1079 3505 quadrigatique
