<?xml version="1.0" encoding="UTF-8"?>
<!DOCTYPE html PUBLIC "-//W3C//DTD XHTML 1.0 Transitional//EN"
    "http://www.w3.org/TR/xhtml1/DTD/xhtml1-transitional.dtd">
<html xmlns="http://www.w3.org/1999/xhtml" xml:lang="en" lang="en">
 <head>
  <title>
</title>
<meta http-equiv="Content-Type" content="text/html;charset=utf-8" />
  <meta name='ocr-system' content='tesseract 3.04.00' />
  <meta name='ocr-capabilities' content='ocr_page ocr_carea ocr_par ocr_line ocrx_word'/>
</head>
<body>
  <div class='ocr_page' id='page_1' title='image "./cplinisecundina24plingoog_0214.png"; bbox 0 0 2484 3817; ppageno 0'>
   <div class='ocr_carea' id='block_1_1' title="bbox 153 174 787 238">
    <p class='ocr_par' dir='ltr' id='par_1_1' title="bbox 153 174 787 238">
     <span class='ocr_line' id='line_1_1' title="bbox 153 174 787 238; baseline -0.011 0"><span class='ocrx_word' id='word_1_1' title='bbox 153 174 213 238; x_wconf 78' lang='lat'>142</span> <span class='ocrx_word' id='word_1_2' title='bbox 485 182 787 236; x_wconf 81' lang='lat' dir='ltr'>ennm1sncunn1</span> 
     </span>
    </p>
   </div>
   <div class='ocr_carea' id='block_1_2' title="bbox 22 338 1238 3503">
    <p class='ocr_par' dir='ltr' id='par_1_2' title="bbox 150 338 1143 419">
     <span class='ocr_line' id='line_1_2' title="bbox 150 338 1143 419; baseline -0.001 -19"><span class='ocrx_word' id='word_1_3' title='bbox 150 359 243 419; x_wconf 91' lang='lat' dir='ltr'>usque</span> <span class='ocrx_word' id='word_1_4' title='bbox 265 340 332 402; x_wconf 92' lang='lat' dir='ltr'>dum</span> <span class='ocrx_word' id='word_1_5' title='bbox 353 340 476 401; x_wconf 85' lang='lat' dir='ltr'>auderes</span> <span class='ocrx_word' id='word_1_6' title='bbox 497 348 605 400; x_wconf 88' lang='lat' dir='ltr'>evocet</span> <span class='ocrx_word' id='word_1_7' title='bbox 624 341 726 399; x_wconf 90' lang='lat' dir='ltr'>iterum</span> <span class='ocrx_word' id='word_1_8' title='bbox 740 346 771 399; x_wconf 89' lang='lat' dir='ltr'>et</span> <span class='ocrx_word' id='word_1_9' title='bbox 791 338 905 397; x_wconf 87' lang='lat' dir='ltr'>tertium</span> <span class='ocrx_word' id='word_1_10' title='bbox 925 339 963 397; x_wconf 90' lang='lat' dir='ltr'>ita</span> <span class='ocrx_word' id='word_1_11' title='bbox 991 354 1029 397; x_wconf 90' lang='lat' dir='ltr'>ne</span> <span class='ocrx_word' id='word_1_12' title='bbox 1052 338 1143 399; x_wconf 89' lang='lat' dir='ltr'>sudor</span> 
     </span>
    </p>

    <p class='ocr_par' dir='ltr' id='par_1_3' title="bbox 151 424 1065 484">
     <span class='ocr_line' id='line_1_3' title="bbox 151 424 1065 484; baseline 0.002 -1"><span class='ocrx_word' id='word_1_13' title='bbox 151 424 291 484; x_wconf 75' lang='lat' dir='ltr'><strong>abluatur.</strong></span> <span class='ocrx_word' id='word_1_14' title='bbox 1064 452 1065 455; x_wconf 39' lang='lat'>¹</span> 
     </span>
    </p>

    <p class='ocr_par' dir='ltr' id='par_1_4' title="bbox 107 504 1165 920">
     <span class='ocr_line' id='line_1_4' title="bbox 107 504 1143 587; baseline -0.006 -16"><span class='ocrx_word' id='word_1_15' title='bbox 107 517 142 571; x_wconf 79' lang='lat' dir='ltr'>te</span> <span class='ocrx_word' id='word_1_16' title='bbox 217 507 299 587; x_wconf 84' lang='grc'>(49.)</span> <span class='ocrx_word' id='word_1_17' title='bbox 321 506 521 585; x_wconf 89' lang='lat' dir='ltr'>Dryophonon</span> <span class='ocrx_word' id='word_1_18' title='bbox 539 505 639 565; x_wconf 89' lang='lat' dir='ltr'>shnilis</span> <span class='ocrx_word' id='word_1_19' title='bbox 660 504 751 565; x_wconf 90' lang='lat' dir='ltr'>herba</span> <span class='ocrx_word' id='word_1_20' title='bbox 773 514 817 565; x_wconf 87' lang='lat' dir='ltr'>est</span> <span class='ocrx_word' id='word_1_21' title='bbox 837 504 986 565; x_wconf 83' lang='lat' dir='ltr'><strong>cauliculis</strong></span> <span class='ocrx_word' id='word_1_22' title='bbox 1009 504 1143 565; x_wconf 81' lang='lat' dir='ltr'>tenuibus</span> 
     </span>
     <span class='ocr_line' id='line_1_5' title="bbox 151 588 1143 667; baseline -0.002 -17"><span class='ocrx_word' id='word_1_23' title='bbox 151 590 332 667; x_wconf 74' lang='lat' dir='ltr'>cubitalibus,</span> <span class='ocrx_word' id='word_1_24' title='bbox 349 589 529 651; x_wconf 87' lang='lat' dir='ltr'>circumdatis</span> <span class='ocrx_word' id='word_1_25' title='bbox 544 590 686 667; x_wconf 77' lang='lat' dir='ltr'>utrimque</span> <span class='ocrx_word' id='word_1_26' title='bbox 701 588 780 648; x_wconf 85' lang='lat' dir='ltr'>loliis</span> <span class='ocrx_word' id='word_1_27' title='bbox 791 588 933 667; x_wconf 88' lang='lat' dir='ltr'>pollicari</span> <span class='ocrx_word' id='word_1_28' title='bbox 958 588 1143 667; x_wconf 91' lang='lat' dir='ltr'>amplitudine</span> 
     </span>
     <span class='ocr_line' id='line_1_6' title="bbox 149 671 1165 751; baseline -0.004 -18"><span class='ocrx_word' id='word_1_29' title='bbox 149 674 244 751; x_wconf 89' lang='lat' dir='ltr'>qualia</span> <span class='ocrx_word' id='word_1_30' title='bbox 261 676 474 749; x_wconf 82' lang='lat' dir='ltr'>oxymyrsinae,</span> <span class='ocrx_word' id='word_1_31' title='bbox 490 672 543 734; x_wconf 92' lang='lat' dir='ltr'>sed</span> <span class='ocrx_word' id='word_1_32' title='bbox 558 671 772 732; x_wconf 81' lang='lat' dir='ltr'>candidioribus</span> <span class='ocrx_word' id='word_1_33' title='bbox 795 671 1050 750; x_wconf 88' lang='lat' dir='ltr'>mollioribusque,</span> <span class='ocrx_word' id='word_1_34' title='bbox 1066 672 1165 733; x_wconf 82' lang='lat' dir='ltr'>llores</span> 
     </span>
     <span class='ocr_line' id='line_1_7' title="bbox 149 755 1143 831; baseline 0 -15"><span class='ocrx_word' id='word_1_35' title='bbox 149 756 270 820; x_wconf 84' lang='lat' dir='ltr'>candido</span> <span class='ocrx_word' id='word_1_36' title='bbox 286 757 395 818; x_wconf 88' lang='lat' dir='ltr'>sabuci.</span> <span class='ocrx_word' id='word_1_37' title='bbox 425 756 512 816; x_wconf 89' lang='lat' dir='ltr'>edunt</span> <span class='ocrx_word' id='word_1_38' title='bbox 525 755 685 815; x_wconf 89' lang='lat' dir='ltr'>cauliculos</span> <span class='ocrx_word' id='word_1_39' title='bbox 700 755 853 831; x_wconf 89' lang='lat' dir='ltr'>decoctos,</span> <span class='ocrx_word' id='word_1_40' title='bbox 869 757 977 815; x_wconf 88' lang='lat' dir='ltr'>semine</span> <span class='ocrx_word' id='word_1_41' title='bbox 993 772 1063 814; x_wconf 84' lang='lat' dir='ltr'>vero</span> <span class='ocrx_word' id='word_1_42' title='bbox 1080 759 1143 816; x_wconf 89' lang='lat' dir='ltr'>eius</span> 
     </span>
     <span class='ocr_line' id='line_1_8' title="bbox 148 843 459 920; baseline -0.007 -20"><span class='ocrx_word' id='word_1_43' title='bbox 148 858 203 919; x_wconf 91' lang='lat' dir='ltr'>pro</span> <span class='ocrx_word' id='word_1_44' title='bbox 218 843 322 920; x_wconf 81' lang='lat' dir='ltr'>pipere</span> <span class='ocrx_word' id='word_1_45' title='bbox 335 850 459 901; x_wconf 88' lang='lat' dir='ltr'>utuntur.</span> 
     </span>
    </p>

    <p class='ocr_par' dir='ltr' id='par_1_5' title="bbox 106 896 1238 1403">
     <span class='ocr_line' id='line_1_9' title="bbox 106 896 1142 1005; baseline -0.005 -17"><span class='ocrx_word' id='word_1_46' title='bbox 106 934 141 988; x_wconf 81' lang='lat'>74</span> <span class='ocrx_word' id='word_1_47' title='bbox 213 927 297 1005; x_wconf 88' lang='grc'>(50)</span> <span class='ocrx_word' id='word_1_48' title='bbox 320 924 436 984; x_wconf 81' lang='lat' dir='ltr'>Elatiae</span> <span class='ocrx_word' id='word_1_49' title='bbox 450 921 520 982; x_wconf 88' lang='lat' dir='ltr'>lolia</span> <span class='ocrx_word' id='word_1_50' title='bbox 535 921 623 981; x_wconf 87' lang='lat' dir='ltr'>hebet</span> <span class='ocrx_word' id='word_1_51' title='bbox 638 924 744 997; x_wconf 85' lang='lat' dir='ltr'>casiae,</span> <span class='ocrx_word' id='word_1_52' title='bbox 761 922 876 1001; x_wconf 88' lang='lat' dir='ltr'>pusilla,</span> <span class='ocrx_word' id='word_1_53' title='bbox 890 896 994 1001; x_wconf 83' lang='lat' dir='ltr'>pilosa,</span> <span class='ocrx_word' id='word_1_54' title='bbox 1009 922 1142 999; x_wconf 91' lang='lat' dir='ltr'>rotunda,</span> 
     </span>
     <span class='ocr_line' id='line_1_10' title="bbox 148 1005 1141 1085; baseline -0.003 -17"><span class='ocrx_word' id='word_1_55' title='bbox 148 1007 371 1085; x_wconf 80' lang='lat' dir='ltr'>semipedalibus</span> <span class='ocrx_word' id='word_1_56' title='bbox 386 1006 503 1066; x_wconf 89' lang='lat' dir='ltr'>ramulis</span> <span class='ocrx_word' id='word_1_57' title='bbox 517 1006 610 1083; x_wconf 87' lang='lat' dir='ltr'>quinis</span> <span class='ocrx_word' id='word_1_58' title='bbox 626 1008 740 1065; x_wconf 86' lang='lat' dir='ltr'>senisve</span> <span class='ocrx_word' id='word_1_59' title='bbox 758 1023 775 1065; x_wconf 90' lang='lat' dir='ltr'>a</span> <span class='ocrx_word' id='word_1_60' title='bbox 792 1006 888 1066; x_wconf 88' lang='lat' dir='ltr'>radice</span> <span class='ocrx_word' id='word_1_61' title='bbox 908 1008 1001 1065; x_wconf 88' lang='lat' dir='ltr'>statim</span> <span class='ocrx_word' id='word_1_62' title='bbox 1016 1005 1141 1065; x_wconf 88' lang='lat' dir='ltr'>ioliosis</span> 
     </span>
     <span class='ocr_line' id='line_1_11' title="bbox 148 1089 1238 1165; baseline -0.005 -13"><span class='ocrx_word' id='word_1_63' title='bbox 148 1093 295 1152; x_wconf 88' lang='lat' dir='ltr'>nascitur</span> <span class='ocrx_word' id='word_1_64' title='bbox 287 1110 316 1150; x_wconf 89' lang='grc' dir='ltr'>ιιι</span> <span class='ocrx_word' id='word_1_65' title='bbox 331 1098 452 1165; x_wconf 77' lang='lat' dir='ltr'>segete,</span> <span class='ocrx_word' id='word_1_66' title='bbox 478 1089 584 1149; x_wconf 88' lang='lat' dir='ltr'>acerba</span> <span class='ocrx_word' id='word_1_67' title='bbox 599 1099 685 1165; x_wconf 82' lang='lat' dir='ltr'>gustu</span> <span class='ocrx_word' id='word_1_68' title='bbox 703 1098 732 1148; x_wconf 92' lang='lat' dir='ltr'>et</span> <span class='ocrx_word' id='word_1_69' title='bbox 754 1089 820 1149; x_wconf 90' lang='lat' dir='ltr'>ideo</span> <span class='ocrx_word' id='word_1_70' title='bbox 838 1089 985 1149; x_wconf 88' lang='lat' dir='ltr'>oculorum</span> <span class='ocrx_word' id='word_1_71' title='bbox 1000 1089 1141 1149; x_wconf 89' lang='lat' dir='ltr'>lluctioni·</span> <span class='ocrx_word' id='word_1_72' title='bbox 1152 1106 1176 1147; x_wconf 82' lang='lat' dir='ltr'>so</span> <span class='ocrx_word' id='word_1_73' title='bbox 1237 1124 1238 1139; x_wconf 56' lang='grc' dir='ltr'>ι</span> 
     </span>
     <span class='ocr_line' id='line_1_12' title="bbox 149 1172 1238 1251; baseline -0.002 -17"><span class='ocrx_word' id='word_1_74' title='bbox 149 1174 201 1234; x_wconf 93' lang='lat' dir='ltr'>bus</span> <span class='ocrx_word' id='word_1_75' title='bbox 215 1174 321 1233; x_wconf 85' lang='lat' dir='ltr'>eilioax</span> <span class='ocrx_word' id='word_1_76' title='bbox 337 1172 415 1233; x_wconf 88' lang='lat' dir='ltr'>loliis</span> <span class='ocrx_word' id='word_1_77' title='bbox 433 1191 496 1231; x_wconf 91' lang='lat' dir='ltr'>cum</span> <span class='ocrx_word' id='word_1_78' title='bbox 512 1172 630 1251; x_wconf 87' lang='lat' dir='ltr'>polenta</span> <span class='ocrx_word' id='word_1_79' title='bbox 644 1173 718 1233; x_wconf 90' lang='lat' dir='ltr'>tritis</span> <span class='ocrx_word' id='word_1_80' title='bbox 738 1181 768 1231; x_wconf 90' lang='lat' dir='ltr'>et</span> <span class='ocrx_word' id='word_1_81' title='bbox 784 1174 932 1251; x_wconf 86' lang='lat' dir='ltr'>inpositis,</span> <span class='ocrx_word' id='word_1_82' title='bbox 952 1172 1067 1232; x_wconf 90' lang='lat' dir='ltr'>subdito</span> <span class='ocrx_word' id='word_1_83' title='bbox 1088 1173 1140 1232; x_wconf 92' lang='lat' dir='ltr'>lin·</span> <span class='ocrx_word' id='word_1_84' title='bbox 1237 1202 1238 1247; x_wconf 68' lang='lat'>1</span> 
     </span>
     <span class='ocr_line' id='line_1_13' title="bbox 129 1243 1238 1353; baseline 0.001 -37.016"><span class='ocrx_word' id='word_1_85' title='bbox 129 1243 240 1319; x_wconf 88' lang='lat' dir='ltr'>teolc</span> <span class='ocrx_word' id='word_1_86' title='bbox 272 1257 375 1316; x_wconf 88' lang='lat' dir='ltr'>eadem</span> <span class='ocrx_word' id='word_1_87' title='bbox 393 1273 456 1315; x_wconf 89' lang='lat' dir='ltr'>cum</span> <span class='ocrx_word' id='word_1_88' title='bbox 471 1256 521 1353; x_wconf 88' lang='lat' dir='ltr'>lini</span> <span class='ocrx_word' id='word_1_89' title='bbox 537 1258 646 1316; x_wconf 90' lang='lat' dir='ltr'>semine</span> <span class='ocrx_word' id='word_1_90' title='bbox 663 1264 748 1316; x_wconf 88' lang='lat' dir='ltr'>cocta</span> <span class='ocrx_word' id='word_1_91' title='bbox 763 1256 928 1316; x_wconf 80' lang='lat' dir='ltr'>sorbitionis</span> <span class='ocrx_word' id='word_1_92' title='bbox 947 1274 1000 1315; x_wconf 92' lang='lat' dir='ltr'>usu</span> <span class='ocrx_word' id='word_1_93' title='bbox 1014 1256 1141 1331; x_wconf 90' lang='lat' dir='ltr'>dysinte·</span> <span class='ocrx_word' id='word_1_94' title='bbox 1237 1256 1238 1297; x_wconf 75' lang='lat' dir='ltr'>l</span> 
     </span>
     <span class='ocr_line' id='line_1_14' title="bbox 147 1339 1238 1403; baseline 0.003 -3"><span class='ocrx_word' id='word_1_95' title='bbox 147 1343 190 1400; x_wconf 90' lang='lat' dir='ltr'>ria</span> <span class='ocrx_word' id='word_1_96' title='bbox 207 1339 321 1399; x_wconf 88' lang='lat' dir='ltr'>liberat.</span> <span class='ocrx_word' id='word_1_97' title='bbox 1237 1398 1238 1403; x_wconf 73' lang='grc'>,</span> 
     </span>
    </p>

    <p class='ocr_par' dir='ltr' id='par_1_6' title="bbox 22 1421 1238 2085">
     <span class='ocr_line' id='line_1_15' title="bbox 22 1421 1238 1500; baseline 0.002 -18"><span class='ocrx_word' id='word_1_98' title='bbox 22 1421 26 1428; x_wconf 85' lang='grc'><strong>“</strong></span> <span class='ocrx_word' id='word_1_99' title='bbox 105 1434 140 1488; x_wconf 80' lang='lat'>75</span> <span class='ocrx_word' id='word_1_100' title='bbox 217 1422 302 1500; x_wconf 92' lang='grc'>(51.)</span> <span class='ocrx_word' id='word_1_101' title='bbox 323 1422 488 1500; x_wconf 84' lang='lat' dir='ltr'>Empetros,</span> <span class='ocrx_word' id='word_1_102' title='bbox 506 1440 589 1500; x_wconf 93' lang='lat' dir='ltr'>qnam</span> <span class='ocrx_word' id='word_1_103' title='bbox 603 1423 695 1482; x_wconf 82' lang='lat' dir='ltr'>nostru</span> <span class='ocrx_word' id='word_1_104' title='bbox 710 1421 895 1499; x_wconf 77' lang='lat' dir='ltr'>calcifragam</span> <span class='ocrx_word' id='word_1_105' title='bbox 909 1432 1031 1500; x_wconf 87' lang='lat' dir='ltr'>vocant</span> <span class='ocrx_word' id='word_1_106' title='bbox 1046 1428 1141 1485; x_wconf 88' lang='lat' dir='ltr'>nasci·</span> <span class='ocrx_word' id='word_1_107' title='bbox 1237 1470 1238 1495; x_wconf 55' lang='lat'>,</span> 
     </span>
     <span class='ocr_line' id='line_1_16' title="bbox 148 1506 1238 1585; baseline -0.002 -20"><span class='ocrx_word' id='word_1_108' title='bbox 148 1507 234 1566; x_wconf 91' lang='lat' dir='ltr'>turin</span> <span class='ocrx_word' id='word_1_109' title='bbox 248 1506 391 1565; x_wconf 89' lang='lat' dir='ltr'>montibus</span> <span class='ocrx_word' id='word_1_110' title='bbox 406 1507 569 1582; x_wconf 89' lang='lat' dir='ltr'>maritimis,</span> <span class='ocrx_word' id='word_1_111' title='bbox 589 1506 654 1565; x_wconf 89' lang='lat' dir='ltr'>iere</span> <span class='ocrx_word' id='word_1_112' title='bbox 674 1506 703 1563; x_wconf 92' lang='lat' dir='ltr'>in</span> <span class='ocrx_word' id='word_1_113' title='bbox 723 1522 804 1565; x_wconf 87' lang='lat' dir='ltr'>saxo.</span> <span class='ocrx_word' id='word_1_114' title='bbox 833 1524 907 1583; x_wconf 90' lang='lat' dir='ltr'>qnae</span> <span class='ocrx_word' id='word_1_115' title='bbox 927 1508 1046 1585; x_wconf 91' lang='lat' dir='ltr'>propius</span> <span class='ocrx_word' id='word_1_116' title='bbox 1069 1510 1175 1569; x_wconf 76' lang='lat' dir='ltr'>mariue</span> <span class='ocrx_word' id='word_1_117' title='bbox 1237 1514 1238 1553; x_wconf 65' lang='lat' dir='ltr'>l</span> 
     </span>
     <span class='ocr_line' id='line_1_17' title="bbox 148 1588 1238 1669; baseline 0.002 -20"><span class='ocrx_word' id='word_1_118' title='bbox 148 1590 201 1649; x_wconf 86' lang='lat' dir='ltr'>luit</span> <span class='ocrx_word' id='word_1_119' title='bbox 215 1589 293 1649; x_wconf 88' lang='lat' dir='ltr'>salsa</span> <span class='ocrx_word' id='word_1_120' title='bbox 314 1598 359 1648; x_wconf 90' lang='lat' dir='ltr'>est</span> <span class='ocrx_word' id='word_1_121' title='bbox 373 1598 499 1667; x_wconf 87' lang='lat' dir='ltr'>potaque</span> <span class='ocrx_word' id='word_1_122' title='bbox 514 1589 602 1650; x_wconf 88' lang='lat' dir='ltr'>trahit</span> <span class='ocrx_word' id='word_1_123' title='bbox 615 1588 702 1647; x_wconf 92' lang='lat' dir='ltr'>bilem</span> <span class='ocrx_word' id='word_1_124' title='bbox 725 1606 760 1649; x_wconf 91' lang='lat' dir='ltr'>ac</span> <span class='ocrx_word' id='word_1_125' title='bbox 781 1591 913 1668; x_wconf 91' lang='lat' dir='ltr'>pituitas,</span> <span class='ocrx_word' id='word_1_126' title='bbox 937 1608 1011 1669; x_wconf 88' lang='lat' dir='ltr'>quae</span> <span class='ocrx_word' id='word_1_127' title='bbox 1027 1591 1144 1668; x_wconf 80' lang='lat' dir='ltr'>longius</span> <span class='ocrx_word' id='word_1_128' title='bbox 1237 1600 1238 1603; x_wconf 76' lang='grc'>’</span> 
     </span>
     <span class='ocr_line' id='line_1_18' title="bbox 146 1672 1238 1751; baseline 0.004 -20"><span class='ocrx_word' id='word_1_129' title='bbox 146 1674 296 1750; x_wconf 79' lang='lat' dir='ltr'>magisque</span> <span class='ocrx_word' id='word_1_130' title='bbox 319 1683 434 1733; x_wconf 88' lang='lat' dir='ltr'>terrena</span> <span class='ocrx_word' id='word_1_131' title='bbox 457 1673 580 1732; x_wconf 69' lang='lat' dir='ltr'>amarior</span> <span class='ocrx_word' id='word_1_132' title='bbox 598 1673 728 1731; x_wconf 80' lang='lat' dir='ltr'>sentitur.</span> <span class='ocrx_word' id='word_1_133' title='bbox 772 1672 856 1733; x_wconf 90' lang='lat' dir='ltr'>trahit</span> <span class='ocrx_word' id='word_1_134' title='bbox 876 1691 995 1751; x_wconf 90' lang='lat' dir='ltr'>aquam,</span> <span class='ocrx_word' id='word_1_135' title='bbox 1023 1678 1141 1736; x_wconf 86' lang='lat' dir='ltr'>sumitur</span> <span class='ocrx_word' id='word_1_136' title='bbox 1237 1694 1238 1697; x_wconf 45' lang='lat'>¹</span> 
     </span>
     <span class='ocr_line' id='line_1_19' title="bbox 147 1752 1238 1836; baseline 0.004 -20"><span class='ocrx_word' id='word_1_137' title='bbox 147 1758 285 1816; x_wconf 68' lang='lat' dir='ltr'>autem‘in</span> <span class='ocrx_word' id='word_1_138' title='bbox 305 1758 367 1815; x_wconf 93' lang='lat' dir='ltr'>iure</span> <span class='ocrx_word' id='word_1_139' title='bbox 388 1756 484 1834; x_wconf 88' lang='lat' dir='ltr'>aliquo</span> <span class='ocrx_word' id='word_1_140' title='bbox 505 1765 535 1815; x_wconf 93' lang='lat' dir='ltr'>ut</span> <span class='ocrx_word' id='word_1_141' title='bbox 554 1755 759 1833; x_wconf 77' lang='lat' dir='ltr'>hydromelite,</span> <span class='ocrx_word' id='word_1_142' title='bbox 782 1765 924 1816; x_wconf 87' lang='lat' dir='ltr'>vetustate</span> <span class='ocrx_word' id='word_1_143' title='bbox 945 1759 1014 1818; x_wconf 86' lang='lat' dir='ltr'>viris</span> <span class='ocrx_word' id='word_1_144' title='bbox 1035 1759 1140 1836; x_wconf 91' lang='lat' dir='ltr'>perdit,</span> <span class='ocrx_word' id='word_1_145' title='bbox 1237 1752 1238 1793; x_wconf 66' lang='lat'><em>³</em></span> 
     </span>
     <span class='ocr_line' id='line_1_20' title="bbox 147 1839 1238 1921; baseline 0.002 -21"><span class='ocrx_word' id='word_1_146' title='bbox 147 1858 253 1900; x_wconf 89' lang='lat' dir='ltr'>recens</span> <span class='ocrx_word' id='word_1_147' title='bbox 267 1841 363 1900; x_wconf 89' lang='lat' dir='ltr'>urinas</span> <span class='ocrx_word' id='word_1_148' title='bbox 379 1841 437 1899; x_wconf 92' lang='lat' dir='ltr'>ciet</span> <span class='ocrx_word' id='word_1_149' title='bbox 451 1839 604 1899; x_wconf 88' lang='lat' dir='ltr'>decoctum</span> <span class='ocrx_word' id='word_1_150' title='bbox 623 1842 652 1899; x_wconf 92' lang='lat' dir='ltr'>in</span> <span class='ocrx_word' id='word_1_151' title='bbox 674 1856 747 1918; x_wconf 90' lang='lat' dir='ltr'>aqua</span> <span class='ocrx_word' id='word_1_152' title='bbox 767 1840 815 1899; x_wconf 87' lang='lat' dir='ltr'>vel</span> <span class='ocrx_word' id='word_1_153' title='bbox 837 1841 931 1899; x_wconf 90' lang='lat' dir='ltr'>tritum</span> <span class='ocrx_word' id='word_1_154' title='bbox 952 1841 1141 1921; x_wconf 87' lang='lat' dir='ltr'>calculosque</span> <span class='ocrx_word' id='word_1_155' title='bbox 1237 1854 1238 1915; x_wconf 47' lang='grc' dir='ltr'>ζ</span> 
     </span>
     <span class='ocr_line' id='line_1_21' title="bbox 147 1922 1175 2005; baseline 0.001 -23"><span class='ocrx_word' id='word_1_156' title='bbox 147 1923 260 2000; x_wconf 79' lang='lat' dir='ltr'>trangit.</span> <span class='ocrx_word' id='word_1_157' title='bbox 283 1924 341 2001; x_wconf 80' lang='lat' dir='ltr'>‘qui</span> <span class='ocrx_word' id='word_1_158' title='bbox 355 1923 439 1982; x_wconf 91' lang='lat' dir='ltr'>iidem</span> <span class='ocrx_word' id='word_1_159' title='bbox 451 1924 595 2001; x_wconf 88' lang='lat' dir='ltr'>promisso</span> <span class='ocrx_word' id='word_1_160' title='bbox 612 1923 679 1983; x_wconf 91' lang='lat' dir='ltr'>huic</span> <span class='ocrx_word' id='word_1_161' title='bbox 695 1931 843 2000; x_wconf 87' lang='lat' dir='ltr'>quaerunt,</span> <span class='ocrx_word' id='word_1_162' title='bbox 859 1922 1005 1983; x_wconf 85' lang='lat' dir='ltr'>adfirmant</span> <span class='ocrx_word' id='word_1_163' title='bbox 1022 1925 1138 2005; x_wconf 88' lang='lat' dir='ltr'>lapillos</span> <span class='ocrx_word' id='word_1_164' title='bbox 1148 1943 1175 1983; x_wconf 82' lang='lat' dir='ltr'>so</span> 
     </span>
     <span class='ocr_line' id='line_1_22' title="bbox 149 2006 1238 2085; baseline 0.001 -20"><span class='ocrx_word' id='word_1_165' title='bbox 149 2006 197 2084; x_wconf 93' lang='lat' dir='ltr'>qui</span> <span class='ocrx_word' id='word_1_166' title='bbox 214 2006 421 2065; x_wconf 82' lang='lat' dir='ltr'>subfervehant</span> <span class='ocrx_word' id='word_1_167' title='bbox 438 2024 493 2065; x_wconf 92' lang='lat' dir='ltr'>una</span> <span class='ocrx_word' id='word_1_168' title='bbox 511 2009 613 2085; x_wconf 90' lang='lat' dir='ltr'>rumpi.</span> <span class='ocrx_word' id='word_1_169' title='bbox 1237 2056 1238 2059; x_wconf 17' lang='lat'>¹</span> 
     </span>
    </p>

    <p class='ocr_par' dir='ltr' id='par_1_7' title="bbox 105 2088 1238 2647">
     <span class='ocr_line' id='line_1_23' title="bbox 105 2088 1238 2170; baseline -0.001 -20"><span class='ocrx_word' id='word_1_170' title='bbox 105 2098 140 2152; x_wconf 87' lang='grc'>76</span> <span class='ocrx_word' id='word_1_171' title='bbox 213 2089 297 2167; x_wconf 83' lang='grc'>(52.)</span> <span class='ocrx_word' id='word_1_172' title='bbox 319 2088 467 2165; x_wconf 83' lang='lat' dir='ltr'>Epicactis</span> <span class='ocrx_word' id='word_1_173' title='bbox 482 2088 518 2148; x_wconf 92' lang='lat' dir='ltr'>ab</span> <span class='ocrx_word' id='word_1_174' title='bbox 535 2090 599 2150; x_wconf 89' lang='lat' dir='ltr'>aliis</span> <span class='ocrx_word' id='word_1_175' title='bbox 616 2088 776 2149; x_wconf 83' lang='lat' dir='ltr'>elleborine</span> <span class='ocrx_word' id='word_1_176' title='bbox 787 2100 917 2167; x_wconf 89' lang='lat' dir='ltr'>vocatur,</span> <span class='ocrx_word' id='word_1_177' title='bbox 937 2108 1026 2170; x_wconf 87' lang='lat' dir='ltr'>parva</span> <span class='ocrx_word' id='word_1_178' title='bbox 1038 2090 1139 2167; x_wconf 88' lang='lat' dir='ltr'>herba,</span> <span class='ocrx_word' id='word_1_179' title='bbox 1237 2112 1238 2149; x_wconf 67' lang='grc' dir='ltr'>ι</span> 
     </span>
     <span class='ocr_line' id='line_1_24' title="bbox 149 2171 1238 2253; baseline 0.005 -22"><span class='ocrx_word' id='word_1_180' title='bbox 149 2171 263 2248; x_wconf 76' lang='lat' dir='ltr'>exiguis</span> <span class='ocrx_word' id='word_1_181' title='bbox 275 2171 364 2247; x_wconf 85' lang='lat' dir='ltr'>foliis,</span> <span class='ocrx_word' id='word_1_182' title='bbox 376 2172 512 2231; x_wconf 91' lang='lat' dir='ltr'>iocineris</span> <span class='ocrx_word' id='word_1_183' title='bbox 526 2174 601 2231; x_wconf 86' lang='lat' dir='ltr'>vitiis</span> <span class='ocrx_word' id='word_1_184' title='bbox 612 2172 761 2233; x_wconf 88' lang='lat' dir='ltr'>utilissima</span> <span class='ocrx_word' id='word_1_185' title='bbox 776 2182 805 2233; x_wconf 90' lang='lat' dir='ltr'>et</span> <span class='ocrx_word' id='word_1_186' title='bbox 821 2183 919 2235; x_wconf 88' lang='lat' dir='ltr'>contra</span> <span class='ocrx_word' id='word_1_187' title='bbox 933 2192 1045 2234; x_wconf 86' lang='lat' dir='ltr'>venena</span> <span class='ocrx_word' id='word_1_188' title='bbox 1061 2186 1138 2253; x_wconf 89' lang='lat' dir='ltr'>pota.</span> <span class='ocrx_word' id='word_1_189' title='bbox 1237 2174 1238 2205; x_wconf 76' lang='lat'><em>³</em></span> 
     </span>
     <span class='ocr_line' id='line_1_25' title="bbox 161 2252 1238 2334; baseline 0.006 -23"><span class='ocrx_word' id='word_1_190' title='bbox 161 2264 166 2277; x_wconf 85' lang='lat'><strong>·</strong></span> <span class='ocrx_word' id='word_1_191' title='bbox 211 2252 294 2334; x_wconf 88' lang='grc'>(53.)</span> <span class='ocrx_word' id='word_1_192' title='bbox 317 2253 487 2331; x_wconf 86' lang='lat' dir='ltr'>Epimedion</span> <span class='ocrx_word' id='word_1_193' title='bbox 510 2254 599 2315; x_wconf 88' lang='lat' dir='ltr'>caulis</span> <span class='ocrx_word' id='word_1_194' title='bbox 620 2264 666 2314; x_wconf 89' lang='lat' dir='ltr'>cst</span> <span class='ocrx_word' id='word_1_195' title='bbox 691 2273 748 2315; x_wconf 90' lang='lat' dir='ltr'>non</span> <span class='ocrx_word' id='word_1_196' title='bbox 773 2274 892 2333; x_wconf 85' lang='lat' dir='ltr'>magnus</span> <span class='ocrx_word' id='word_1_197' title='bbox 913 2256 1039 2317; x_wconf 87' lang='lat' dir='ltr'>hederae</span> <span class='ocrx_word' id='word_1_198' title='bbox 1060 2260 1138 2318; x_wconf 86' lang='lat' dir='ltr'>loliis</span> <span class='ocrx_word' id='word_1_199' title='bbox 1237 2268 1238 2273; x_wconf 75' lang='grc'>’</span> 
     </span>
     <span class='ocr_line' id='line_1_26' title="bbox 148 2336 1173 2418; baseline 0.003 -22"><span class='ocrx_word' id='word_1_200' title='bbox 148 2336 230 2397; x_wconf 89' lang='lat' dir='ltr'>denis</span> <span class='ocrx_word' id='word_1_201' title='bbox 247 2346 333 2414; x_wconf 88' lang='lat' dir='ltr'>atque</span> <span class='ocrx_word' id='word_1_202' title='bbox 348 2338 503 2412; x_wconf 82' lang='lat' dir='ltr'>duodenis,</span> <span class='ocrx_word' id='word_1_203' title='bbox 521 2356 672 2416; x_wconf 87' lang='lat' dir='ltr'>numquam</span> <span class='ocrx_word' id='word_1_204' title='bbox 686 2338 812 2417; x_wconf 86' lang='lat' dir='ltr'>herens,</span> <span class='ocrx_word' id='word_1_205' title='bbox 828 2340 926 2401; x_wconf 88' lang='lat' dir='ltr'>radice</span> <span class='ocrx_word' id='word_1_206' title='bbox 941 2342 1028 2417; x_wconf 89' lang='lat' dir='ltr'>tenui,</span> <span class='ocrx_word' id='word_1_207' title='bbox 1044 2344 1136 2418; x_wconf 78' lang='lat' dir='ltr'>nigra,</span> <span class='ocrx_word' id='word_1_208' title='bbox 1146 2360 1173 2399; x_wconf 79' lang='lat' dir='ltr'>se</span> 
     </span>
     <span class='ocr_line' id='line_1_27' title="bbox 147 2421 1136 2501; baseline 0.007 -23"><span class='ocrx_word' id='word_1_209' title='bbox 147 2422 228 2498; x_wconf 82' lang='lat' dir='ltr'>grani</span> <span class='ocrx_word' id='word_1_210' title='bbox 247 2421 349 2497; x_wconf 88' lang='lat' dir='ltr'>odore,</span> <span class='ocrx_word' id='word_1_211' title='bbox 364 2431 393 2481; x_wconf 88' lang='lat' dir='ltr'>at</span> <span class='ocrx_word' id='word_1_212' title='bbox 409 2422 437 2479; x_wconf 92' lang='lat' dir='ltr'>in</span> <span class='ocrx_word' id='word_1_213' title='bbox 452 2422 553 2481; x_wconf 91' lang='lat' dir='ltr'>umidis</span> <span class='ocrx_word' id='word_1_214' title='bbox 568 2424 709 2499; x_wconf 88' lang='lat' dir='ltr'>nascitur,</span> <span class='ocrx_word' id='word_1_215' title='bbox 731 2432 760 2482; x_wconf 89' lang='lat' dir='ltr'>et</span> <span class='ocrx_word' id='word_1_216' title='bbox 776 2422 842 2483; x_wconf 91' lang='lat' dir='ltr'>huic</span> <span class='ocrx_word' id='word_1_217' title='bbox 858 2422 999 2501; x_wconf 90' lang='lat' dir='ltr'>spissandi</span> <span class='ocrx_word' id='word_1_218' title='bbox 1013 2424 1136 2501; x_wconf 78' lang='lat' dir='ltr'>refrige-</span> 
     </span>
     <span class='ocr_line' id='line_1_28' title="bbox 146 2503 1138 2585; baseline 0.003 -21"><span class='ocrx_word' id='word_1_219' title='bbox 146 2503 284 2581; x_wconf 87' lang='lat' dir='ltr'>randique</span> <span class='ocrx_word' id='word_1_220' title='bbox 299 2513 408 2579; x_wconf 86' lang='lat' dir='ltr'>natura,</span> <span class='ocrx_word' id='word_1_221' title='bbox 424 2506 537 2564; x_wconf 85' lang='lat' dir='ltr'>leminis</span> <span class='ocrx_word' id='word_1_222' title='bbox 551 2506 689 2566; x_wconf 84' lang='lat' dir='ltr'>cavenda.</span> <span class='ocrx_word' id='word_1_223' title='bbox 715 2506 785 2567; x_wconf 88' lang='lat' dir='ltr'>lolia</span> <span class='ocrx_word' id='word_1_224' title='bbox 799 2509 827 2565; x_wconf 94' lang='lat' dir='ltr'>in</span> <span class='ocrx_word' id='word_1_225' title='bbox 841 2509 907 2568; x_wconf 84' lang='lat' dir='ltr'>rino</span> <span class='ocrx_word' id='word_1_226' title='bbox 920 2510 984 2567; x_wconf 89' lang='lat' dir='ltr'>trita</span> <span class='ocrx_word' id='word_1_227' title='bbox 996 2508 1138 2585; x_wconf 81' lang='lat' dir='ltr'>virginum</span> 
     </span>
     <span class='ocr_line' id='line_1_29' title="bbox 146 2586 442 2647; baseline 0.003 -1"><span class='ocrx_word' id='word_1_228' title='bbox 146 2605 281 2647; x_wconf 89' lang='lat' dir='ltr'>mammas</span> <span class='ocrx_word' id='word_1_229' title='bbox 297 2586 442 2647; x_wconf 88' lang='lat' dir='ltr'>cohibent.</span> 
     </span>
    </p>

    <p class='ocr_par' dir='ltr' id='par_1_8' title="bbox 105 2670 1174 2981">
     <span class='ocr_line' id='line_1_30' title="bbox 105 2670 1138 2750; baseline 0.004 -20"><span class='ocrx_word' id='word_1_230' title='bbox 105 2681 138 2737; x_wconf 81' lang='lat'>77</span> <span class='ocrx_word' id='word_1_231' title='bbox 216 2671 299 2750; x_wconf 89' lang='grc'>(54.)</span> <span class='ocrx_word' id='word_1_232' title='bbox 319 2670 541 2748; x_wconf 83' lang='lat' dir='ltr'>Enneaphyllon</span> <span class='ocrx_word' id='word_1_233' title='bbox 554 2671 643 2748; x_wconf 82' lang='lat' dir='ltr'>longa</span> <span class='ocrx_word' id='word_1_234' title='bbox 663 2671 733 2732; x_wconf 87' lang='lat' dir='ltr'>lolia</span> <span class='ocrx_word' id='word_1_235' title='bbox 753 2689 864 2733; x_wconf 84' lang='lat' dir='ltr'>novena</span> <span class='ocrx_word' id='word_1_236' title='bbox 885 2673 973 2733; x_wconf 90' lang='lat' dir='ltr'>hahet</span> <span class='ocrx_word' id='word_1_237' title='bbox 992 2675 1138 2734; x_wconf 90' lang='lat' dir='ltr'>causticae</span> 
     </span>
     <span class='ocr_line' id='line_1_31' title="bbox 148 2753 1174 2834; baseline -0.001 -21"><span class='ocrx_word' id='word_1_238' title='bbox 148 2763 276 2814; x_wconf 87' lang='lat' dir='ltr'>naturae.</span> <span class='ocrx_word' id='word_1_239' title='bbox 307 2756 450 2832; x_wconf 90' lang='lat' dir='ltr'>inponitur</span> <span class='ocrx_word' id='word_1_240' title='bbox 465 2753 529 2815; x_wconf 87' lang='lat' dir='ltr'>lana</span> <span class='ocrx_word' id='word_1_241' title='bbox 544 2755 744 2817; x_wconf 84' lang='lat' dir='ltr'>circumdatum</span> <span class='ocrx_word' id='word_1_242' title='bbox 759 2774 796 2815; x_wconf 88' lang='lat' dir='ltr'>ue</span> <span class='ocrx_word' id='word_1_243' title='bbox 812 2766 875 2817; x_wconf 89' lang='lat' dir='ltr'>urat</span> <span class='ocrx_word' id='word_1_244' title='bbox 889 2756 984 2834; x_wconf 89' lang='lat' dir='ltr'>latius,</span> <span class='ocrx_word' id='word_1_245' title='bbox 1001 2758 1135 2817; x_wconf 87' lang='lat' dir='ltr'>continuo</span> <span class='ocrx_word' id='word_1_246' title='bbox 1148 2772 1174 2813; x_wconf 79' lang='lat' dir='ltr'>ao</span> 
     </span>
     <span class='ocr_line' id='line_1_32' title="bbox 147 2838 1137 2917; baseline 0.004 -22"><span class='ocrx_word' id='word_1_247' title='bbox 147 2840 221 2896; x_wconf 88' lang='lat' dir='ltr'>enim</span> <span class='ocrx_word' id='word_1_248' title='bbox 237 2838 353 2917; x_wconf 85' lang='lat' dir='ltr'>pusulas</span> <span class='ocrx_word' id='word_1_249' title='bbox 365 2839 488 2913; x_wconf 81' lang='lat' dir='ltr'>excitat,</span> <span class='ocrx_word' id='word_1_250' title='bbox 503 2838 662 2899; x_wconf 90' lang='lat' dir='ltr'>lumborum</span> <span class='ocrx_word' id='word_1_251' title='bbox 674 2839 823 2899; x_wconf 92' lang='lat' dir='ltr'>doloribus</span> <span class='ocrx_word' id='word_1_252' title='bbox 838 2849 867 2899; x_wconf 92' lang='lat' dir='ltr'>et</span> <span class='ocrx_word' id='word_1_253' title='bbox 883 2840 1071 2900; x_wconf 79' lang='lat' dir='ltr'>coxendicum</span> <span class='ocrx_word' id='word_1_254' title='bbox 1085 2842 1137 2901; x_wconf 93' lang='lat' dir='ltr'>uti-</span> 
     </span>
     <span class='ocr_line' id='line_1_33' title="bbox 146 2921 294 2981; baseline 0 -2"><span class='ocrx_word' id='word_1_255' title='bbox 146 2921 294 2981; x_wconf 89' lang='lat' dir='ltr'>lissimum.</span> 
     </span>
    </p>

    <p class='ocr_par' dir='ltr' id='par_1_9' title="bbox 105 3004 1175 3503">
     <span class='ocr_line' id='line_1_34' title="bbox 105 3004 1136 3081; baseline 0.002 -14"><span class='ocrx_word' id='word_1_256' title='bbox 105 3013 139 3067; x_wconf 80' lang='lat' dir='ltr'>tc</span> <span class='ocrx_word' id='word_1_257' title='bbox 209 3005 293 3081; x_wconf 86' lang='grc'>(55.)</span> <span class='ocrx_word' id='word_1_258' title='bbox 316 3004 425 3065; x_wconf 82' lang='lat' dir='ltr'>Felicis</span> <span class='ocrx_word' id='word_1_259' title='bbox 443 3004 499 3063; x_wconf 92' lang='lat' dir='ltr'>duc</span> <span class='ocrx_word' id='word_1_260' title='bbox 515 3022 624 3081; x_wconf 83' lang='lat' dir='ltr'>genera</span> <span class='ocrx_word' id='word_1_261' title='bbox 640 3005 809 3065; x_wconf 83' lang='lat' dir='ltr'>nachorem</span> <span class='ocrx_word' id='word_1_262' title='bbox 829 3005 935 3067; x_wconf 89' lang='lat' dir='ltr'>habent</span> <span class='ocrx_word' id='word_1_263' title='bbox 956 3024 1011 3067; x_wconf 87' lang='lat' dir='ltr'>nee</span> <span class='ocrx_word' id='word_1_264' title='bbox 1026 3024 1136 3069; x_wconf 87' lang='lat' dir='ltr'>semen.</span> 
     </span>
     <span class='ocr_line' id='line_1_35' title="bbox 148 3088 1136 3166; baseline 0.002 -20"><span class='ocrx_word' id='word_1_265' title='bbox 148 3090 250 3166; x_wconf 81' lang='lat' dir='ltr'>pterim</span> <span class='ocrx_word' id='word_1_266' title='bbox 265 3098 371 3148; x_wconf 84' lang='lat' dir='ltr'>vocant</span> <span class='ocrx_word' id='word_1_267' title='bbox 387 3088 498 3164; x_wconf 85' lang='lat' dir='ltr'>Graeci,</span> <span class='ocrx_word' id='word_1_268' title='bbox 515 3089 563 3149; x_wconf 89' lang='lat' dir='ltr'>alii</span> <span class='ocrx_word' id='word_1_269' title='bbox 577 3088 731 3165; x_wconf 84' lang='lat' dir='ltr'>blachnon,</span> <span class='ocrx_word' id='word_1_270' title='bbox 747 3089 827 3147; x_wconf 86' lang='lat' dir='ltr'>ouius</span> <span class='ocrx_word' id='word_1_271' title='bbox 839 3106 876 3148; x_wconf 89' lang='lat' dir='ltr'>ex</span> <span class='ocrx_word' id='word_1_272' title='bbox 890 3108 945 3149; x_wconf 91' lang='lat' dir='ltr'>una</span> <span class='ocrx_word' id='word_1_273' title='bbox 956 3089 1055 3150; x_wconf 89' lang='lat' dir='ltr'>radice</span> <span class='ocrx_word' id='word_1_274' title='bbox 1067 3107 1136 3150; x_wconf 92' lang='lat' dir='ltr'>con·</span> 
     </span>
     <span class='ocr_line' id='line_1_36' title="bbox 146 3171 1175 3250; baseline -0.001 -21"><span class='ocrx_word' id='word_1_275' title='bbox 146 3171 245 3249; x_wconf 88' lang='lat' dir='ltr'>plures</span> <span class='ocrx_word' id='word_1_276' title='bbox 264 3181 371 3231; x_wconf 88' lang='lat' dir='ltr'>exeunt</span> <span class='ocrx_word' id='word_1_277' title='bbox 389 3172 492 3231; x_wconf 79' lang='lat' dir='ltr'>felices</span> <span class='ocrx_word' id='word_1_278' title='bbox 511 3171 575 3231; x_wconf 89' lang='lat' dir='ltr'>bina</span> <span class='ocrx_word' id='word_1_279' title='bbox 597 3174 682 3231; x_wconf 88' lang='lat' dir='ltr'>etiam</span> <span class='ocrx_word' id='word_1_280' title='bbox 704 3171 798 3231; x_wconf 88' lang='lat' dir='ltr'>cubita</span> <span class='ocrx_word' id='word_1_281' title='bbox 820 3173 997 3234; x_wconf 84' lang='lat' dir='ltr'>excedentes</span> <span class='ocrx_word' id='word_1_282' title='bbox 1013 3173 1136 3250; x_wconf 82' lang='lat' dir='ltr'>longitu·</span> <span class='ocrx_word' id='word_1_283' title='bbox 1148 3187 1175 3228; x_wconf 81' lang='lat' dir='ltr'>as</span> 
     </span>
     <span class='ocr_line' id='line_1_37' title="bbox 148 3253 1138 3332; baseline 0.003 -19"><span class='ocrx_word' id='word_1_284' title='bbox 148 3253 230 3330; x_wconf 88' lang='lat' dir='ltr'>dine,</span> <span class='ocrx_word' id='word_1_285' title='bbox 252 3272 309 3314; x_wconf 93' lang='lat' dir='ltr'>non</span> <span class='ocrx_word' id='word_1_286' title='bbox 326 3273 432 3332; x_wconf 82' lang='lat' dir='ltr'>graves</span> <span class='ocrx_word' id='word_1_287' title='bbox 455 3254 555 3316; x_wconf 86' lang='lat' dir='ltr'>odore.</span> <span class='ocrx_word' id='word_1_288' title='bbox 587 3255 660 3315; x_wconf 92' lang='lat' dir='ltr'>hauc</span> <span class='ocrx_word' id='word_1_289' title='bbox 681 3272 787 3314; x_wconf 90' lang='lat' dir='ltr'>marem</span> <span class='ocrx_word' id='word_1_290' title='bbox 809 3257 979 3316; x_wconf 90' lang='lat' dir='ltr'>existimant.</span> <span class='ocrx_word' id='word_1_291' title='bbox 1017 3256 1138 3317; x_wconf 86' lang='lat' dir='ltr'>alterum</span> 
     </span>
     <span class='ocr_line' id='line_1_38' title="bbox 147 3338 1139 3418; baseline 0.003 -23"><span class='ocrx_word' id='word_1_292' title='bbox 147 3355 239 3414; x_wconf 80' lang='lat' dir='ltr'>genus</span> <span class='ocrx_word' id='word_1_293' title='bbox 259 3338 442 3417; x_wconf 79' lang='lat' dir='ltr'>thelypterim</span> <span class='ocrx_word' id='word_1_294' title='bbox 456 3339 558 3401; x_wconf 84' lang='lat' dir='ltr'>Graeci</span> <span class='ocrx_word' id='word_1_295' title='bbox 572 3347 687 3413; x_wconf 83' lang='lat' dir='ltr'>vocant,</span> <span class='ocrx_word' id='word_1_296' title='bbox 702 3338 750 3398; x_wconf 88' lang='lat' dir='ltr'>alii</span> <span class='ocrx_word' id='word_1_297' title='bbox 760 3340 948 3418; x_wconf 80' lang='lat' dir='ltr'>nymphaeam</span> <span class='ocrx_word' id='word_1_298' title='bbox 963 3342 1076 3417; x_wconf 89' lang='lat' dir='ltr'>pterim,</span> <span class='ocrx_word' id='word_1_299' title='bbox 1091 3349 1139 3399; x_wconf 84' lang='lat' dir='ltr'>est</span> 
     </span>
     <span class='ocr_line' id='line_1_39' title="bbox 147 3420 1138 3503; baseline 0.005 -23"><span class='ocrx_word' id='word_1_300' title='bbox 147 3430 242 3481; x_wconf 90' lang='lat' dir='ltr'>antem</span> <span class='ocrx_word' id='word_1_301' title='bbox 262 3424 416 3500; x_wconf 78' lang='lat' dir='ltr'>singularis</span> <span class='ocrx_word' id='word_1_302' title='bbox 429 3434 515 3503; x_wconf 90' lang='lat' dir='ltr'>atque</span> <span class='ocrx_word' id='word_1_303' title='bbox 537 3440 594 3483; x_wconf 94' lang='lat' dir='ltr'>non</span> <span class='ocrx_word' id='word_1_304' title='bbox 610 3420 765 3499; x_wconf 80' lang='lat' dir='ltr'>fruticosa,</span> <span class='ocrx_word' id='word_1_305' title='bbox 785 3422 903 3484; x_wconf 86' lang='lat' dir='ltr'>breuior</span> <span class='ocrx_word' id='word_1_306' title='bbox 917 3424 1090 3502; x_wconf 88' lang='lat' dir='ltr'>molliorque</span> <span class='ocrx_word' id='word_1_307' title='bbox 1107 3432 1138 3485; x_wconf 89' lang='lat' dir='ltr'>et</span> 
     </span>
    </p>
   </div>
   <div class='ocr_carea' id='block_1_3' title="bbox 0 0 1246 3817">
    <p class='ocr_par' dir='ltr' id='par_1_10' title="bbox 0 0 1246 3817">
     <span class='ocr_line' id='line_1_40' title="bbox 0 0 1246 3817; baseline 0 0"><span class='ocrx_word' id='word_1_308' title='bbox 0 0 1246 3817; x_wconf 95' lang='lat' dir='ltr'> </span> 
     </span>
    </p>
   </div>
  </div>
 </body>
</html>
