2484 3817
154 211 216 271 272
504 220 811 270 conrunsncnuon

199 302 222 338 l

153 394 288 453 mavere,
311 377 526 437 medicaminum
542 384 738 453 argumentum
753 383 815 450 est,
836 372 948 453 qnando
964 374 1033 435 nihil
1049 392 1154 437 eorum

149 461 181 523 'in
196 462 339 521 Patavinis
355 460 499 537 lontibus,
513 480 550 520 ne
566 460 664 519 odoris
683 458 796 539 quidem
812 457 971 519 differentia
987 459 1082 538 aliqua
1098 458 1152 521 de·

173 544 348 607 rehendltur.
465 570 468 573 ·
857 600 860 610 ,
1054 568 1056 579 ⁴

111 564 171 695 obp
221 629 304 707 (33.)
325 626 459 688 Medendi
475 627 575 687 modus
592 626 667 686 idem
686 635 715 686 et
727 628 756 686 in
776 626 890 687 marinis
906 627 960 687 erit
975 643 1049 706 quae
1070 626 1153 688 cale·

153 714 222 773 liunt
235 712 434 772 adnervorum
450 712 579 784 dolores,
594 710 791 770 feruminanda
805 710 965 769 airucturls
983 727 1061 787 ossa,
1078 722 1180 775 con-s

152 807 250 872 tunsa,
265 798 334 855 item
350 812 474 873 corpora
489 794 524 853 ad
539 794 689 870 siccanda,
701 812 757 873 qua
773 792 809 853 dc
820 812 907 854 causa
921 802 950 853 et
961 793 1065 870 frigido
1079 796 1157 855 marl

70 916 72 921 ,
154 888 276 939 utuntur.
308 888 462 957 praeterea
478 888 523 937 est
539 877 611 936 alius
628 896 696 937 usus
710 876 877 957 multiplex,
895 878 1062 958 principalis
1077 896 1156 938 vero

114 962 144 1048 ᾖ,
158 961 348 1039 ffinovigandi
365 962 469 1040 phthisi
484 960 615 1035 adiectis,
631 969 661 1020 ut
675 960 804 1037 diximus,
820 969 868 1021 aut
882 963 1021 1038 sanguine
1034 972 1156 1041 egesto,

156 1049 231 1107 sicut
254 1062 397 1124 proxume
417 1044 567 1104 Annaeum
585 1044 746 1105 Gallionem
760 1045 867 1105 iecisse
885 1054 953 1123 post
971 1046 1157 1105 consulatum

111 1131 343 1197 nomentanam.
370 1145 465 1207 neque
488 1131 563 1187 enim
585 1128 741 1208 Aegyptus
757 1138 879 1208 propter
899 1147 931 1188 se
952 1130 1073 1207 petitur,
1098 1130 1192 1193 sedro
1226 1168 1227 1217 q

69 1273 70 1280 ,
155 1208 277 1293 propter
291 1212 529 1289 longinquitatem
548 1212 711 1289 navigandi.
740 1213 809 1292 quin
825 1220 854 1271 et
869 1214 1041 1272 vomitiones
1065 1213 1155 1292 ipsae
1226 1226 1227 1255 l

154 1295 279 1357 instabili
301 1296 479 1355 volutatione
492 1304 644 1355 conmotae
667 1296 805 1376 plurumis
820 1296 929 1356 morbis
945 1296 1064 1375 capitis,
1082 1314 1155 1357 ocu·
1226 1292 1227 1327 ³

155 1382 264 1452 lorum,
279 1381 409 1456 pectoris
423 1379 573 1439 medentur
588 1379 777 1459 omnibusque
792 1389 913 1459 propter
930 1398 1003 1459 qnae
1018 1379 1156 1439 hellebo-

154 1482 216 1524 rum
230 1462 346 1521 bibitur.
361 1480 464 1541 aquam
479 1481 550 1524 vero
572 1455 659 1523 muris
675 1481 729 1542 per
751 1481 820 1523 sese
839 1463 1036 1524 efficaciorem
1057 1462 1155 1523 discu-

154 1546 260 1607 tiendis
273 1546 432 1606 tumoribus
446 1556 545 1626 putent
561 1546 682 1624 medici,
705 1548 729 1606 si
752 1547 801 1608 illa
825 1547 1004 1626 decoquatur
1028 1547 1155 1607 hordea·
1167 1572 1190 1613 rs

35 1704 38 1707 ⁴
156 1650 209 1692 cea
226 1630 335 1708 larina,
350 1630 386 1689 ad
402 1631 560 1710 parotidas.
591 1630 755 1709 emplastris
771 1632 866 1708 edam,
885 1650 1016 1692 maxume
1031 1630 1107 1691 albis
1127 1639 1156 1690 et

113 1715 334 1791 &malagmatis
348 1715 485 1791 miscent,
505 1714 627 1793 prodest
650 1724 679 1773 et
700 1716 794 1775 inlusa
817 1715 922 1776 crebro
942 1718 1009 1776 ictu.
1043 1714 1156 1774 bibitur

155 1817 289 1880 qnoque,
302 1800 430 1875 quamvis
444 1816 501 1859 non
513 1801 575 1859 sine
590 1800 691 1859 iniuria
706 1799 864 1877 stomachi,
879 1800 914 1859 ad
927 1798 1074 1877 purganda
1088 1815 1154 1857 cor·
1226 1800 1227 1867 i

156 1900 228 1962 pora
251 1881 396 1959 bilemque
416 1890 507 1941 atram
528 1892 576 1942 aut
596 1884 765 1959 sanguinem
786 1892 952 1944 concretum
977 1881 1155 1942 reddendum
1226 1868 1227 1913 l

155 1968 293 2027 alterutra
311 1974 404 2042 parte.
433 1966 546 2043 quidam
568 1968 646 2026 etin
670 1968 814 2043 quartanis
835 1965 943 2026 dedere
970 1984 1032 2026 eam
1052 1964 1189 2029 bibon-ro
1226 1970 1227 2001 f

157 2050 220 2109 daur
236 2056 266 2106 et
278 2049 308 2105 in
318 2049 455 2108 tenesmis
469 2049 700 2127 articulariisque
715 2050 824 2109 morbis
841 2050 1035 2127 adservatam,
1051 2051 1081 2107 in
1097 2049 1155 2107 hoc
1226 2050 1227 2061 ¹

157 2139 301 2191 vetustate
315 2132 395 2191 vims
410 2131 614 2210 deponentem.
640 2133 728 2211 aliqui
743 2134 910 2209 decoctam,
926 2152 1025 2193 omnes
1041 2150 1079 2192 ex
1095 2132 1154 2192 alto
1226 2142 1227 2145 ’

157 2217 286 2276 haustam
297 2214 433 2294 nullaque
444 2215 568 2276 dulcium
579 2215 700 2275 mixtura
712 2224 884 2295 corruptam,
899 2218 927 2275 in
940 2235 996 2295 quo
1007 2235 1058 2276 usu
1068 2232 1154 2294 prac-
1202 2228 1205 2235 ·

159 2298 265 2359 cedere
282 2300 419 2359 vomitum
435 2299 551 2375 volunt,
573 2307 640 2359 tunc
657 2318 772 2379 quoqne
793 2309 903 2360 acetum
923 2309 971 2360 aut
992 2302 1087 2360 vinnm
1120 2314 1154 2356 ea

115 2394 149 2449 65
161 2400 236 2461 aqua
255 2382 386 2442 miscent.
426 2383 474 2461 qni
495 2400 595 2460 puram
616 2383 725 2444 dedere
745 2383 890 2462 raphanos
913 2382 1096 2464 supermandi
1117 2398 1185 2440 exos

157 2468 251 2527 mulso
268 2475 353 2527 aceto
367 2466 481 2544 iubent,
500 2475 531 2526 ut
545 2466 580 2527 ad
604 2468 778 2527 vomitiones
791 2474 941 2527 revocent.
981 2465 1152 2541 clysteribus

160 2568 277 2631 quoque
294 2552 430 2610 marinam
453 2550 602 2611 infundunt
620 2551 805 2630 tepeluctum.
841 2551 956 2610 testium
978 2551 1092 2629 quidem
1111 2558 1152 2607 tn-

158 2636 232 2694 mori
256 2632 382 2694 lovendo
408 2650 468 2693 non
489 2633 565 2695 aliud
586 2634 771 2713 praeierunt,
799 2633 866 2694 item
888 2636 1057 2714 pernionum
1081 2632 1152 2691 vitio

159 2728 225 2779 ante
236 2718 351 2795 ulcera,
365 2718 449 2777 simili
463 2718 549 2778 modo
564 2718 736 2797 pruritibus,
755 2719 851 2797 psoris
868 2725 898 2777 et
911 2718 1056 2777 lichenum
1067 2730 1152 2775 cura·

159 2803 239 2862 tioni.
267 2801 368 2861 lendes
386 2818 501 2880 quoque
519 2812 548 2868 et
559 2811 650 2863 taetra
666 2803 768 2880 capitis
787 2801 916 2862 animalia
935 2802 989 2863 huc
1010 2807 1151 2871 curantur,
1161 2808 1184 2851 tu

159 2894 191 2944 ut
205 2886 321 2945 liventia
335 2883 449 2944 reducit
464 2884 565 2946 eadem
580 2885 616 2945 ad
630 2885 768 2945 colorem.
799 2887 827 2944 in
842 2885 944 2963 quibus
960 2881 1152 2945 curationibus

160 2968 471 3048 postmarinam·aceto
486 2969 581 3030 calido
598 2969 702 3028 lovere
715 2969 873 3047 plurumum
886 2967 1016 3047 prodest.
1048 2966 1114 3044 quin
1124 2968 1152 3019 et

160 3052 197 3112 ad
210 3055 284 3112 ictus
300 3062 460 3113 venenatos
477 3054 608 3113 salutaris
629 3052 822 3131 intellegitur,
838 3062 867 3113 ut
890 3051 1106 3131 phalangiorum
1123 3050 1151 3103 et

160 3138 355 3215 scorpionum,
368 3146 398 3197 et
408 3137 512 3215 ptyade
522 3137 558 3198 ab
573 3136 674 3215 aspide
686 3137 841 3215 respersis,
857 3134 949 3196 calida
962 3144 1056 3193 autem
1069 3134 1097 3191 in
1107 3128 1150 3187 his

118 3230 153 3285 66
164 3219 329 3279 adsumitur.
362 3220 473 3281 suilitur
490 3222 590 3281 eadem
605 3238 669 3279 cum
692 3228 776 3279 aceto
793 3221 894 3299 capitis
909 3217 1065 3279 doloribus.
1092 3223 1181 3272 tor-at

161 3305 235 3363 minu
259 3321 374 3383 quoque
402 3315 431 3364 et
458 3305 604 3365 choleram
632 3303 723 3364 calida
751 3303 842 3362 inlusa
865 3300 1038 3377 clysteribus
1060 3295 1148 3360 sedat.

162 3384 305 3446 difficilius
324 3388 537 3467 peririgescunt
555 3388 662 3447 marina
678 3386 828 3446 calefacta.
854 3402 987 3446 mammas
1010 3382 1149 3444 sororicu-

162 3469 214 3547 tis,
228 3471 400 3549 praecordia
414 3474 591 3549 maciemque
608 3472 741 3549 corporis
755 3471 883 3549 piscinae
895 3469 979 3530 maris
994 3468 1148 3543 corrigunt,
