2484 3817
291 195 371 242 aar.
394 187 690 271 sursumsunt.
714 179 862 260 (as-31.)
1020 175 1076 238 161

92 353 170 428 magis
185 367 269 429 quam
284 347 455 410 accendens.
478 355 545 407 suut
561 348 609 425 qui
626 347 793 425 praeferant
805 345 946 408 Arabicas
960 347 1079 424 Indicis,

91 431 260 512 fumidaeque
283 431 465 509 chrysolitho
484 431 551 491 illas
568 431 669 492 similis
693 430 797 491 dicant.
832 427 970 492 ismenias
991 441 1080 510 negat

92 517 168 598 poliri
181 518 348 578 sandastros
363 523 487 594 propter
502 515 697 592 teneritatem,
713 522 744 574 et
758 512 796 573 ob
812 511 839 571 id
851 531 954 592 magno
966 520 1077 578 venire.

92 613 148 662 sunt
164 601 274 681 quibas
286 600 455 660 sandrisitas
472 605 589 673 vocent.
613 599 691 658 inter
708 597 799 656 omnis
816 606 930 657 constat
945 610 1079 678 quantum

72 704 198 747 enumero
215 685 365 745 stellarum
375 683 494 742 accedat
506 690 613 741 tantum
628 690 659 741 et
673 681 770 759 pretio
785 680 937 742 accedere.
952 683 1058 743 Adfert
1071 694 1122 748 102

89 769 230 849 aliquando
253 786 385 829 errorem
407 765 564 826 similitudo
593 766 717 824 nominis
741 763 899 824 sandaresi.
935 763 1079 828 Nicander

88 853 269 914 sandaresion
285 859 389 928 vocat,
413 849 462 908 alii
482 848 677 924 sandaracam,
705 847 818 926 quidam
834 864 905 908 vero
928 849 1079 910 hancsan·

87 923 214 1012 dadtron,
229 936 308 996 illam
324 934 526 1010 sandaresum,
546 934 575 992 in
590 932 671 992 India
685 939 853 993 nascentem
868 931 945 992 illam
963 951 1079 1010 quoque
1110 963 1115 973 ¹

87 1030 115 1080 et
138 1020 193 1079 loci
221 1037 327 1081 nomen
353 1017 581 1093 custodientem,
606 1016 674 1077 mali
697 1016 800 1077 colore
821 1024 870 1076 aut
891 1015 950 1077 olei
966 1017 1079 1092 viridis,

55 1104 210 1165 nomnibus
225 1104 416 1180 inprobatam.

142 1188 222 1266 (29.)
242 1186 289 1246 Ex
304 1187 408 1260 eodem
420 1204 533 1264 genere
547 1184 709 1246 ardentium
725 1193 772 1245 est
787 1183 898 1260 lychnis
913 1184 1122 1263 appellata103

15 1282 18 1291 ¹
85 1291 100 1331 a
113 1272 291 1332 lucernarum
303 1289 439 1346 accensu,
455 1279 513 1328 tum
526 1271 702 1348 praecipuae
717 1269 838 1346 gratiae.
856 1271 984 1329 nascitur
1001 1269 1077 1329 circa

85 1354 245 1415 Orthosiam
261 1364 380 1432 totaque
393 1352 476 1413 Garia
491 1372 526 1413 ac
540 1355 642 1413 uicinis
659 1352 746 1429 locis,
762 1352 1035 1430 sedprobatissima
1051 1355 1079 1414 in
1134 1371 1136 1378 ¹

82 1439 165 1498 ludis.
196 1439 308 1517 quidam
328 1439 527 1498 remissiorem
544 1436 749 1498 carbunculum
770 1454 838 1495 esse
859 1437 1010 1513 dixerunt,
1032 1457 1078 1498 se·

51 1522 197 1585 secundam
216 1523 347 1582 bonitate
364 1540 438 1600 quae
453 1520 555 1599 similis
576 1529 659 1580 esset
674 1519 754 1578 lovis
773 1519 928 1596 appellatis
945 1519 1077 1582 boribus.

50 1672 55 1685 ,
81 1614 110 1665 et
132 1606 202 1666 alias
228 1607 347 1666 invenio
373 1606 572 1680 differentias,
597 1621 681 1662 unam
698 1613 773 1681 quae
795 1620 951 1680 purpuram
973 1603 1077 1680 radiet,

78 1690 198 1750 alteram
213 1707 288 1767 quae
304 1705 441 1763 coccum,
455 1686 507 1745 bas
524 1687 589 1745 sole
604 1685 778 1746 excalfactas
797 1694 846 1746 aut
861 1689 959 1747 attritu
974 1687 1079 1765 digito·

77 1792 139 1832 rum
153 1772 255 1851 paleas
271 1780 301 1831 et
314 1770 476 1829 chartarum
491 1769 537 1829 iila
553 1770 588 1829 ad
603 1787 638 1829 se
652 1775 766 1848 rapere.

138 1856 222 1933 (30.)
253 1854 316 1913 Hoc
338 1853 464 1913 memet
480 1849 680 1914 Carchedonia
701 1853 801 1916 lacere
818 1852 938 1930 dieitur,
964 1867 1122 1933 quam-104

43 1963 69 2002 ao
79 1956 163 2016 quam
176 1937 267 1998 multo
281 1937 370 1997 vilior
384 1935 550 2016 praedietis.
572 1938 700 1996 nascitur
713 1936 749 1997 ad
763 1937 940 1998 Nasamonas
956 1939 985 1998 in
1000 1957 1079 1999 mon·

16 2069 18 2073 .
78 2022 175 2099 tibus,
195 2020 309 2081 incolae
331 2028 447 2099 putant,
471 2021 577 2081 divine.
610 2021 794 2081 inueniuntur
820 2020 855 2081 ad
875 2011 1079 2100 repercussum
1145 2021 1150 2034 ‘

75 2105 164 2165 lunae
180 2123 312 2164 maxume
329 2105 446 2183 plenae,
462 2103 667 2182 Carthaginem
682 2105 825 2182 quondam
840 2104 1078 2182 deportabantur.
1120 2099 1123 2106 ¹

75 2189 243 2249 Archelaus
266 2198 296 2248 et
316 2189 345 2248 in
362 2188 502 2267 Aegypto
520 2191 598 2248 circa
615 2186 731 2248 Thebas
750 2190 830 2250 nasci
849 2188 935 2272 tradit
952 2190 1077 2268 fragilis,

74 2291 224 2349 venosas,
251 2273 386 2333 morienti
411 2272 531 2333 carboni
557 2271 668 2332 similis.
713 2273 829 2350 potoria
850 2289 888 2332 ex
905 2273 1014 2334 haret
1040 2293 1079 2334 ex

37 2356 219 2433 aalychnide
239 2358 371 2417 lectitata
395 2357 530 2432 invenio,
558 2359 652 2416 omnia
673 2364 769 2416 antem
786 2356 860 2416 haec
881 2375 992 2434 genera
1010 2376 1078 2428 cun·

73 2441 231 2500 tumaciter
261 2439 425 2518 scalpturae
451 2441 591 2499 resistunt
624 2447 793 2519 partemque
821 2441 849 2500 in
875 2443 961 2518 signo
989 2459 1077 2502 cerae

73 2530 189 2581 tenent.
719 2565 722 2572 .

138 2605 224 2684 (31.)
249 2605 274 2664 Ε
294 2608 413 2668 diverso
433 2606 561 2668 adhaec
583 2607 668 2669 sarda
690 2609 840 2669 utilissima
857 2626 931 2686 quae
952 2621 1120 2674 nomeu105

72 2707 142 2748 cum
156 2689 338 2766 sardonyche
353 2693 581 2752 communicavit.
609 2693 672 2770 ipsa
685 2693 816 2770 volgaris
831 2700 861 2751 et
876 2695 996 2768 primum
1011 2692 1086 2752 Sar.

31 2772 164 2836 sodlbus
186 2781 322 2852 reperta,
345 2773 399 2833 sed
422 2775 617 2836 laudatissima
639 2777 716 2837 circa
731 2775 896 2853 Babylona,
920 2794 983 2835 cum
1005 2777 1076 2855 lapi·

69 2856 195 2916 cidinae
211 2856 349 2933 quaedam
364 2858 558 2936 appellantur,
570 2858 727 2920 haerentes
743 2861 772 2918 in
788 2876 860 2918 saxo
876 2859 973 2918 cordis
988 2861 1074 2921 modo

68 2942 274 3018 reperiuntur.
307 2939 365 2999 boc
384 2941 530 3001 metallum
557 2941 638 3020 apud.
653 2942 759 3003 Persas
784 2942 928 3003 defecisse
950 2943 1075 3021 tradunt,

69 3023 131 3084 sed
160 3025 346 3083 inveniuntur
364 3025 551 3103 conpluribus
570 3026 636 3086 aliis
656 3026 730 3086 locis
746 3034 777 3085 ut
798 3027 827 3086 in
841 3025 917 3088 Paro
939 3035 970 3086 et
985 3026 1075 3104 Asso,

66 3109 102 3166 in
132 3106 217 3168 Iudia
244 3109 329 3167 trium
353 3125 508 3184 generum:
539 3110 646 3170 rubrae
677 3117 707 3169 et
731 3128 802 3188 quas
830 3111 945 3189 pionias
971 3121 1076 3170 uocant

24 3209 86 3258 aaa
104 3191 332 3269 pinguitudine,
357 3193 474 3250 tertium
495 3210 587 3269 genus
610 3201 657 3253 est
681 3193 758 3270 quod
780 3195 929 3270 argenteis
949 3193 1073 3264 bratteis

66 3275 239 3337 sublinunt.
268 3274 383 3334 Indicae
398 3275 566 3353 perlucent,
580 3278 743 3337 crassiores
757 3285 822 3338 sunt
836 3277 988 3339 Arabicae.
1017 3280 1118 3343 in-106

63 3360 235 3418 veniuntur
249 3368 280 3426 et
293 3361 369 3420 circa
387 3357 519 3444 Leucada
534 3359 615 3438 Epiri
632 3368 662 3421 et
677 3361 705 3419 in
717 3361 856 3440 Aegypto
873 3379 946 3438 quae
961 3362 1074 3423 brattea

62 3459 170 3502 aurea
186 3443 375 3504 sublinuntur.
407 3451 438 3502 et
453 3445 483 3503 in
501 3442 546 3502 his
562 3452 658 3506 autem
671 3462 766 3505 mares
783 3446 935 3506 excitatius
950 3445 1074 3524 lulgent,

113 3543 200 3588 entur
214 3545 282 3600 aar.
298 3545 373 3592 nrsr.
388 3529 425 3588 V.
508 3583 510 3590 .
876 3531 910 3590 ll
