2484 3817
347 214 849 295 unr.n1sr.xnxr.a.(ar-at.)
1030 218 1093 280 tot

99 394 192 441 aerea
206 380 334 439 inliciunt
347 388 396 439 aut
412 381 437 438 si
455 380 600 456 legumina
617 381 699 441 tarde
720 390 894 461 percocunt,
918 386 942 443 si
966 384 1093 461 liquatae

100 465 207 524 leniter
223 472 328 522 terram
343 463 485 522 relincunt
506 463 705 543 decoctaeque
728 468 834 525 crassis
855 466 1000 527 obducunt
1021 486 1092 528 rasa

100 548 215 607 crustis.
237 555 280 604 est
292 547 441 605 etiamnum
451 547 549 605 ritinm
557 560 614 609 eon
626 546 751 607 iaetidae
763 547 848 608 modo
861 566 961 609 uerum
973 552 1087 611 omnino
1099 558 1134 615 37

100 631 254 710 quicquam
282 630 461 706 recipientis,
493 629 643 688 iucundum
671 630 706 689 sit
734 631 804 692 illud
827 632 897 692 licet
922 642 1092 710 gratumque

77 722 131 779 set
146 721 177 771 ut
190 729 279 789 saepe
295 710 331 771 ad
345 712 476 770 viciniam
490 711 574 771 lactis
585 713 738 773 accedens.
765 732 867 793 aquam
878 715 1020 775 salubrem
1032 718 1093 775 aeri

101 812 186 875 quam
200 794 369 853 simillimam
379 812 446 853 esse
461 803 585 871 oportet.
614 814 687 855 unns
702 799 729 855 in
741 807 802 858 toto
813 798 885 857 orbe
898 799 1017 857 traditur
1027 798 1093 859 lons

100 894 194 956 aquae
212 876 335 937 iucunde
351 877 455 936 olentis
474 879 504 935 in
517 878 725 956 Mesopotamia
745 880 887 941 Chabura.
916 880 1032 941 tabulae
1046 900 1091 940 ra·

100 962 206 1021 tionem
219 960 361 1035 adierunt,
375 960 507 1038 quoniam
519 978 556 1020 eo
569 961 638 1020 lnno
652 963 768 1039 perlusa
780 965 825 1023 sit.
845 964 881 1023 de
893 972 992 1023 cetero
1005 982 1092 1042 aqua-

100 1062 161 1103 rum
178 1043 332 1103 salubrium
346 1060 434 1120 sapor
450 1042 559 1103 odorve
573 1044 667 1103 nullus
682 1062 748 1105 esse
763 1047 859 1107 debet.

66 1145 91 1185 ro
165 1125 249 1204 (23.)
272 1124 392 1198 Quidam
408 1134 514 1185 statera
528 1127 653 1187 iudicant
673 1128 708 1189 de
730 1130 908 1205 salubritate,
931 1126 1137 1193 frustrante'es

101 1210 267 1286 diligentia,
289 1207 401 1287 quando
419 1226 567 1287 perrarum
582 1220 626 1270 est
646 1221 675 1271 ut
690 1213 783 1273 levior
798 1215 834 1272 sit
849 1214 953 1290 aliqua.
985 1212 1093 1271 certior

101 1292 244 1353 subtilitas
258 1294 332 1351 inter
346 1293 423 1370 paris
447 1292 593 1353 meliorem
617 1313 685 1354 esse
707 1313 780 1373 quae
802 1296 916 1356 caleliat
935 1295 1093 1370 refrigera-

99 1386 204 1454 tnrque
220 1374 353 1434 celerius.
382 1377 448 1452 quin
463 1385 491 1436 ct
511 1376 637 1437 haustam
653 1379 750 1453 rasis,
772 1396 809 1438 ne
823 1396 922 1439 manus
937 1378 1093 1458 pendeant,

100 1458 299 1538 depositisque
314 1459 342 1517 in
358 1458 468 1518 humum
485 1468 639 1538 tepescere
652 1460 808 1522 adfirmant.
837 1480 873 1521 ex
885 1478 1008 1539 quonam
1019 1478 1092 1536 ergo

67 1558 210 1620 cegeuene
229 1558 359 1600 maxume
375 1542 534 1620 probabilis
552 1542 720 1621 continget?
751 1548 844 1621 puteis
859 1546 1003 1616 nimirum,
1019 1545 1092 1601 utin

101 1624 216 1706 oppidis
227 1623 312 1686 video
326 1634 471 1701 constare,
481 1626 533 1684 sed
543 1626 587 1685 his
602 1627 705 1703 quibus
717 1626 932 1685 exercitationis
945 1627 1017 1683 ratio
1030 1642 1092 1683 cre·

99 1712 154 1770 bro
167 1709 270 1768 lraustu
285 1709 423 1784 contingit
434 1716 464 1767 et
477 1708 527 1767 illa
544 1712 666 1767 tenuitas
679 1708 792 1767 colante
810 1716 896 1765 terra.
923 1706 1089 1765 salubritati
1100 1719 1134 1772 39

100 1795 175 1853 baec
193 1793 261 1851 satis
277 1801 351 1850 sunt.
383 1791 484 1866 frigori
499 1798 529 1848 et
542 1793 672 1867 opacitas
689 1790 853 1849 necessaria
876 1798 961 1867 utque
980 1788 1092 1846 caelum

101 1876 226 1935 videant.
253 1892 342 1951 super
352 1874 445 1931 omnia
455 1889 509 1931 una
521 1871 687 1932 observatio
698 1904 740 1917 -
755 1872 853 1931 cadem
868 1881 897 1931 et
908 1872 943 1931 ad
958 1872 1090 1950 perenni·

66 1978 94 2019 no
103 1968 187 2019 tatem
201 1960 325 2037 pertinet
334 1988 387 2031 —-,
399 1956 456 2013 imo
471 1964 501 2013 ut
515 1954 563 2014 illa
574 1974 591 2013 e
604 1956 677 2015 vado
690 1956 804 2015 exsiliat
815 1972 898 2031 rena,
913 1972 970 2015 non
986 1972 1003 2012 e
1018 1954 1090 2013 late·

102 2042 189 2101 ribus.
221 2058 285 2100 nam
298 2048 326 2099 ut
338 2047 414 2098 tactu
424 2037 520 2115 gelida
530 2040 566 2097 sit
581 2041 664 2098 etiam
677 2048 738 2099 arte
750 2040 899 2115 contingit,
912 2040 937 2098 si
949 2053 1091 2116 expressa

101 2127 130 2184 in
151 2126 237 2184 altum
252 2132 299 2184 aut
314 2141 331 2181 e
349 2121 459 2181 sublimi
475 2121 586 2180 deiecta
602 2120 783 2181 verberatum
795 2124 938 2199 conripiat
953 2139 1030 2180 aera.
1061 2122 1088 2179 in

99 2207 224 2267 natando
237 2206 349 2284 quidem
359 2204 842 2285 spiritumcontinentibnsirigidior
852 2204 1088 2265 sentitureadem.

100 2291 225 2349 Neronis
248 2290 385 2366 principis
408 2290 551 2347 inventum
571 2298 616 2347 est
643 2289 807 2365 decoquere
829 2306 930 2366 aquarn
955 2289 1132 2365 vitroquelo

64 2394 92 2433 aa
103 2374 255 2433 demissam
277 2372 394 2430 inunivis
413 2371 600 2447 refrigerare.
639 2373 677 2430 ita
695 2372 829 2449 voluptas
846 2372 964 2447 frigoris
981 2371 1088 2429 contin·

101 2460 144 2532 git
159 2457 220 2512 sine
238 2456 312 2514 vitiis
328 2456 410 2514 nivis.
440 2471 551 2513 omnem
568 2454 665 2531 utique
686 2455 835 2513 decoctam
857 2456 999 2513 utiliorem
1021 2469 1088 2511 esse

104 2537 254 2613 convenit,
268 2540 336 2596 item
351 2538 519 2598 calefactam
533 2539 626 2613 magis
641 2537 821 2614 relrigerari,
843 2536 1027 2596 subtilissimo
1048 2536 1088 2592 in·

100 2628 200 2678 vento.
233 2621 355 2679 vitiosae
369 2638 461 2697 aquae
473 2620 629 2680 remedium
643 2630 702 2696 est,
720 2621 744 2678 si
763 2620 940 2697 decoquatur
956 2618 991 2678 ad
1008 2617 1087 2677 dimi·

103 2702 165 2762 dias
185 2704 281 2777 partis.
311 2702 393 2780 Aqua
408 2703 512 2780 frigida
528 2705 642 2779 ingesta
664 2704 771 2762 sistitur
792 2704 916 2779 sanguis.
947 2709 1043 2761 aestus
1059 2702 1087 2760 in

64 2785 224 2851 mbalineis
240 2793 368 2861 arcetur,
384 2788 408 2843 si
425 2789 489 2863 quis
505 2804 556 2847 ore
572 2794 677 2846 teneat.
704 2803 778 2862 quae
801 2794 864 2845 sunt
884 2786 986 2845 haustu
1006 2784 1086 2859 frigi·

103 2870 239 2930 dissimae
259 2883 314 2925 non
333 2868 451 2945 perinde
473 2878 502 2927 et
522 2877 599 2928 tactu
624 2885 708 2943 esse,
735 2867 894 2927 alternante
919 2866 977 2925 hoc
1000 2865 1087 2941 bono,

102 2952 181 3012 multi
199 2949 329 3009 familiari
344 2950 478 3028 exemplo
494 2952 641 3027 colligunt.

165 3033 249 3114 (24.)
273 3030 436 3092 Clarissima
450 3051 585 3111 aquarum
600 3033 720 3091 omnium
735 3034 763 3091 in
774 3040 836 3093 toto
852 3031 941 3107 orbe,
962 3032 1079 3107 trigoris
1094 3043 1128 3095 41

102 3116 333 3193 salubritatisque
355 3116 447 3193 palma
470 3118 624 3194 praeconio
644 3115 723 3174 urbis
740 3115 846 3175 Marcia
864 3124 909 3173 est
931 3117 1004 3173 inter
1019 3114 1085 3173 reli·

64 3218 159 3278 nsque
178 3199 258 3258 deum
286 3214 403 3258 munera
431 3199 494 3257 urbi
517 3198 630 3258 tributa.
665 3199 822 3258 vocabatur
846 3197 920 3256 lraec
946 3198 1087 3275 quondam

101 3282 220 3357 Anicia,
242 3283 307 3340 lons
322 3290 416 3340 autem
430 3282 624 3358 ipseiitouia.
655 3282 743 3340 oritur
759 3283 788 3339 in
810 3280 924 3339 ultumis
944 3282 1086 3340 montibus

101 3365 298 3441 Pelignorum,
314 3365 414 3425 transit
428 3362 539 3423 llarsoa
559 3373 587 3422 et
601 3364 737 3422 Fucinum
756 3362 866 3434 lacum,
888 3361 1005 3421 Romam
1027 3380 1086 3423 non

100 3448 186 3507 dubie
202 3456 314 3527 petens.
345 3464 414 3507 mox
426 3448 455 3504 in
469 3463 575 3523 specus
595 3462 689 3504 mersa
705 3446 734 3503 in
748 3444 894 3505 Tiburtina
915 3448 1086 3524 saeperita
