2484 3817
266 254 267 264 ἵ
357 182 434 228 nnn.
457 180 545 229 utsu.
568 181 691 227 xxmu.
711 181 734 232 1.
752 169 867 246 (2-5.)
1088 169 1108 227 5

120 337 210 394 miror
223 334 357 413 Tarquini
374 336 436 393 eius
454 342 574 393 statuam
588 323 651 393 sine
670 333 756 394 anulo
778 352 855 393 esse.
891 350 1058 410 quamquam
1079 340 1109 393 et

121 419 157 478 de
172 420 287 477 nomine
303 419 369 495 ipso
387 418 493 493 ambigi
509 417 603 477 video.
642 415 743 475 Graeci
766 416 895 493 adigitis
910 414 1108 493 appellavere,

20 498 22 503 ’
121 500 195 579 apud
209 518 262 561 nos
276 502 364 578 prisci
380 500 513 577 ungulum
527 499 680 574 vocabant,
695 508 797 575 postea
811 509 842 558 et
854 497 957 557 Graeci
972 507 1002 558 et
1015 500 1108 557 nostri

122 583 288 659 symbolum.
320 582 421 660 hongo
436 590 518 643 certe
534 592 667 659 tempore
682 600 720 640 ne
735 591 863 641 senatum
878 581 990 659 quidem
1004 581 1106 640 Roma·
1117 592 1149 643 ll

100 684 185 725 snum
207 666 342 727 habuisse
367 684 471 727 aureos
492 666 671 725 manifestum
693 673 756 739 est,
783 664 978 741 siquidem'iis
1003 673 1109 723 tantum

120 752 168 827 qui
183 750 271 827 legati
288 749 322 809 ad
337 758 453 809 exteras
469 750 565 825 gentis
580 750 647 807 ituri
666 754 769 807 essent
783 748 858 807 anuli
873 745 989 825 publice
1005 747 1121 806 debens
1155 776 1162 789 ι

119 841 183 907 tur,
204 833 309 908 credo,
331 833 464 910 quoniam
480 834 520 891 ita
537 840 702 893 exterorum
717 830 932 890 honoratissimi
953 829 1107 905 intellege·

121 915 232 975 bantur.
263 934 358 993 neque
371 916 486 973 aliis'uti
499 932 561 973 mos
577 915 630 974 luit
644 931 727 990 quam
742 915 789 990 qui
803 932 840 973 ex
851 931 885 972 ea
897 931 980 973 causa
994 911 1108 990 publice

121 1000 317 1076 accepissent,
341 998 488 1075 volgoque
505 1000 547 1057 sic
563 996 789 1074 triumphabant,
814 1005 844 1055 et
863 1015 925 1055 cum
943 1014 1052 1055 corona
1071 1015 1109 1054 ex

87 1097 191 1141 mauro
212 1080 334 1139 Etrusca
356 1083 548 1140 sustineretur
568 1099 583 1139 a
606 1090 708 1157 tergo,
731 1079 831 1138 anulus
855 1090 950 1139 tamen
971 1082 1000 1139 iu
1016 1080 1108 1157 digito

115 1165 233 1223 ierreus
256 1171 319 1223 crat
343 1181 435 1240 aeque
456 1163 654 1240 triumphantia
679 1172 712 1222 et
733 1164 811 1224 servi
829 1163 955 1223 fortasse
973 1180 1109 1222 coronam

121 1247 297 1305 sustinentis.
335 1248 376 1306 sic
396 1246 578 1325 triumphavit
600 1246 637 1305 de
651 1245 787 1323 Iugurtha
803 1243 836 1308 (l.
850 1237 957 1305 Marius
979 1256 1150 1309 aureum-12

122 1346 178 1406 que
192 1340 250 1387 non
264 1337 328 1389 ante
341 1332 456 1389 tertium
470 1329 648 1389 consulatum
665 1332 824 1407 sumpsisse
840 1329 968 1389 traditur.
991 1329 1020 1389 hi
1039 1347 1109 1407 quo·

120 1430 176 1489 que
193 1412 240 1489 qni
258 1412 296 1471 ob
312 1412 487 1489 legationem
508 1421 681 1491 acceperant
695 1430 800 1472 aureos
816 1414 847 1496 in
866 1412 983 1489 publico
1001 1422 1108 1471 tantum

86 1510 110 1550 15
121 1495 273 1555 utebantur
284 1497 336 1572 iis,
351 1498 425 1557 intra
437 1496 536 1556 domos
549 1498 756 1569 semiermis,
772 1495 829 1569 quo
842 1505 1010 1569 argumento
1022 1498 1108 1555 etiam

119 1596 193 1638 nunc
212 1596 337 1656 sponsae
355 1580 481 1639 muneris
504 1581 569 1639 vice
597 1579 712 1638 ferreus
737 1575 837 1635 anulus
859 1578 1003 1653 mittitur,¹
1024 1580 1107 1656 isque

120 1663 183 1720 sine
206 1680 324 1737 gemma.
366 1661 505 1738 Equidem
526 1678 581 1719 nec
599 1660 695 1718 lliaeis
719 1659 897 1736 temporibus
917 1661 993 1719 ullos
1015 1662 1106 1721 luisse

120 1743 220 1802 anulos
236 1743 333 1819 video,
344 1761 481 1819 nusquam
496 1751 576 1801 certe
588 1741 729 1800 homerus
742 1742 821 1817 dicit,
833 1761 895 1802 cum
911 1751 940 1801 et
955 1743 1106 1804 codicillos

121 1827 278 1885 missitatos
295 1826 481 1904 epistularum
496 1826 587 1900 gratia
605 1824 712 1883 indicet
730 1834 760 1884 et
777 1826 905 1885 conditas
923 1828 998 1885 arcis
1015 1830 1106 1887 vestis

85 1922 155 1967 roae
169 1926 237 1967 vasa
252 1925 338 1985 aurea
353 1915 558 1984 argenteaque,
576 1916 606 1967 et
620 1926 671 1968 eas
687 1908 844 1985 conligatae
860 1910 939 1984 nodi,
955 1928 1013 1969 non
1029 1912 1105 1971 anuli

120 1999 196 2049 nota.
226 1992 324 2049 sortiri
343 2008 458 2067 quoquc
473 1999 573 2050 contra
589 1995 813 2069 provocationes
836 1993 924 2051 doces
942 2011 999 2053 non
1013 1994 1105 2054 anulis

121 2073 214 2133 tradit.
249 2073 377 2133 fabricae
399 2075 483 2133 etiam
498 2074 582 2133 deum
606 2074 707 2134 fibulas
727 2083 757 2135 et
778 2075 833 2135 alia
846 2075 994 2136 muliebris
1011 2077 1104 2137 cultus

120 2159 195 2217 sicut
214 2158 321 2216 inauris
342 2159 371 2217 in
391 2157 547 2234 primordio
568 2158 734 2233 lectitasse,
752 2160 815 2217 sine
836 2161 982 2219 mentione
1007 2160 1105 2235 anulo·

120 2248 189 2299 rum.
224 2238 261 2299 Et
275 2241 404 2317 quisquis
420 2241 527 2318 primus
548 2241 671 2299 instituit
687 2250 853 2301 cunctanter
866 2242 895 2301 id
910 2243 997 2319 lecit,
1013 2243 1146 2311 laevis13

85 2338 110 2377 2⁵
120 2322 248 2383 manibus
264 2322 478 2399 latentibusque
492 2322 594 2399 induit,
610 2341 685 2398 cnm,
702 2326 727 2383 si
743 2324 836 2384 honos
854 2343 973 2385 securus
989 2327 1103 2403 inisset,

120 2405 222 2464 dextra
236 2406 325 2465 luerit
350 2404 546 2467 ostentandus.
583 2406 686 2482 quodsi
715 2408 938 2484 inpedimentum
958 2412 1052 2486 potuit
1073 2413 1102 2469 in

121 2505 157 2546 eo
172 2487 288 2564 aliquod
303 2489 451 2565 intellegi,
466 2490 552 2549 etiam
567 2491 688 2549 serioris
704 2508 770 2549 usos
785 2499 979 2567 argumentum
995 2500 1055 2569 est,
1072 2503 1103 2553 et

120 2571 208 2628 maius
221 2572 251 2627 in
271 2570 354 2631 laeva
372 2572 477 2631 luisset
494 2589 550 2648 qua
565 2581 675 2631 scutum
689 2574 809 2650 capitur.¹
840 2582 886 2633 est
901 2573 1014 2650 quidem
1029 2576 1102 2654 apud

121 2651 241 2711 eundem
261 2652 413 2713 Homerum
431 2656 557 2715 virorum
579 2655 705 2715 crinibus
728 2674 825 2716 aurum
843 2655 1006 2734 inplexum‚
1033 2659 1101 2719 ideo

86 2747 111 2788 eo
121 2738 220 2793 nescio
232 2752 267 2795 an
281 2737 447 2812 prior-usus
464 2756 479 2797 a
495 2738 608 2798 leminis
625 2742 766 2816 eoeperit.

183 2818 241 2894 (5.)
259 2816 367 2877 Rornae
382 2836 419 2877 ne
434 2820 487 2878 luit
501 2821 614 2897 quidem
629 2839 725 2880 aurum
735 2823 790 2881 nisi
805 2821 951 2882 admodum
967 2826 1143 2901 exigunm14

120 2900 208 2977 longo
228 2906 367 2977 tempore.
393 2910 474 2960 certe
485 2920 546 2963 cum
559 2923 574 2963 a
587 2902 676 2963 Gallis
687 2913 770 2982 capta
786 2905 858 2964 urbe
873 2923 929 2983 pax
945 2917 1099 2985 emeretur,

119 3001 178 3042 non
191 2983 257 3062 plus
270 3000 351 3060 quam
361 3003 399 3043 oo
410 2984 505 3060 pondo
514 2986 593 3045 ellici
608 2995 739 3063 potuere.
760 3006 814 3047 uec
825 2988 928 3063 ignoro
941 3009 1019 3051 0000
1030 3009 1100 3067 pon·

119 3066 156 3124 do
169 3069 228 3127 auri
241 3068 354 3144 perisse
369 3065 487 3143 Pompei
499 3066 548 3127 111.
558 3068 706 3129 consulatu
716 3068 895 3147 ecapitolini
906 3072 984 3132 lovis
996 3074 1099 3134 solioa

84 3146 238 3209 acantho
251 3149 290 3208 ibi
302 3148 427 3224 condita,
443 3156 473 3207 et
482 3149 549 3209 ideo
562 3168 577 3210 a
588 3152 736 3229 plerisque
748 3153 904 3213 existimari
916 3144 1097 3235 peoopondo

119 3232 241 3292 conlata.
257 3232 309 3292 sed
321 3232 397 3309 quod
408 3235 532 3291 accessit
545 3252 582 3293 ex
594 3232 738 3293 Gallorum
749 3237 854 3313 praeda
865 3238 918 3295 luit
929 3238 1098 3299 detractum·

119 3332 176 3392 que
191 3314 276 3393 abiis
294 3317 419 3393 inparte
439 3323 540 3392 captae
559 3317 638 3376 urhis
660 3316 796 3379 delubris.
834 3318 932 3379 Gallos
949 3341 1009 3382 cum
1028 3341 1096 3384 auro
1107 3338 1139 3389 15

118 3415 247 3476 pugnare
270 3397 373 3458 solitos
391 3396 553 3477 Torquatus
569 3399 674 3459 indicio
692 3407 746 3461 est.
781 3403 900 3481 adparet
916 3422 987 3483 ergo
1004 3405 1097 3467 Gallo·
