2484 3817
345 171 844 250 muu.ussn.uxr.o.(1o-ao.)
1047 172 1091 236 π

90 333 232 400 tenutas
242 333 288 396 dis
307 333 620 412 menbrorumque
640 335 755 413 aquilas
775 335 901 415 rotun»,
924 339 991 399 iuro
1009 338 1090 400 osius

90 418 259 480 saumtiitus
278 420 403 478 iuterust
428 425 468 494 ot,
490 419 516 477 si
539 435 635 496 propo
654 418 818 495 advolarit,
840 423 1012 482 moritum
1033 423 1090 484 iiio

91 520 165 564 suno
179 503 230 579 qni
246 500 374 562 suooidat
390 503 540 577 augurium
556 508 610 561 est.
642 519 699 562 neu
714 501 810 564 stoan
824 503 911 563 iauiie
927 505 1089 584 colligitur,

91 593 177 664 eaput
194 585 368 662 adgravans,
382 599 514 643 maxure
530 585 586 644 nisi
601 593 801 662 praesumatur
815 585 901 644 atium
916 595 948 647 et
962 586 1087 650 subirrde

69 671 189 734 urinum
207 667 363 728 seruorum
378 666 575 745 oeioriterquu
592 668 726 728 iodiutnr.
746 670 860 744 nigrum
873 669 922 728 ulii
937 688 1081 747 suugnon
1094 683 1129 736 ol

90 758 209 828 sonant,
223 750 273 810 alii
288 749 488 828 polyrrhizon,
502 757 609 828 purgat
618 767 678 829 per
691 751 817 828 inieras,
830 751 980 812 madidum
989 763 1088 814 astum

90 836 264 910 vomitione,
276 850 436 910 osusasquo
450 831 617 893 morborum
632 834 769 910 extrahit,
783 834 926 912 quondam
940 837 1087 913 terribile,

90 925 197 996 postea
213 925 271 976 tum
284 919 478 995 promiscuum
493 923 525 976 ut
540 916 675 995 plerique
690 918 852 978 stadiorum
861 920 957 994 grutiu
969 920 1005 979 ad
1017 937 1088 998 pur·

91 999 217 1062 ridenda
244 1001 339 1060 aurius
363 1017 436 1078 quaa
466 1001 732 1060 momentaneam
758 1002 877 1079 saepius
898 1004 1089 1081 sumptitsro·

63 1086 157 1147 mrint.
182 1082 354 1143 Carneaden
365 1095 572 1161 responsurum
583 1081 711 1144 denonis
722 1083 807 1144 libris
816 1083 864 1161 **,
874 1079 1000 1144 Drusum
1011 1100 1084 1164 quo·
1092 1095 1129 1150 52

92 1186 149 1247 que
164 1167 242 1246 apud
259 1184 324 1243 uos,
341 1165 523 1226 tribunorum
540 1167 722 1245 popularium
737 1167 937 1244 elarissimurx,
956 1171 1003 1227 oui
1017 1175 1089 1228 suto

91 1252 184 1311 omnis
206 1249 292 1328 pieirs
308 1249 428 1322 ‚adstans
445 1249 571 1327 plausit,
595 1251 751 1329 optimates
770 1267 845 1309 raro
861 1251 969 1311 boilum
982 1250 1087 1311 lassi·

90 1351 155 1394 oum
165 1337 351 1413 inputarure,
365 1340 480 1392 oonstut
491 1332 548 1392 hoo
558 1331 768 1394 mediossreato
780 1333 934 1394 iiberatsn
945 1335 1085 1395 oomitisii

90 1418 194 1478 morbo
218 1417 247 1476 iu
261 1415 399 1492 Anticyra
420 1415 520 1476 insulu.
554 1415 596 1475 ibi
612 1418 688 1476 onim
702 1418 847 1478 tutissimo
861 1420 992 1495 sumitur,
1013 1435 1087 1496 quo-

63 1503 178 1577 uniam,
200 1507 232 1559 ut
252 1499 385 1576 diximus,
401 1499 580 1559 sesamoides
601 1499 767 1560 admisceat.
797 1500 880 1560 ltalia
893 1510 1130 1562 veratrumruass

90 1593 186 1646 rorat.
223 1583 316 1642 farina
337 1599 437 1644 uorum
457 1599 511 1661 pur
527 1601 561 1642 se
577 1591 608 1642 et
625 1585 715 1644 mixtu
726 1583 874 1644 radieaiae
887 1599 943 1660 qua
962 1583 1043 1644 ianas
1056 1603 1122 1647 sm

91 1667 215 1728 diximus
230 1665 320 1726 lavari
335 1673 561 1726 sternumentum
574 1667 655 1743 iaoit,
667 1667 811 1744 amboque
821 1681 958 1726 somnam.
980 1666 1082 1743 iugan-
1092 1678 1131 1732 53

91 1759 138 1810 tur
150 1759 248 1810 autem
262 1750 449 1810 tenuissimae
463 1748 577 1808 radioss
593 1749 761 1826 brsrosquo
774 1765 811 1808 ao
824 1748 905 1807 solut
915 1748 1087 1810 desursum

93 1843 125 1893 et
138 1837 222 1894 iurae.
242 1849 306 1892 num
324 1849 440 1908 summu,
456 1839 590 1908 quaeest
607 1832 798 1907 crassissima,
813 1833 897 1908 oupis
911 1830 1025 1909 similis,
1040 1849 1088 1892 us·

60 1917 182 1976 mnibus
202 1924 308 1974 tantum
328 1915 410 1975 datur
429 1915 612 1993 purgationis
627 1931 721 1974 eausa.
752 1916 860 1991 antiqui
877 1913 1005 1975 radiosm
1019 1931 1086 1975 uor-

95 2000 156 2058 tioe
177 2015 257 2076 quam
276 2000 482 2059 carnosissimo
500 1997 682 2074 soligsirant,
707 1997 783 2075 quod
803 1999 920 2057 tenuior
940 1999 1086 2059 eximere-

95 2071 143 2141 t'ur
165 2081 297 2159 medulla,
311 2113 354 2130 ·--
378 2081 450 2142 launo
469 2081 569 2141 umidis
596 2083 736 2159 spongeis
761 2089 893 2158 opertam
913 2089 1087 2157 turgescen-

95 2174 212 2244 temque
232 2183 284 2224 acu
306 2167 335 2226 in
357 2164 566 2264 longitudiqsm
586 2164 748 2241 indebant,
773 2163 842 2223 deis
862 2163 910 2224 iila
933 2165 964 2223 in
984 2165 1086 2226 unum

95 2249 243 2310 sisuairsnt
256 2247 302 2308 iris
317 2257 432 2310 utentes
444 2279 496 2324 —-·,
507 2265 582 2308 uuus
597 2248 724 2307 ramulos
738 2249 821 2325 ipsos
836 2247 872 2306 ab
888 2247 986 2308 radioe
1001 2265 1086 2326 quam

63 2333 260 2409 augustissimi
276 2333 393 2392 eortiois
409 2330 554 2404 radiantis.
590 2340 736 2409 optumum
751 2329 827 2407 quod
844 2348 912 2391 aore
925 2338 1014 2407 gustu
1026 2333 1087 2391 ior·

95 2433 226 2494 ususque
252 2417 283 2474 in
305 2413 465 2491 inungendo
487 2414 638 2492 pulvorem
656 2415 770 2473 emittit.
801 2412 904 2474 durare
926 2415 984 2472 rim
1001 2411 1088 2472 XXX

95 2501 176 2558 anais
194 2499 301 2558 ierunt.
351 2541 354 2548 .
378 2510 382 2518 ·

157 2581 239 2660 (22.)
256 2579 378 2658 Nigrum
392 2581 525 2640 medetur
539 2579 717 2657 paralytioim
734 2581 955 2656 insanientibus,
975 2578 1082 2654 hydro·
1092 2589 1131 2644 ⁶4

93 2667 180 2743 pisis,
194 2665 261 2724 dur
275 2667 346 2724 sitm
363 2664 478 2739 iubrim,
493 2663 632 2741 podagris
645 2662 808 2739 veteribus,
821 2662 994 2723 articulariis
1008 2678 1087 2721 mor·

56 2749 151 2826 sabis,
169 2748 260 2808 truhit
280 2766 320 2807 ex
342 2747 408 2807 sivo
430 2747 529 2823 bilem,
547 2748 677 2824 pituitas,
698 2762 795 2822 aquas.
826 2747 910 2806 datur
925 2747 961 2805 ad
978 2746 1087 2807 leuiter

90 2831 279 2892 molliendam
294 2831 389 2891 uiuam
403 2831 562 2908 plurumum
577 2829 709 2889 draoirnm
730 2846 794 2905 una,
814 2825 929 2890 modios
950 2836 1087 2906 quattuor

10 2959 12 2984 r
92 2915 201 2976 obuiis.
231 2918 376 2974 missusne
395 2913 483 2991 aliqui
506 2921 536 2974 et
559 2913 776 2990 scamonium,
800 2912 853 2972 sod
873 2915 962 2972 tutius
985 2909 1085 2970 saienn

89 3001 123 3058 in
137 2998 270 3061 duloiirus
285 2999 380 3058 datum
397 2999 545 3075 copiosius
560 2995 719 3076 perieulum
732 2998 838 3072 iniert,
855 2995 1003 3055 oculorum
1016 2993 1086 3054 osii·
1187 3065 1196 3080 l

10 3113 11 3118 ¹
90 3085 191 3160 finem
207 3083 272 3142 iotu
287 3079 412 3140 disoutit.
443 3081 481 3140 ob
502 3081 532 3140 id
557 3077 670 3158 quidam
689 3088 721 3138 et
735 3081 878 3139 inunxere
895 3079 974 3137 trito,
1007 3085 1129 3141 stru-55

10 3160 11 3176 ¹
55 3183 166 3242 ssnrau,
187 3171 358 3244 suppurata,
379 3163 496 3224 duritias
519 3164 675 3240 oonooquit
694 3170 726 3220 et
742 3169 862 3239 purgat,
884 3160 953 3218 item
974 3159 1086 3219 listulas

90 3252 185 3309 tertio
209 3249 256 3308 diu
280 3255 453 3323 exemptum.
487 3263 624 3305 verrucas
642 3243 720 3302 tollit
736 3261 800 3303 oum
824 3258 939 3320 squama
959 3244 1036 3302 aeris
1054 3249 1088 3301 ut

91 3332 258 3392 sandaraca.
289 3330 514 3407 hydropicorum
535 3329 629 3387 ventri
652 3328 801 3404 inponitur
822 3344 887 3386 eum
907 3325 999 3385 irrina
1017 3325 1087 3383 hor·

91 3415 203 3476 deauea
220 3424 251 3476 et
265 3417 344 3475 vino.
380 3429 517 3490 pecorum
533 3419 563 3472 ot
578 3413 769 3470 iumentorum
781 3411 900 3485 pituitas
920 3415 1003 3467 senat
1022 3421 1086 3466 sn·
