2484 3817
412 482 446 564 u.
471 478 601 563 l'hllll
628 478 829 562 Slllllllllll

317 632 606 731 llhlllllhlll
633 630 915 726 llllldlllhh

456 797 616 862 maun
642 794 810 861 xxxm.

178 1076 271 1154 (Sect.
293 1076 335 1153 1.)
360 1074 478 1137 Metalla
499 1093 573 1135 nunc
593 1076 733 1153 ipsaeque
754 1089 828 1151 opes
849 1061 880 1133 'et
903 1090 999 1133 rerum
1013 1074 1134 1153 pretial

115 1160 247 1220 dicentur
274 1158 407 1220 tellurem
433 1161 509 1219 intus
540 1159 712 1235 exquirente
739 1173 808 1215 cura
835 1154 985 1235 multiplici
1010 1157 1108 1233 modo,

19 1250 23 1261 ’
89 1294 92 1299 Α
115 1245 223 1385 qpippe
239 1241 308 1302 alibi
324 1242 730 1385 divit{¹:{·fffqdiqfuf·qu⁸ffi,⁰
738 1240 928 1383 gtitaaapprplprrn,
939 1248 1107 1382 ffitqtmum'

93 1342 730 1487 5ἓιιῗιξῐᾟηέιῗῐῗξεῗίἐίιιοιῗιὲῗίιῐεπξῖοττυω
748 1339 818 1465 αυξο
838 1341 923 1465 veetiam
941 1341 1108 1482 glr‘altizlsurrrnr·

115 1501 161 1553 ter
175 1491 252 1553 bella
269 1484 434 1572 caedisque.
459 1493 662 1571 persequimur
682 1490 774 1548 omnis
793 1489 856 1546 eius
871 1488 958 1548 libras
973 1491 1107 1549 vivimus-

115 1594 171 1653 que
185 1593 274 1654 super
291 1584 474 1652 excavatum,
495 1576 633 1634 mirantes
656 1571 810 1630 dehiscere
832 1568 985 1646 aliquando
1003 1581 1051 1630 aut
1066 1575 1107 1631 in·

115 1668 294 1725 tremescere
314 1659 408 1734 illam,
433 1675 488 1717 ceu
515 1674 587 1716 vero
614 1672 673 1713 non
700 1653 757 1712 hoc
782 1651 979 1729 indignatione
1007 1672 1107 1717 sacrae

114 1743 243 1821 parentis
265 1741 387 1819 exprimi
409 1740 513 1818 possit.
557 1740 630 1797 imus
655 1738 685 1794 in
710 1737 825 1795 viscera
853 1742 883 1795 et
907 1736 936 1795 in
956 1738 1028 1797 sede
1049 1751 1132 1802 mad

81 1827 191 1884 aonium
218 1841 292 1902 opes
321 1824 483 1900 quaerimus
512 1829 653 1896 tamquam
681 1836 778 1897 parum
803 1818 930 1895 benigna
957 1820 1105 1898 fertilique

116 1926 170 1984 qua
193 1905 326 1966 calcatur.
374 1912 404 1964 et
427 1905 504 1964 inter
528 1904 599 1963 haec
623 1902 774 1961 minumum
798 1902 990 1963 remediorum
1014 1905 1106 1979 gratia

116 1997 290 2063 scrutamur,
313 1996 402 2064 quoto
424 1988 500 2047 enim
518 1989 620 2064 cuique
643 1984 771 2045 fodiendi
785 2003 870 2045 causa
884 1986 1024 2046 medicina
1040 1986 1106 2047 esti

116 2088 281 2150 quamquam
296 2079 326 2130 et
343 2071 399 2130 hoc
417 2088 523 2130 summa
543 2070 587 2129 sui
606 2076 689 2147 parte
708 2068 808 2127 tribuit
833 2070 1001 2147 utlruges,
1025 2070 1106 2149 larga

114 2155 264 2233 facilisque
276 2154 305 2213 in
320 2153 451 2214 omnihus
463 2169 658 2231 quaecumque
668 2160 798 2230 prosunt.
816 2152 865 2211 illa
877 2170 931 2211 nos
943 2163 1103 2233 peremunt,
1115 2168 1133 2222 3

82 2256 106 2295 as
115 2240 164 2299 illa
179 2257 233 2299 nos
248 2237 283 2298 ad
298 2238 409 2298 inferos
424 2245 512 2314 agunt
528 2254 600 2314 quae
613 2234 770 2296 occultavit
782 2243 869 2312 atquc
883 2234 1039 2315 demersit,
1055 2237 1105 2298 illa

116 2340 188 2401 quae
204 2339 261 2383 non
275 2328 429 2381 nascuntur
443 2329 576 2397 repente.
605 2337 687 2378 mens
702 2318 737 2377 ad
753 2320 838 2378 inane
854 2318 973 2378 evolans
987 2330 1105 2399 reputet

116 2424 188 2482 quae
200 2404 303 2465 deinde
315 2406 409 2464 lutura
419 2404 458 2462 sit
469 2404 533 2463 linis
550 2402 681 2461 omnihus
691 2401 816 2461 saeculis
831 2400 1018 2462 exhauriendi
1030 2423 1103 2481 eam,

117 2506 266 2565 quousque
283 2495 467 2565 penetratura
484 2487 611 2546 avaritia.
640 2503 723 2563 quam
736 2486 894 2561 innocens,
910 2502 992 2562 quam
1006 2487 1103 2564 beata,

117 2572 201 2629 immo
222 2588 294 2629 vero
314 2570 398 2630 etiam
421 2568 544 2630 delicata
559 2575 641 2629 esset
660 2570 736 2643 vita,
752 2569 777 2627 si
793 2566 863 2627 nihil
885 2567 997 2629 aliunde
1021 2588 1104 2648 quam

83 2668 204 2731 acsupra
232 2661 324 2713 terras
354 2654 594 2730 concupisceret,
625 2650 833 2729 breviterque,
864 2651 919 2709 nisi
949 2652 1026 2728 quod
1058 2673 1104 2713 se·

118 2755 180 2797 cum
194 2734 254 2795 est!
623 2785 628 2791 .

180 2820 239 2897 (2.)
259 2816 376 2877 Eruitur
398 2835 495 2877 aurum
516 2826 546 2877 et
566 2814 748 2893 chrysocolla
773 2818 868 2891 iuxta,
893 2825 924 2875 ut
942 2820 1129 2895 pretiosiora

118 2903 248 2964 videatur
263 2918 367 2960 nomen
385 2918 423 2959 ex
436 2918 505 2963 auro
528 2900 705 2962 custodiens.
736 2917 834 2978 parum
850 2900 925 2959 enim
940 2909 1003 2959 erat
1018 2920 1101 2963 unam

118 2989 195 3047 vitae
209 2986 357 3045 invenisse
371 2991 495 3061 pestem,
507 2985 562 3042 nisi
576 2985 605 3043 in
619 2984 715 3061 pretio
726 2990 812 3053 ,esset
823 2984 883 3041 auri
898 2984 984 3043 ctiam
995 2987 1100 3046 sanies.

83 3088 109 3127 aa
119 3069 275 3148 quaerebat
286 3075 436 3144 argentum
449 3068 578 3145 avaritia,
590 3066 658 3126 honi
674 3064 818 3125 consuluit
830 3066 944 3126 interim
954 3068 1101 3130 invenisse

117 3154 246 3230 minium,
267 3150 455 3226 rubentisque
471 3157 567 3208 terrae
588 3148 766 3226 excogitavit
783 3166 870 3208 usum.
905 3148 964 3211 heu
975 3152 1101 3230 prodiga

117 3238 249 3313 ingenia,
272 3241 342 3313 quot
355 3232 446 3293 modis
467 3233 595 3291 auximus
610 3234 704 3309 pretia
719 3230 830 3292 rerum!
859 3236 983 3294 accessit
997 3253 1043 3294 ars
1059 3237 1102 3314 pi·

118 3327 216 3380 cturae
234 3328 264 3379 et
278 3335 376 3378 aurum
397 3323 609 3393 argentumque
628 3314 765 3374 caelando
785 3316 878 3375 carius
900 3317 1038 3396 fecimus,
1060 3319 1102 3379 di-

118 3403 186 3463 dicit
206 3402 291 3461 homo
312 3410 438 3460 naturam
457 3416 628 3478 provocare.
672 3415 780 3457 auxere
805 3406 835 3458 et
855 3407 946 3459 artem
968 3402 1100 3462 vitiorum

900 3482 941 3543 1*
