2484 3817
354 202 434 251 usn.
450 203 540 252 mar.
558 191 876 271 xxxu.o.(31-3t.)
1049 193 1112 256 303
1180 202 1184 206 “

118 373 182 416 eum
196 363 281 416 aneto
299 375 336 416 ex
349 357 416 416 vino
430 359 528 418 mixto.
554 356 686 432 Erythini
699 359 729 416 in
750 359 817 420 cdto
832 360 936 437 sumpti
952 361 1055 420 sistant
1068 359 1110 420 al·

116 456 194 500 vom.
221 439 403 513 dysintericis
417 441 566 502 medentur
580 459 669 501 ranae
684 459 748 502 cum
769 442 854 502 scilla
867 441 1009 502 decoctae
1027 444 1066 516 ita
1080 451 1111 504 ut

116 522 224 603 pastilli
240 523 316 599 baut,
333 524 380 584 vel
397 541 448 584 cor
463 543 560 586 earum
576 543 641 584 cum
657 524 744 584 melle
759 527 863 601 tritum,
882 535 912 584 ut
926 527 1011 587 tradit
1024 527 1110 586 Nice·

113 617 211 684 ratus,
234 606 335 667 morbo
358 609 443 684 regio
463 609 665 670 salsamentum
685 626 749 668 eum
770 609 870 686 pipere
886 611 926 670 ita
947 619 979 669 ut
997 611 1110 688 reliqua

91 707 104 746 ι
116 707 205 750 carue
218 689 406 751 abstineatur.

177 773 261 852 (32.)
280 774 360 834 Lieni
375 775 505 836 medetur
517 775 598 836 soles
611 775 701 853 piscis
712 774 865 855 inpositus,
876 777 944 836 item
955 776 1090 855 torpedo,
1103 787 1154 842 102

112 858 182 918 item
196 857 332 917 rhombus
348 859 440 936 vivos,
456 859 522 918 dein
535 860 685 919 remittitur
697 859 727 918 ιἰι
739 875 829 918 mare.
851 862 970 937 scorpio
985 862 1111 920 marinus

113 951 233 1000 necatus
250 943 278 1000 in
295 943 360 1001 vino
378 944 496 1003 uesicae
513 943 580 1002 vitia
602 951 633 1002 et
648 941 778 1002 calculos
795 952 894 1018 sanat,
915 942 990 1022 lapis
1006 945 1054 1021 qui
1067 946 1109 1003 iu·

112 1026 226 1084 venitur
241 1026 269 1084 iu
285 1026 450 1104 scorpionis
470 1028 570 1088 marini
586 1026 677 1086 cauda
697 1025 830 1102 pondere
847 1025 929 1086 oboli
946 1037 1042 1105 potus,
1060 1047 1110 1087 en·

78 1124 104 1166 ao
114 1108 244 1182 hydridis
260 1111 349 1186 iecur,
368 1107 547 1170 blendiorum
563 1110 635 1169 ciuis
651 1127 716 1169 cum
733 1119 807 1168 ruta.
831 1108 1016 1171 inveniuntur
1035 1121 1065 1171 et
1080 1112 1109 1170 in

113 1191 217 1252 bacchi
232 1193 321 1271 piscis
337 1195 432 1271 capite
453 1213 505 1254 ceu
526 1192 628 1271 lapilli.
662 1192 690 1253 hi
714 1195 776 1271 poti
797 1211 835 1252 ex
848 1211 932 1272 aqua
955 1193 1111 1254 calculosis

114 1275 266 1354 praeclare
282 1275 440 1338 medentur.
463 1280 541 1337 aiunt
558 1284 587 1335 et
601 1278 721 1336 urticam
734 1278 871 1336 marinam
885 1279 914 1336 ia
930 1280 999 1338 vino
1013 1287 1110 1356 potam

114 1360 267 1438 prodesse,
283 1361 350 1420 item
368 1361 532 1438 pulmonem
547 1361 684 1420 marinum
701 1359 854 1420 decoctum
867 1362 897 1420 in
911 1379 997 1438 aqua.
1026 1359 1154 1428 0va103

115 1445 232 1521 saepiae
252 1445 360 1504 urinam
381 1454 498 1506 movent
514 1445 683 1522 reniumque
702 1445 818 1522 pituitas
835 1445 998 1506 extrahunt.
1026 1455 1111 1524 rupta

80 1546 104 1585 rs
117 1527 254 1588 convolsa
272 1529 370 1588 cancri
386 1528 539 1590 fluviatiles
561 1529 619 1588 triti
642 1529 672 1586 in
692 1528 802 1587 asinino
822 1545 954 1588 maxume
969 1529 1047 1588 lacte
1063 1546 1109 1588 sa·

113 1619 190 1685 nant,
208 1611 302 1671 ecbini
317 1629 389 1672 vero
408 1631 471 1673 cum
487 1612 578 1688 spinis
591 1613 651 1670 suis
666 1612 797 1670 contunsi
813 1620 843 1670 et
857 1627 875 1669 c
889 1611 957 1668 vino
975 1612 1035 1688 poti
1050 1611 1109 1672 eal·

112 1693 204 1756 culos.
233 1695 334 1754 modus
349 1696 470 1771 singulis
485 1694 616 1770 hemina,
639 1692 746 1752 bibitur
761 1692 857 1752 donec
872 1695 980 1770 prosit,
995 1701 1024 1752 et
1039 1696 1111 1755 alias

111 1780 139 1836 iu
155 1777 227 1838 cibis
244 1777 279 1836 ad
295 1777 353 1836 hoc
368 1779 530 1853 proficiunt.
555 1775 697 1850 Purgatur
713 1777 813 1834 vesica
828 1784 858 1835 et
872 1777 1017 1853 pectinum
1031 1777 1108 1838 cibo.

112 1879 149 1920 ex
163 1861 207 1920 his
221 1878 316 1940 mares
331 1859 379 1918 alii
395 1859 522 1920 donacas
534 1867 650 1933 vocant,
665 1857 714 1918 alii
725 1858 818 1933 aulos,
833 1859 954 1918 feminas
970 1860 1107 1933 onychas.

75 1963 101 2004 so
111 1946 220 2005 urinam
235 1960 329 2002 mares
348 1951 474 2002 movent.
503 1940 649 2002 dulciores
668 1941 793 2002 laminae
809 1952 918 2002 suntet
932 1943 1108 2004 unicolores.

111 2028 230 2105 saepiae
245 2043 360 2103 quoque
375 2042 431 2085 ova
446 2025 553 2084 urinam
567 2034 701 2101 movent,
717 2028 797 2086 renis
811 2035 944 2105 purgant.

181 2111 266 2189 (33.)
288 2108 501 2170 Enterocellois
523 2109 608 2187 lepus
628 2110 752 2170 marinus
773 2111 899 2171 inlinitur
921 2111 1004 2170 tritus
1024 2123 1152 2176 cumlot

111 2195 208 2256 melle.
228 2196 309 2254 iecur
326 2195 476 2272 aquaticae
492 2192 641 2270 colubrae,
657 2196 725 2253 item
742 2193 825 2268 hydri
842 2195 936 2254 tritum
951 2204 1107 2273 potumque

112 2279 267 2340 calculosis
289 2278 415 2356 prodest.
442 2276 616 2338 ischiadicos
638 2277 763 2338 liberant
782 2279 955 2340 salsamenta
977 2297 994 2338 e
1017 2279 1108 2338 siluro

75 2383 102 2422 ra
111 2363 203 2422 inlusa
216 2362 364 2438 clysterio,
381 2369 519 2422 evacuata
533 2362 612 2439 prius
626 2361 705 2438 alvo,
720 2361 799 2421 sedis
813 2363 926 2422 attritus
941 2363 1014 2422 cinis
1030 2380 1107 2422 eca-

113 2449 171 2524 pite
189 2445 324 2522 mugilum
340 2455 369 2506 et
379 2444 539 2522 mullorum,
556 2443 762 2505 comburuntur
776 2455 873 2505 autem
883 2446 912 2504 in
928 2445 1008 2506 fictili
1023 2463 1107 2521 vase,

111 2529 191 2588 inlini
210 2547 271 2589 curn
288 2529 375 2590 melle
390 2527 506 2589 debent.
536 2530 604 2588 item
623 2529 726 2607 capitis
746 2547 891 2588 menarum
908 2530 978 2589 cinis
1000 2537 1031 2588 et
1052 2528 1150 2592 adluit

111 2611 256 2687 rhagadas
266 2621 300 2670 et
315 2611 350 2672 ad
365 2611 566 2686 condylomata
582 2612 669 2688 utilis,
687 2613 761 2672 sicut
772 2611 953 2691 pelamydum
967 2611 1107 2672 salsarum

113 2695 236 2773 capitum
252 2696 324 2754 ciuis
334 2696 382 2755 vel
394 2695 543 2771 cybiorum
555 2713 618 2756 cum
629 2696 726 2756 melle.
746 2695 884 2775 Torpedo
896 2695 1029 2772 adposita
1039 2713 1107 2771 pro·

76 2801 103 2842 so
114 2779 233 2838 cidentis
247 2779 387 2838 interanei
402 2779 530 2840 morbum
542 2779 581 2838 ibi
594 2787 723 2839 coercet.
744 2796 914 2840 cancrorum
928 2778 1107 2838 fluviatilium

64 2860 67 2865 ’
112 2863 183 2922 cinis
202 2880 240 2921 err
255 2860 322 2920 oleo
339 2870 368 2920 et
383 2880 448 2922 cera
463 2865 551 2923 rimas
565 2864 593 2922 in
610 2863 713 2922 eadem
727 2871 809 2942 parte
825 2862 969 2938 emendat,
984 2863 1061 2922 idem
1076 2871 1106 2922 et

111 2947 210 3006 marini
227 2946 323 3004 cancri
338 2944 457 3023 pollent.

175 3029 258 3107 (34.)
274 3028 369 3088 Panos
379 3029 550 3089 salsamenta
563 3030 762 3090 coracinorum
772 3028 938 3105 discutiunt,
950 3029 1085 3088 sciaenae
1096 3039 1149 3096 1⁰6

112 3117 260 3172 interanea
275 3121 306 3172 et
319 3113 459 3191 'squamae
477 3111 661 3188 combustae,
678 3114 799 3190 scorpio
820 3114 850 3171 in
869 3113 937 3172 vino
952 3112 1105 3186 decoctus,

76 3210 103 3252 ιι
113 3197 152 3255 ita
170 3205 199 3256 ιιι
214 3196 366 3256 foveantur
380 3213 418 3254 err
433 3195 493 3255 illo.
516 3204 545 3254 ιι
560 3195 727 3267 echinorum
741 3205 834 3256 testae
850 3205 1008 3256 contunsac
1023 3205 1053 3255 et
1067 3211 1105 3254 ex

113 3297 186 3357 aqua
199 3280 295 3340 inlitae
311 3279 515 3356 incipientibus
526 3280 608 3356 panis
622 3282 769 3353 resistant,
782 3280 918 3338 muricum
932 3279 982 3338 rel
997 3297 1103 3357 purpu-

112 3379 208 3423 rarum
222 3364 295 3422 cinis
310 3373 433 3440 utroque
448 3361 545 3437 modo,
561 3363 624 3422 sive
638 3361 784 3422 discutere
801 3378 875 3440 opus
890 3364 927 3422 sit
941 3363 1105 3440 incipientis

114 3447 178 3508 siue
189 3455 347 3508 concoctos
357 3447 496 3506 emittere.
509 3445 623 3523 quidam
634 3448 672 3506 ita
681 3455 847 3522 conponunt
853 3446 1103 3508 medicamentum.
