2484 3817
151 169 194 234 tte
495 179 802 232 e.1>nm1sncunor

153 353 208 400 uuo
223 334 373 398 doloribus
388 336 506 412 propria
520 340 574 392 est.
607 331 900 412 chamaecyparissos
917 331 1010 392 herbe
1024 332 1137 392 surim

155 427 225 498 pota
239 425 339 478 contra
356 435 468 477 venena
486 417 663 493 serpentium
682 419 806 477 omnium
820 417 1062 493 scorpionumque
1080 413 1139 491 pol·

154 501 204 562 let.
235 499 466 578 Ampeloprasus
486 501 515 558 in
537 501 644 558 vinetis
673 502 817 574 nascitur,
842 497 921 558 iuliis
937 499 1036 576 porri,
1060 505 1139 558 ructu
1226 560 1227 565 ,

154 584 272 662 gravis,
290 591 390 644 contra
405 583 583 660 serpentium
603 584 677 642 ictus
699 584 811 643 ellioan.
843 584 953 642 urinum
975 589 1006 642 et
1027 599 1138 641 memes

154 669 230 744 ciet,
253 668 424 746 eruptiones
439 666 584 741 sanguinis
600 683 656 742 pen
674 666 803 742 genitale
816 664 929 725 inhibet
943 671 1044 742 potum
1061 666 1158 741 lupo-⁴

155 752 309 827 situmque.
340 750 422 809 datur
443 755 504 806 eta
525 756 609 826 partu
623 749 792 809 mulieribus
807 757 839 808 et
858 757 959 808 contra
975 748 1054 808 cauis
1068 764 1140 808 mor·

155 852 215 894 sus.
245 851 280 894 ea
306 849 422 910 quoque
449 847 522 906 quae
550 830 665 908 stachys
688 840 810 896 necatur
829 831 909 908 porri
930 828 1141 890 similitudinem
1227 840 1228 877 t

156 915 265 993 babet,
286 913 468 990 longioribus
490 911 569 974 loliis
595 915 785 992 pluribusque
804 923 835 974 et
853 913 952 974 odoris
968 913 1082 974 iucundi
1095 931 1141 974 co

158 999 290 1077 lorisque
305 1000 334 1056 in
348 996 454 1055 luteum
468 995 605 1056 inclinati.
639 998 724 1074 pellit
743 1004 897 1058 menstrua.

120 1125 171 1182 137
235 1113 317 1192 (87.)
333 1108 534 1187 clinopodium
545 1111 592 1171 alii
607 1112 804 1188 cleopiceton,
819 1109 867 1168 alii
879 1109 1084 1187 zopyrontion,
1095 1109 1141 1170 alii
1151 1113 1176 1154 ¹⁰

162 1194 318 1258 ocimoides
330 1192 487 1271 appellant,
497 1195 628 1272 serpyllo
641 1193 773 1268 similem,
786 1191 974 1267 surculosam,
987 1190 1072 1270 palmi
1083 1191 1144 1251 alti·
1228 1212 1229 1277 j

160 1280 275 1352 tudine,
301 1278 331 1334 in
352 1278 497 1353 petrosis,
520 1279 682 1337 orbiculato
711 1275 846 1335 loliorum
867 1275 991 1350 ambitu,
1017 1277 1144 1351 speciem
1228 1290 1229 1295 ’

156 1363 224 1422 lecti
262 1358 366 1438 pedum
399 1360 597 1436 praebentem.
643 1361 754 1420 bibitur
786 1358 820 1418 ad
854 1357 1011 1440 convolsa,
1051 1367 1144 1437 rupta,

158 1443 351 1520 strangurias,
367 1445 544 1519 serpentium
559 1446 633 1502 ictus
655 1445 725 1502 item
742 1440 862 1500 decocta
879 1449 910 1500 et
925 1458 1018 1500 sucus.

114 1553 167 1610 138
206 1549 208 1556 ’
230 1537 310 1616 (88.)
341 1537 424 1598 Nunc
450 1539 637 1600 subtexemus
652 1540 758 1599 herbas
781 1537 921 1596 mirabilis
942 1537 1071 1615 quidem,
1092 1538 1179 1598 sed¹⁵

157 1625 248 1683 minus
265 1622 374 1699 claras,
396 1621 543 1682 nobilibus
562 1625 591 1682 iu
613 1623 765 1701 sequentia
783 1620 925 1680 volumina
938 1619 1041 1680 dilatis.
1073 1617 1146 1680 Gen-

158 1705 303 1766 tunoulum
319 1714 424 1765 vocant
440 1707 533 1765 nostri
545 1750 555 1783 ,
568 1707 648 1768 foliis
664 1705 699 1765 ad
720 1703 932 1763 similitudinem
954 1705 1057 1782 eapitis
1077 1722 1147 1782 pac·

158 1787 305 1863 nularum,
329 1789 472 1848 iacentem
487 1791 516 1848 in
531 1792 626 1865 arvis,
642 1788 745 1848 Graeci
761 1786 957 1862 clematidem,
975 1788 1090 1864 egregii
1105 1788 1147 1847 el·

157 1871 252 1932 fectus
269 1872 303 1931 ad
318 1871 473 1931 sistendam
488 1873 582 1932 alvom
598 1877 627 1932 in
644 1875 711 1931 vino
734 1879 860 1930 austero.
889 1871 958 1929 item
979 1870 1147 1946 sanguinem
1230 1896 1231 1913 t

158 1954 236 2014 sistit
253 1956 338 2013 tritus
355 1955 520 2029 oxymelitis
538 1965 586 2014 aut
603 1973 694 2033 aquae
712 1954 820 2014 calidae
832 1953 942 2030 cyathis
955 1954 1080 2030 quinque
1095 1953 1184 2020 (ἴε-ιο

158 2036 219 2095 nari
238 2038 320 2094 unius
339 2036 485 2113 pondere,
508 2040 551 2096 sic
569 2047 598 2096 et
613 2038 648 2096 ad
663 2037 803 2097 secundas
817 2036 967 2094 mulierum
981 2035 1093 2096 eilioax.

117 2144 168 2198 139
230 2133 313 2210 (89.)
336 2132 394 2192 Sed
410 2131 512 2192 Graeci
524 2134 690 2194 clematidas
708 2143 738 2193 et
752 2134 822 2193 alias
835 2133 951 2208 habeut,
967 2153 1048 2193 unam
1063 2153 1149 2212 quam

158 2215 245 2292 aliqui
262 2216 372 2274 aetiten
387 2224 508 2291 vocant,
523 2216 570 2275 alii
586 2216 719 2292 laginen,
735 2215 863 2274 nonnulli
879 2223 995 2276 tenuem
1010 2235 1149 2278 scammo-

160 2300 242 2357 niam.
273 2315 367 2356 ramos
385 2298 474 2356 habet
488 2298 648 2376 bipedalis,
667 2298 804 2373 loliosos,
821 2315 877 2356 nou
896 2296 1042 2358 dissimilis
1057 2318 1149 2360 scam-

159 2381 284 2450 moniae,
300 2380 354 2438 nisi
376 2380 452 2458 qnod
474 2382 602 2458 nigriora
618 2383 786 2457 minoraque
808 2389 875 2438 sunt
890 2380 968 2440 lolia.
1000 2383 1188 2442 invenitur2⁵

159 2464 189 2520 in
200 2464 292 2521 vineis
320 2464 463 2540 arvisque,
493 2472 573 2523 estur
594 2473 625 2523 ut
647 2463 711 2523 olus
731 2481 794 2522 cum
811 2462 879 2522 oleo
899 2482 932 2522 ao
947 2463 1025 2540 sale,
1051 2465 1151 2527 alvom

161 2546 228 2604 ciet.
271 2545 371 2604 eadem
396 2544 578 2620 dysintericis
600 2565 664 2605 cum
685 2546 735 2605 lini
755 2548 864 2615 semine
885 2565 923 2605 en
937 2548 1005 2605 vino
1025 2557 1151 2608 austero

121 2639 172 2691 140
182 2627 328 2688 sorbetur.
344 2626 414 2686 lolia
430 2626 577 2705 epiphoris
595 2630 769 2705 inponuntur
786 2646 848 2686 cum
863 2627 980 2706 polenta
991 2633 1152 2708 supposito

161 2710 218 2770 udo
236 2709 367 2769 linteolo.
379 2769 382 2774 ,
404 2718 524 2770 strumas
540 2713 666 2790 inposita
678 2709 713 2770 ad
727 2712 962 2788 suppurationem
976 2712 1153 2789 perducunt,

162 2791 265 2852 deinde
288 2793 411 2868 axrrngia
432 2792 543 2853 adiecta
561 2802 723 2872 percuraut.
758 2797 827 2852 item
844 2794 1064 2855 haemorrhoida
1083 2807 1194 2856 cuman

1222 1071 1229 1105 l

163 2875 230 2934 oleo
246 2874 342 2951 viridi,
356 2873 516 2953 phthisicos
532 2879 629 2936 iuvant
640 2894 702 2934 oum
716 2875 811 2934 melle.
828 2875 911 2936 laetis
928 2895 1042 2956 quoque
1062 2878 1155 2938 uber-

162 2964 250 3016 tatem
264 2958 372 3017 iaciunt
390 2959 419 3017 in
434 2957 518 3033 cibis,
535 2968 564 3018 et
579 2959 733 3019 infantibus
750 2957 829 3017 inlita
847 2959 979 3037 capillum
989 2960 1087 3038 alunt,
1110 2979 1156 3020 ex

163 3048 247 3100 aceto
262 3040 406 3099 edentium
422 3058 560 3101 venerem
575 3041 727 3101 stimulant.

123 3146 172 3200 141
236 3136 317 3214 (90.)
348 3135 402 3196 Est
419 3135 474 3195 alia
496 3137 626 3197 clematis
645 3138 793 3216 Aegyptia
811 3143 999 3216 cognomine,
1019 3158 1096 3217 quae
1111 3141 1154 3202 ab

153 3217 226 3280 ‚aliis
243 3218 438 3295 daphnoides,
454 3219 489 3280 ab
507 3220 571 3280 aliis
587 3221 801 3298 polygonoides
818 3232 953 3298 vocatur,
973 3222 1046 3283 lolio
1061 3223 1198 3298 lauri,as

166 3301 252 3377 longa
267 3303 437 3444 tenuisffire,
454 3302 593 3364 adversus
610 3306 756 3381 serpentis
772 3313 803 3364 et
817 3307 950 3382 privatim
971 3305 1088 3382 aspidas
1110 3324 1157 3366 ex

162 3393 247 3444 aceto
265 3391 362 3462 potae
396 3402 449 3446 can
