2484 3817
320 101 401 194 uar.
418 144 511 194 urar.
528 144 652 193 xxxin.
674 144 699 199 ι.
719 146 745 197 ι.
759 133 917 217 dra-ar.)
1078 134 1117 193 15

119 300 174 361 alia
187 302 319 361 materia.
350 300 485 361 Attalicis
499 317 572 361 rero
588 298 757 379 iampridem
779 301 918 361 intexitur
933 302 1055 363 invento
1071 318 1118 361 re·

158 402 186 444 m
204 383 303 445 Asiae.

118 404 157 463 gu
183 466 263 549 (20.)
292 467 428 529 liar-mori
449 470 509 527 ιι
500 470 540 527 ris
560 484 635 547 qnae
655 465 812 529 candefieri
835 484 893 527 non
915 478 1038 545 possunt
1064 470 1159 532 oviis

119 551 240 613 candido
256 551 387 612 inlinitur
396 551 507 629 ,liguo
521 552 624 628 glutini
640 551 755 611 ratione
771 553 941 629 conposita,
957 551 1116 630 leucopho-

96 651 181 701 srum
196 644 309 697 vocant.
341 635 418 735 quid,
427 636 465 695 sit
479 634 536 695 boc
555 643 604 695 aut
618 632 854 712 quemadmodum
870 634 920 694 liat
943 653 997 695 sno
1015 635 1157 699 locasses

118 718 295 780 docebimus.
332 719 418 780 Aes'
409 718 533 794 rnaqrari
553 724 677 796 argento
691 718 759 777 vivo
773 724 822 777 ant
836 726 918 778 certe
933 717 1114 795 hydrargyro
1218 753 1221 758 ·

117 802 278 881 legitimum
306 812 390 880 erat,
411 802 448 862 de
470 802 533 879 quis
559 801 687 868 dicemus
701 800 817 861 illornrn
836 809 966 861 naturam
987 801 1157 862 redden-¹⁰⁰
1120 843 1156 878 „,

6 888 7 891 ’
118 894 173 959 tes.
219 888 385 964 excogitata
407 887 487 946 iraus
513 894 577 962 est,
604 901 727 962 namque
755 901 808 945 nes
832 886 1009 945 cruciatur
1001 904 1031 944 ιιι
1053 887 1156 963 pri-65
1215 917 1218 923 -

117 972 171 1029 mis
192 987 403 1047 accensumque
425 970 616 1047 restinguitur
639 968 717 1045 sale,
737 976 841 1045 aceto,
862 969 986 1029 alumine
1010 979 1114 1048 postea

83 1074 108 1116 ro
118 1054 324 1129 exbarcnatur,
339 1069 374 1112 an
387 1054 457 1112 satis
469 1061 617 1113 recoctum
633 1054 671 1112 sit
688 1049 845 1131 splendore
860 1052 1112 1130 deprehendente,
1163 1103 1166 1110 .

117 1134 279 1213 iterumque
296 1136 447 1196 exhalatur
461 1136 538 1213 igni,
553 1145 585 1195 ut
599 1136 694 1215 possit
709 1136 863 1195 edomitum
878 1137 975 1196 mixtis
990 1139 1113 1215 pumice,

118 1220 258 1295 alumine,
278 1228 402 1298 argento
425 1218 493 1279 viso
515 1220 649 1279 'inductas
670 1220 806 1297 accipere
824 1220 976 1286 bratteas„
1000 1220 1114 1280 alumen

117 1305 147 1363 in
161 1302 311 1382 purgando
329 1305 387 1363 vim
402 1302 491 1364 babet
506 1302 620 1382 qualem
632 1322 701 1363 esse
715 1301 837 1363 diximus
851 1304 978 1381 plumbo.
1131 1324 1156 1358 ιι

181 1388 209 1447 4.
227 1386 310 1465 (21.)
326 1386 435 1447 Aurum
445 1386 592 1448 invenitur
602 1390 741 1446 innostro
754 1387 839 1462 orbe,
851 1395 882 1445 ut
893 1389 1055 1447 omittamus
1064 1386 1109 1446 ln·
1121 1396 1156 1451 66

83 1498 108 1539 rs
118 1470 210 1531 dicum
226 1488 241 1528 a
256 1472 387 1531 formicis
403 1478 451 1531 aut
467 1470 541 1549 apud
557 1470 680 1548 Scythes
695 1471 795 1547 grypis
809 1477 932 1545 erutum,
948 1470 1034 1549 [apud
1046 1472 1112 1549 nos]

118 1555 210 1615 tribus
222 1554 333 1615 modis:
349 1554 493 1615 fluminum
505 1555 655 1629 ramentis,
667 1559 699 1612 nt
714 1556 744 1610 in
755 1549 838 1629 Tago
850 1550 1018 1630 Hispaniae,
1033 1554 1111 1613 Pado

118 1638 237 1714 ltaliae,
251 1636 356 1697 Hebro
367 1636 525 1731 Thraciae,
539 1636 661 1697 Pactolo
675 1636 785 1711 Asiae,
801 1634 901 1713 Gange
918 1635 1034 1713 indiae,
1057 1656 1113 1697 nec

118 1722 205 1780 ullum
222 1720 383 1781 absolutius
402 1724 500 1779 aaroni
515 1728 576 1795 est,
596 1727 626 1777 nt
641 1733 727 1777 cursu
742 1720 808 1796 ipso
831 1720 990 1798 attritoque
1005 1738 1145 1819 perpo-

118 1804 208 1863 litum.
245 1802 303 1863 alio
323 1801 409 1861 modo
430 1807 583 1879 puteorum
600 1799 753 1863 scrobibus
772 1801 908 1862 effoditur
922 1804 993 1863 aut
984 1822 1014 1862 ιιι
1031 1797 1145 1864 ruina

83 1888 254 1952 amentium
267 1886 433 1962 quaeritur,
455 1891 578 1963 utraque
593 1886 669 1944 ratio
685 1884 804 1947 dicatur.
838 1886 947 1946 Aurum
961 1888 1011 1965 qui
1021 1904 1108 1968 quae·
1098 1898 1152 1953 ιι

118 1975 184 2029 runt
199 1975 265 2029 ante
281 1967 374 2028 omnia
389 1966 544 2045 segutilum
562 1967 683 2043 tollunt,
698 1969 739 2029 ita
755 1977 876 2030 vocator
892 1970 1037 2031 indicium.
1072 1970 1112 2030 al·

118 2070 190 2113 scus
208 2052 255 2111 bic
273 2059 319 2112 est
327 2050 535 2129 ,harenaeque
553 2052 702 2130 lavantur,
722 2060 810 2131 atque
825 2072 864 2114 ex
880 2072 918 2114 eo
936 2055 1012 2132 quod
1029 2073 1111 2115 rese·

36 2187 41 2199 ,
118 2136 160 2196 dit
174 2137 341 2197 coniectura
357 2136 478 2213 eapitur.
507 2136 652 2197 invenitur
668 2096 848 2215 aliquando
838 2156 868 2197 ιιι
884 2156 989 2197 summa
1005 2138 1110 2199 tellure

118 2222 250 2301 protinus
268 2238 333 2279 rara
346 2218 504 2297 felicitate,
520 2229 550 2279 ut
566 2238 659 2298 nuper
673 2222 702 2279 in
717 2220 859 2281 Delmatia
874 2224 1038 2301 principatu
1053 2222 1110 2282 Ne·

84 2306 198 2367 aaronis
225 2304 347 2382 singulis
374 2302 476 2364 diebus
508 2304 593 2364 etiam
621 2306 837 2382 quinquagenas
865 2306 954 2365 libras
976 2306 1109 2365 fundens.

119 2406 181 2447 enm
198 2388 238 2447 ita
252 2390 400 2447 inventum
416 2396 462 2447 est
477 2388 506 2447 in
522 2404 630 2446 summo
646 2389 797 2465 caespite,
813 2388 971 2448 talntatium
993 2399 1109 2464 vocant,

120 2472 193 2530 siet
209 2488 311 2530 aurosa
327 2470 413 2531 tellus
429 2472 542 2531 subest.
573 2480 674 2531 cetero
690 2481 804 2532 montes
824 2471 1024 2551 Hispaniarum
1037 2474 1109 2534 aridi

119 2552 296 2630 sterilesque
309 2562 339 2613 et
356 2556 387 2626 in,
407 2555 510 2633 quibus
522 2554 592 2615 nihil
608 2554 684 2614 alind
698 2557 833 2632 gignatur
847 2554 912 2615 huic
933 2556 1010 2615 bono
1029 2558 1110 2617 lerti-

120 2635 164 2695 les
180 2654 248 2697 esse
271 2646 422 2714 coguntur.
456 2636 540 2709 Quod
559 2640 656 2717 puteis
675 2639 782 2699 foditur
802 2638 967 2699 canalicium
990 2649 1105 2716 vocant,
1116 2651 1152 2705 68

86 2719 167 2783 soalii
190 2720 371 2797 coraliense,
391 2718 540 2781 marmoris
557 2721 675 2800 glareae
696 2723 866 2799 inbuerens,
883 2740 939 2782 non
957 2722 1008 2783 illo
1024 2724 1109 2783 modo

121 2821 199 2887 quo
199 2805 228 2862 in
250 2805 364 2863 oriente
388 2807 505 2883 sappiro
527 2814 613 2884 atqua
631 2804 778 2866 Thebaico
799 2806 951 2883 aliisque'
944 2825 972 2865 ιιι
988 2810 1107 2885 gemmis

121 2877 275 2961 scintillat,
300 2886 352 2946 sed
374 2889 461 2947 micas
483 2889 644 2967 amplexum
665 2892 825 2949 marmoris
854 2897 994 2966 vagantur
1015 2891 1043 2949 hi
1060 2910 1108 2951 ve·

112 2988 217 3030 narum
233 2969 347 3030 canales
365 2988 418 3055 per
433 2971 524 3031 latera
540 2981 692 3049 puteorum
707 2982 738 3033 et
748 2972 803 3031 bue
817 2972 896 3049 illoc,
910 2973 976 3032 inde
993 2977 1107 3034 nomine

120 3056 255 3130 invento,
271 3034 414 3131 tellusque
429 3053 534 3130 ligneis
550 3055 689 3115 columnis
705 3052 896 3133 suspenditur.
928 3056 1004 3134 qnod
1020 3057 1105 3117 elios-
1116 3070 1150 3123 69

21 3174 29 3183 ,
88 3156 181 3205 assum
199 3146 245 3197 est
260 3137 401 3213 tunditur
415 3135 526 3197 lavatur
534 3141 667 3215 uritur,
682 3136 808 3198 molitur
832 3140 951 3198 farinam
966 3142 1107 3219 aprtasen

123 3220 186 3279 dem
202 3228 317 3297 vocant,
332 3229 481 3298 argentum
496 3221 573 3297 quod
587 3223 649 3282 exit
664 3240 681 3281 a
695 3223 814 3282 fornace
826 3222 968 3283 sudorem.
1000 3243 1074 3303 quae
1090 3245 1106 3285 e

78 3304 82 3313 ’
122 3306 231 3363 camino
251 3307 371 3366 iactatur
392 3305 530 3384 spurcitia
551 3305 673 3364 inomni
693 3305 809 3365 matallo
825 3307 919 3366 sooria
935 3309 1107 3385 appellatur.

120 3388 191 3449 haec
205 3389 234 3447 in
248 3406 317 3449 auro
334 3388 461 3456 tunditur
474 3390 635 3467 iterumque
651 3390 804 3468 coquitur,
826 3390 912 3450 catini
928 3390 997 3450 iiunt
1013 3410 1051 3451 ex
1068 3401 1109 3452 ta-
