2484 3817
188 96 229 159 50
531 106 560 156 o.
580 106 678 155 sunu
695 75 846 155 ancum

188 271 300 363 crates,
309 260 459 339 Polyidus,
475 248 671 338 Pythocritns,
685 260 872 337 Protogenes
888 258 966 319 idem
979 259 1075 337 pictor
1092 279 1111 321 e
1111 207 1182 322 cla-

145 342 176 383 'h
188 344 258 379 ¹⁰¹
233 347 372 423 rrssimis,
390 354 421 404 ut
432 345 576 420 dicemus,
593 343 744 404 Patrocles
752 343 886 420 ,Pollis,
902 341 1076 403 Posidonius
1088 346 1136 422 qui
1151 355 1182 405 et

186 436 336 505 argentum
357 428 481 488 caelavit
504 386 659 506 nobiliter,
684 429 801 486 natione
817 425 982 504 Ephesius,
1006 426 1182 503 Periclyme-

187 529 256 589 nus,
271 511 374 571 Philon
381 508 564 590 ,Spmcuus,
579 510 766 586 Timotheus,
781 508 1181 586 Theomnastus,'limarchi-

143 603 178 657 92
189 594 258 673 des,
290 593 408 671 Timon,
439 593 548 672 Tisias,
578 593 717 653 Thrason.
765 593 835 672 [35]
851 592 898 652 Ex
925 594 1058 653 omnibus
1087 604 1204 659 autema

186 696 318 738 maxume
338 680 512 755 cognomine
540 679 664 755 insignis
686 684 732 736 est
757 675 948 735 Callimachus
969 694 1086 754 semper
1106 678 1180 739 calu·

184 762 308 822 mniaton
325 763 386 838 sui,
407 780 462 821 nec
482 762 567 821 linem
582 761 716 825 habentis
732 759 918 836 diligentiae,
942 759 979 818 ob
995 760 1025 819 id
1042 766 1180 821 catatexi-

86 854 87 858 ’
184 846 306 905 technus
321 844 500 923 appellatus,
521 844 701 903 memorabili
726 842 863 920 exemplo
877 842 1031 903 adhibendi
1047 851 1078 903 et
1092 862 1180 905 curae

183 928 305 989 modum.
344 928 427 987 huius
454 935 519 986 sunt
545 925 684 987 saltantes
705 925 871 1002 Lacaenac,
902 926 1082 986 emendatum
1107 944 1180 1007 opus

184 1012 286 1073 sedin
307 1029 365 1089 quo
387 1012 508 1087 gratiam
530 1026 642 1069 ornnem
663 1009 813 1086 diligentia
831 1008 993 1069 abstulerit.
1028 1009 1104 1069 hunc
1118 1015 1210 1090 qui-n

183 1094 245 1155 dam
263 1102 293 1153 et
314 1095 456 1171 pictorem
470 1092 561 1151 luisse
581 1092 704 1151 tradunt.
735 1092 802 1151 Non
816 1111 886 1152 aere
901 1101 1018 1170 captus,
1033 1112 1089 1153 nec
1104 1105 1179 1174 arte,

183 1194 266 1236 unam
279 1184 386 1235 tanturn
398 1174 525 1234 Zenonis
543 1184 666 1235 statuam
679 1174 785 1253 Cypria
801 1174 993 1254 expeditione
1007 1194 1065 1236 non
1079 1180 1180 1239 vendi-

182 1259 223 1319 dit
246 1256 335 1335 Gato,
360 1258 412 1317 sed
433 1259 500 1336 quia
522 1257 689 1336 philosophi
713 1267 794 1334 erat,
816 1268 848 1318 ιιι
869 1259 966 1319 obiter
989 1259 1045 1319 hoc
1060 1278 1178 1341 quoque

138 1354 175 1409 93
184 1350 384 1402 noscaturtam
395 1344 480 1402 inane
494 1342 667 1419 exemplum.
684 1341 749 1419 [36]
762 1340 794 1400 ln
803 1345 950 1402 mentione
962 1351 1119 1403 statuarum
1131 1356 1177 1405 est

182 1434 213 1485 et
227 1442 282 1484 una
297 1442 355 1484 non
369 1424 599 1503 praetereunda,
620 1442 790 1503 quamquam
808 1422 937 1485 auctoris
953 1428 1074 1503 incerti,
1096 1429 1178 1489 iuxta
1188 1457 1208 1495 15

179 1518 292 1587 rostra,
309 1507 443 1569 llerculis
458 1509 587 1586 tunicati,
606 1508 671 1568 sola
685 1526 723 1567 eo
738 1507 838 1567 babitu
850 1508 973 1586 Romae,
990 1519 1073 1569 torva
1087 1511 1176 1590 facie,

143 1632 146 1645 .
180 1594 370 1671 sentiensque
386 1610 520 1670 suprema
537 1594 659 1652 tunicae.
694 1593 723 1650 in
739 1590 793 1651 hac
807 1600 868 1651 tres
884 1602 949 1652 sunt
965 1593 1054 1652 tituli:
1075 1593 1106 1653 b.
1122 1595 1177 1654 hu-

179 1675 245 1735 culli
259 1678 443 1754 imperatoris
464 1676 500 1735 de
515 1676 673 1751 manubiis,
693 1674 783 1735 alter:
808 1674 946 1753 pupillum
960 1674 1069 1735 hoculli
1086 1678 1177 1737 lilium

179 1777 218 1819 ex
232 1759 262 1820 S.
279 1757 310 1819 0.
328 1758 493 1835 dedicasse,
517 1761 637 1818 tertius:
662 1758 692 1818 T.
710 1758 879 1836 Septimium
894 1758 1029 1818 Sabinum
1050 1761 1176 1821 aedilem

149 1842 152 1859 ¹
178 1844 306 1903 curulem
322 1861 360 1902 ex
374 1844 488 1920 privato
510 1843 539 1899 in
554 1842 701 1919 publicum
721 1843 897 1901 restituisse.
928 1851 973 1902 tot
987 1846 1207 1912 certaminumsr

178 1934 333 2005 tantaeque
350 1926 525 2002 dignationis
541 1923 724 1984 simulacrum
738 1925 767 1984 id
783 1926 845 1984 init.

134 2019 169 2075 94
241 2009 321 2088 (20.)
343 2006 425 2068 Nunc
443 2017 663 2086 praevertemur
682 2008 718 2067 ad
733 2008 913 2068 differentias
928 2010 1006 2067 aeris
1022 2019 1052 2070 et
1068 2013 1174 2071 mixtu-

176 2111 233 2153 ras.
253 2092 286 2152 ln
298 2090 408 2171 Cyprio
423 2094 607 2152 coronarium
623 2099 653 2151 et
666 2090 803 2168 regulare
815 2102 872 2168 est,
887 2101 1039 2170 utromque
1053 2094 1172 2155 ductile.

175 2177 358 2235 coronarium
377 2184 508 2249 tenuatur
534 2176 564 2234 in
582 2175 707 2251 lamnas,
736 2184 940 2252 taurorumque
960 2176 1031 2237 iclle
1052 2180 1174 2238 tinctum

148 2268 153 2277 ‘
176 2260 305 2337 speciem
323 2262 383 2318 auri
402 2261 432 2318 in
446 2261 564 2318 coronis
579 2258 751 2317 histrionum
767 2259 907 2336 praebet,
927 2258 1066 2338 idemque
1075 2263 1105 2319 in
1120 2282 1207 2328 unsa

176 2344 235 2402 cias
251 2341 353 2401 additis
365 2344 427 2401 auri
439 2342 573 2419 scripulis
586 2344 665 2401 senis
677 2344 829 2419 praetenui
843 2344 948 2419 pyropi
962 2343 1076 2404 brattea
1086 2347 1174 2421 igne-

175 2428 238 2485 scit.
264 2426 400 2503 regularc
414 2434 444 2485 et
459 2427 488 2484 in
504 2424 567 2484 aliis
583 2425 614 2483 fit
629 2424 764 2502 metallis,
781 2427 909 2502 itemque
926 2425 1087 2487 caldarium.
1117 2429 1174 2489 dii-

174 2509 300 2569 ierentia
326 2509 402 2588 quod
423 2508 576 2567 caldarium
604 2508 731 2567 londitur
760 2516 884 2584 tantum,
910 2509 1023 2569 malleis
1050 2512 1173 2590 fragile,

175 2593 278 2671 quibus
290 2592 426 2670 regulare
443 2591 614 2667 obsequitur
630 2592 666 2651 ab
682 2591 746 2650 aliis
763 2590 870 2651 ductile
881 2592 1067 2671 appellatum,
1081 2595 1172 2674 quale

68 2688 73 2693 ’
176 2693 260 2735 omne
277 2674 413 2756 Cyprium
434 2682 488 2737 est
518 2674 648 2734 sedet
639 2694 670 2734 rn
690 2675 798 2733 ceteris
814 2674 938 2734 metallis
960 2694 1028 2736 cura
1045 2678 1134 2738 distat
1155 2699 1206 2741 aso

175 2758 319 2837 caldario,
334 2778 417 2821 omne
434 2761 509 2820 enim
524 2758 692 2836 diligentins
709 2759 865 2834 purgatis
856 2760 923 2835 rgni
928 2761 1007 2822 vitiis
1022 2764 1173 2821 excoctis-

132 2852 165 2907 95
178 2861 235 2921 que
247 2844 382 2921 regulare
398 2851 451 2902 est.
475 2842 509 2901 ln
524 2842 645 2939 reliquis
661 2842 821 2917 generibus
837 2842 928 2919 palma
942 2830 1086 2921 Campano
1099 2864 1172 2923 per-

173 2925 291 2989 hibetur
317 2926 507 3001 utensilibus,
534 2928 611 2983 vasis
641 2923 857 3000 probatissimo.
895 2924 1026 3002 pluribus
1053 2930 1086 2987 iit
1109 2928 1174 2988 hoc

83 3034 90 3053 ·
172 3010 275 3071 modis.
312 3026 433 3087 namque
450 3008 564 3086 Capuae
585 3007 711 3084 liquatur
727 3024 785 3067 non
800 3009 935 3068 carbonis
955 3010 1092 3087 ignibus,
1113 3014 1172 3072 sed

173 3092 262 3191 ligni,
276 3102 472 3171 purgaturque
488 3092 617 3150 roboreo
634 3091 731 3150 cribro
748 3092 896 3189 perinsum
910 3110 982 3169 aqua
993 3094 1119 3172 frigida,
1133 3114 1172 3155 ac
1182 3120 1208 3158 aa

175 3178 295 3271 saepius,
316 3176 399 3236 simili
418 3176 503 3235 modo
518 3174 669 3253 coquitur,
688 3176 846 3234 nouissime
867 3174 969 3234 additis
985 3177 1095 3254 plumbi
1122 3197 1171 3238 ar·

173 3259 296 3333 gentarii
311 3258 509 3342 Hispaniensis
527 3259 609 3319 denis
626 3257 734 3317 libris
725 3277 755 3317 un
769 3265 909 3317 centenas
926 3262 1013 3319 aeris.
1042 3263 1083 3321 ita
1102 3262 1171 3321 len·

174 3342 260 3399 tescit
275 3332 462 3418 coloremque
478 3342 629 3402 iucundum
649 3340 736 3400 trabit
751 3339 887 3418 qualem
878 3359 908 3400 un
922 3341 986 3402 aliis
1000 3345 1172 3421 generibus
