2484 3817
58 114 61 123 ’
132 128 151 193 8
471 147 502 196 ο.
523 146 619 196 annu
639 147 789 197 succum

88 301 259 379 uocemque
280 308 311 360 ut
336 299 466 380 pluruma
491 320 576 383 opum
599 301 715 363 scelera
737 300 829 361 anulis
858 298 942 359 bunt!
972 318 1046 377 quae
1071 301 1126 359 luit

133 384 182 444 illa
197 385 256 445 vita
271 387 450 465 priscorum,
473 386 565 466 qualis
583 386 766 459 innocentia,
787 386 816 443 in
835 400 890 461 qua
905 383 975 442 nihil
994 383 1127 461 signaba-

134 466 193 527 tur!
214 487 288 528 nunc
314 469 370 529 ¹cibi
395 486 512 549 quoque
533 488 567 529 ao
585 478 689 548 potus
685 468 779 527 anulo
797 467 972 527 vindicantur
987 485 1002 525 a
1017 470 1123 545 rapina

133 552 189 611 boc
210 552 367 629 proiecere
393 556 599 632 mancipiorum
627 553 815 630 legiones,
806 570 836 610 ιιι
862 550 947 609 domo
972 551 1055 610 turba
1076 570 1125 612 er·

33 656 34 665 ¹
133 632 217 695 terna
234 654 268 697 ac
289 638 343 695 iam
365 655 515 697 serrorum
538 655 655 716 quoque
672 654 760 696 causa
775 633 974 694 nomenclator
989 634 1124 695 adbiben·
1134 662 1148 699 5

133 719 193 779 dus.
230 718 315 780 aliter
336 720 410 798 apud
439 724 572 799 antiquos
596 720 702 819 singuli
723 718 903 797 Marcipores
926 717 1123 795 Luciporesre

132 802 310 862 dominorum
324 802 451 880 gentiles
471 822 582 864 omnem
605 806 711 863 victum
732 804 761 862 in
782 803 948 880 promiscuo
969 802 1124 878 habebant,

89 896 122 950 27
135 905 189 945 nec
207 885 264 945 ulla
278 886 354 947 dorni
377 906 394 947 a
408 888 576 949 domesticis
593 888 725 948 custodia
744 904 818 964 opus
835 894 905 945 erut.
922 904 997 945 nunc
1012 888 1125 964 rapien-

132 968 185 1030 d'ae
200 976 394 1049 conparantur
409 972 514 1050 epulae
531 972 699 1050 pariterque
713 970 761 1047 qui
777 971 889 1047 rapiant
904 987 973 1044 eas,
989 978 1019 1029 et
1034 970 1127 1029 clavis·

131 1071 247 1131 ιιιιοιιιιο
270 1056 349 1132 ipsas
373 1056 507 1131 signasse
527 1071 585 1114 non
608 1063 654 1114 est
677 1057 756 1113 satis.
801 1054 930 1130 gravatis
953 1070 1054 1113 somno
1073 1058 1159 1114 'autre

131 1138 320 1198 morientibus
346 1138 421 1197 anuli
444 1138 649 1213 detrahuntur,
676 1140 827 1215 maiorque
852 1138 931 1196 vitae
951 1139 1026 1196 ratio
1048 1139 1125 1197 circa

130 1220 186 1280 hoc
212 1223 430 1281 instrumentum
455 1240 523 1281 esse
548 1222 665 1298 coepit,
691 1222 832 1279 incertum
858 1238 875 1279 a
900 1237 959 1297 quo
982 1229 1122 1299 tempore.

131 1303 260 1366 videmur
284 1313 377 1363 tamen
398 1321 489 1381 posse
510 1306 539 1363 in
560 1306 690 1364 externis
710 1306 912 1364 auctoritatem
937 1306 1000 1363 eius
1020 1307 1063 1364 rei
1082 1308 1124 1363 in-

132 1388 277 1466 tellegere
299 1390 376 1447 circa
392 1387 567 1464 Polycraten
583 1386 659 1447 Sami
675 1396 842 1464 tyrannum,
867 1388 912 1447 cui
935 1388 1057 1448 dilectus
1071 1388 1123 1447 ille

131 1472 231 1531 anulus
248 1472 276 1531 in
289 1490 368 1532 mare
384 1473 515 1532 abiectus
528 1479 613 1550 capto
630 1470 739 1531 relatus
752 1479 799 1530 ost
815 1474 908 1548 pisce,
924 1473 990 1548 ipso
1004 1474 1158 1531 circiteraa

88 1566 122 1619 28
134 1552 274 1615 CCXXX.
296 1573 398 1615 annum
418 1557 499 1616 urbis
521 1564 641 1615 nostrae
661 1555 826 1614 interiecto.
863 1554 1042 1615 celebratior
1062 1558 1122 1634 qui·

130 1639 195 1699 dem
210 1657 278 1698 usus
296 1658 358 1699 cum
372 1640 493 1700 faenore
513 1641 652 1718 coepisse
674 1638 771 1698 debet.
810 1648 979 1715 argumento
995 1648 1123 1700 estcon·

131 1722 253 1782 suetudo
266 1723 345 1799 volgi
357 1722 392 1782 ad
405 1726 580 1801 sponsiones
592 1725 745 1783 etiamnum
756 1722 841 1783 anulo
854 1723 1020 1799 exsiliente,
1032 1732 1122 1781 tracta

131 1806 165 1865 ab
181 1824 217 1866 eo
234 1814 365 1905 tempore
384 1824 441 1884 quo
462 1825 521 1867 non
541 1816 604 1868 erat
625 1826 689 1866 arra
711 1806 861 1883 velocior,
879 1814 911 1865 ut
931 1806 1015 1885 plane
1040 1807 1122 1865 adlir-

128 1908 207 1950 mare
223 1892 365 1967 possimus
384 1909 512 1951 nummos
524 1900 591 1949 ante
604 1892 678 1968 apud
689 1907 760 1966 nos,
776 1907 845 1949 mox
860 1890 961 1950 anulos
976 1892 1120 1969 coepisse.
1131 1908 1157 1947 uo
1239 1871 1240 1912 ⁷

94 1993 116 2027 ιι
129 1973 164 2033 de
183 1975 301 2033 nummis
316 1973 402 2051 paulo
417 1983 485 2051 post
501 1976 619 2034 dicetur.

86 2068 120 2121 29
194 2058 255 2134 (7.)
272 2056 357 2115 Anuli
375 2058 535 2117 distinxere
550 2057 670 2116 alterum
689 2055 818 2115 ordinem
832 2074 848 2115 a
863 2044 968 2136 plebe,
986 2066 1018 2116 ut
1031 2057 1121 2117 semel

96 2149 289 2218 coeperant
311 2160 378 2201 esse
405 2141 557 2217 celebres,
583 2142 658 2199 sicut
682 2141 776 2198 tunica
804 2140 839 2199 ab
865 2141 957 2200 anulis
980 2133 1120 2217 senatum,

103 2288 105 2292 ,
129 2241 295 2321 quamquam
317 2233 348 2283 et
366 2225 422 2285 hoc
443 2243 530 2303 sero,
559 2223 708 2301 volgoque
731 2241 857 2302 purpura
880 2223 986 2285 latiore
1008 2228 1121 2285 tunicae

129 2326 198 2367 usos
223 2309 382 2367 invenimus
410 2311 495 2369 ctiam
520 2325 701 2387 praecones,
727 2310 801 2367 sicut
826 2316 937 2385 patrem
964 2307 1032 2368 Luci
1054 2309 1156 2368 Aelius

129 2392 249 2451 Stilonis
265 2390 436 2453 Praeconini
453 2393 490 2452 ob
514 2392 543 2451 id
559 2392 761 2468 cognominati.
799 2392 851 2451 sed
871 2392 946 2451 anuli
963 2393 1049 2471 plane
1065 2401 1122 2452 ter-

129 2478 198 2535 tium
219 2474 348 2535 ordinem
367 2476 546 2553 mediumque
567 2475 666 2553 plebei
696 2484 725 2535 et
745 2475 875 2552 patribus
897 2478 1067 2553 inseruere,
1088 2495 1122 2536 ac

130 2558 206 2637 quod
219 2567 303 2619 antea
319 2559 458 2619 militares
470 2561 535 2637 equi
552 2577 657 2619 nomeu
671 2558 811 2618 dederant
824 2559 880 2619 boc
894 2579 968 2619 nuno
980 2562 1121 2639 pecuniae

86 2644 238 2708 30indices
260 2641 398 2703 tribuunt.
436 2660 490 2703 nec
511 2643 621 2721 pridem
644 2642 674 2701 id
693 2641 810 2701 iactum.
839 2643 906 2703 divo
923 2645 1055 2721 Augusto
1071 2646 1120 2705 de·

123 2728 222 2787 curias
244 2727 392 2787 ordinante
412 2728 504 2786 maior
522 2745 588 2805 pars
618 2726 770 2787 iudicum
761 2744 791 2784 ιιι
816 2727 915 2787 ierreo
942 2728 1027 2787 anulo
1054 2730 1117 2805 luit,
1129 2748 1154 2788 ao

128 2813 206 2888 iique
226 2825 284 2869 non
309 2812 423 2888 equites
444 2808 496 2869 sed
515 2808 624 2870 iudices
645 2808 828 2868 vocabantur.
867 2812 993 2887 equitum
1016 2830 1118 2871 nomen

128 2893 333 2964 subsistebat
325 2912 353 2951 m
369 2895 467 2953 turmis
487 2911 625 2970 equorum
641 2890 827 2970 publicorum.
863 2893 986 2953 iudicum
1003 2913 1118 2973 quoquc

128 2994 186 3037 non
202 2978 257 3036 nisi
273 2985 409 3054 quattuor
425 2977 559 3036 decuriae
572 2978 655 3037 luere
668 2976 778 3052 primo,
795 2976 908 3054 vixque
917 2978 1028 3055 singula
1042 2980 1118 3038 milia

127 3062 157 3120 in
178 3059 303 3120 decuriis
325 3061 440 3119 inventa
462 3068 527 3119 sunt
547 3060 670 3119 nondum
697 3061 855 3137 provinciis
880 3061 916 3120 ad
941 3060 998 3121 boc
1018 3081 1118 3121 munus

127 3142 278 3218 admissis,
300 3152 502 3220 servatumque
519 3145 548 3203 in
562 3142 731 3202 hodiernum
748 3152 794 3202 est
813 3162 849 3203 ne
865 3146 929 3223 quis
945 3163 962 3203 e
978 3148 1061 3205 novis
1080 3148 1117 3205 ci-
1108 3161 1151 3201 -ss

85 3238 117 3291 31
131 3226 214 3286 vibus
234 3243 263 3283 ιιι
282 3243 318 3285 ns
340 3225 488 3285 rudrcaret
526 3226 553 3285 2.
579 3224 723 3287 Decuriae
745 3243 860 3304 quoque
881 3229 963 3305 ipsae
987 3229 1117 3309 pluribus

127 3310 271 3368 discretae
291 3309 453 3369 nominibus
475 3309 576 3386 inere,
598 3309 776 3369 tribunorum
794 3311 870 3369 aeris
895 3320 926 3369 et
942 3311 1117 3373 selectorum

127 3398 157 3452 et
178 3390 308 3451 iudicum.
344 3398 462 3471 praeter
484 3391 538 3452 bos
558 3395 709 3453 etiamnum
730 3396 869 3469 nongenti
888 3396 1066 3457 vocabantur
1080 3414 1118 3456 ex
