2484 3817
312 245 393 291 aar.
410 243 500 294 meu.
515 245 627 295 mu.
644 241 704 300 ee.
723 235 877 312 (co-au.)
1018 238 1075 300 ,43

146 399 230 476 (33.)
263 395 385 456 Uimi-et
398 396 468 458 felia
483 405 514 458 et
527 407 634 460 corten
647 408 679 459 et
700 401 769 462 rami
788 402 847 460 vin
866 400 975 464 babent
995 404 1119 479 apia-es

90 483 167 542 sandi
192 489 223 541 ct
243 480 366 541 volnere
387 481 583 543 contrahendi.
615 485 734 544 corticis
751 484 851 560 utique
869 486 993 546 interior
1013 484 1076 544 tilia

89 567 185 642 lepras
199 563 283 624 sedat
297 571 327 622 et
341 561 411 622 lolia
424 581 463 622 ex
476 573 561 624 aceto
576 565 669 625 inlita.
705 567 824 626 corticis
841 566 941 636 denari
961 567 1075 646 poudm

89 657 186 728 potum
202 649 232 706 in
262 646 375 708 hemina
390 663 482 724 aquae
504 648 628 725 frigidae
651 649 746 708 alvom
773 657 878 727 purgat
898 653 1075 728 pituitasque

68 740 118 792 set
133 747 220 808 aquas
237 731 369 808 privatim
380 728 478 789 trahit.
508 732 656 808 inponitur
672 741 705 792 et
719 731 944 792 collectionibus
959 733 1075 793 lacrima

88 823 118 874 et
132 813 301 873 volueribus
316 821 346 872 et
361 812 498 874 ambustis
508 831 581 890 quae
592 815 716 875 decocto
724 815 830 875 lovere
841 816 969 892 prodest.
990 833 1073 875 umor
1082 827 1117 882 49

88 899 116 956 iu
135 895 273 956 folliculis
297 895 410 956 arboria
431 895 514 956 huius
535 913 658 958 nascens
678 898 738 958 cuti
760 899 886 958 nitorem
907 898 1015 957 inducit
1033 899 1074 958 ia·

87 983 216 1056 ciemque
228 980 387 1056 gratiorem
395 987 530 1055 praestat.
549 981 681 1040 cauliculi
695 980 831 1040 loliorum
844 982 929 1058 prinu’
943 981 1012 1039 vino
1024 980 1074 1040 de·

87 1065 160 1124 cocti
176 1071 306 1122 tumores
323 1069 423 1120 sanant
438 1061 648 1140 extrahuntque
668 1081 723 1142 per
742 1063 861 1122 listulas.
893 1063 969 1122 idem
991 1079 1076 1140 prae·

58 1155 159 1210 instant
174 1153 206 1206 et
226 1144 307 1204 tiliae
325 1145 444 1204 cortice.
474 1145 553 1206 multi
576 1149 716 1206 corticem
735 1146 987 1208 conmanducatam
1013 1145 1076 1204 voi-

85 1229 202 1290 ueribus
218 1227 397 1287 utilissimum
412 1236 526 1305 putant,
547 1228 617 1289 lolia
632 1231 699 1288 trita
713 1247 786 1307 aque
798 1229 955 1308 adcepersa
970 1227 1076 1306 pedum

85 1315 196 1372 tumori.
213 1327 297 1374 umen
307 1327 421 1388 quoque
433 1329 450 1369 e
460 1311 642 1387 medulla,uti
654 1312 786 1388 diximus,
792 1321 934 1372 eustrutae
947 1312 1032 1372 arbo·
1050 1328 1118 1366 ransc

83 1398 123 1455 ris
132 1394 259 1455 effluens
269 1391 403 1471 capillum
412 1393 507 1454 reddit
519 1394 1072 1473 cepitiiulitusdebuentisquecontinet.

144 1477 229 1556 (34.)
260 1475 358 1536 Arbor
375 1475 435 1534 tilia
452 1476 545 1537 leuius
571 1479 607 1538 ad
629 1478 730 1538 eadem
743 1479 808 1538 iere
824 1478 902 1539 utilis
923 1486 971 1538 est
984 1485 1071 1554 atque
1081 1489 1117 1540 5⁰

54 1585 75 1624 rs
84 1561 220 1622 oleaster.
258 1560 328 1619 tolia
342 1567 436 1618 autem
450 1568 557 1620 tantum
566 1565 596 1622 iu
609 1580 663 1622 usu
675 1570 706 1620 et
719 1562 754 1621 ad
768 1562 917 1621 infantium
932 1560 1031 1620 ulcera
1043 1568 1074 1620 et

83 1648 111 1706 in
125 1663 191 1719 ore,
207 1653 238 1703 et
253 1642 472 1702 conmanducata
487 1651 517 1702 et
528 1644 661 1720 decocta,
675 1646 785 1704 urinum
798 1645 888 1719 cient,
903 1661 1021 1704 menses
1035 1644 1074 1702 si·

84 1736 161 1788 stunt
175 1726 275 1801 inlita,
292 1727 458 1802 sanguinem
475 1735 544 1803 potu
561 1727 722 1787 detrahunt.

143 1809 225 1888 (35.)
254 1808 382 1868 sabucus
394 1808 481 1868 habet
492 1809 613 1870 aiterum
624 1827 717 1886 genus
732 1810 824 1884 magis
839 1808 976 1867 silvestre
993 1807 1070 1883 quod
1082 1818 1115 1869 51

85 1893 189 1953 Graeci
205 1892 423 1967 chamaeacteu,
438 1891 485 1952 ulii
501 1892 601 1952 helion
615 1899 737 1968 vocant,
748 1890 838 1953 multo
854 1890 983 1950 brevius.
1006 1891 1075 1948 utri·

50 1993 178 2052 musque
193 1976 341 2036 decoctum
356 1975 385 2032 in
400 1977 467 2034 viuo
483 1976 594 2050 veteri,
616 1974 753 2034 loliorum
767 1973 816 2034 vel
832 1975 951 2034 seminis
966 1972 1016 2034 vel
1030 1990 1075 2032 ra·

84 2059 176 2133 dicis,
192 2057 227 2117 ad
242 2057 359 2134 cyathos
375 2057 458 2117 binos
474 2067 573 2135 potum
588 2058 737 2118 stomacho
752 2056 855 2118 inutile
864 2066 928 2133 est,
942 2057 1010 2116 alvo
1024 2056 1074 2116 de·

83 2141 202 2202 trahens
222 2157 327 2218 aquam.
360 2141 516 2217 refrigerat
538 2143 626 2202 etiam
646 2140 917 2216 inflammationem,
941 2157 1072 2200 muume

83 2226 210 2284 recentis
233 2207 354 2284 ambusti
376 2232 406 2283 et
426 2226 505 2284 cauis
528 2241 654 2286 morsuum
674 2243 738 2284 cum
757 2223 876 2302 polenta
896 2222 1074 2284 mollissimis

83 2301 218 2368 foliorum
231 2306 329 2368 inlitis.
354 2323 439 2366 suctus
452 2307 567 2368 cerebri
578 2307 770 2368 collectiones
783 2308 972 2384 privatimque
986 2323 1073 2366 mem·

53 2390 189 2450 ²⁵bmnac
204 2407 278 2469 quae
295 2393 370 2450 circa
386 2389 536 2450 cerebrum
552 2399 597 2450 est
614 2391 687 2450 lenit
701 2391 820 2453 inlusus.
850 2391 923 2450 nclm
943 2391 1006 2449 eius
1029 2391 1071 2448 in·
1082 2397 1116 2451 52

84 2473 225 2533 firmiores
237 2491 320 2550 quem
334 2473 445 2550 relique
460 2474 572 2548 tingunt
593 2474 744 2552 capillum,
763 2476 826 2550 poti
839 2472 982 2533 acetabuli
995 2489 1073 2530 meu·

82 2574 147 2616 sura
172 2559 283 2616 urinam
301 2564 426 2614 movent.
463 2556 597 2616 loliorum
622 2556 791 2616 mollissima
809 2575 848 2616 ex
869 2555 938 2616 oleo
959 2560 990 2612 et
1011 2551 1074 2612 sule

83 2638 203 2701 eduntur
219 2637 255 2698 ad
269 2640 399 2716 pituitam
414 2638 559 2716 bilemque
579 2639 791 2700 &hahendam
819 2638 856 2698 ad
872 2638 966 2697 omnia
979 2635 1075 2694 etica-

81 2724 143 2780 cior
163 2740 240 2800 quae
261 2724 362 2781 minor.
395 2722 498 2781 radicis
522 2723 584 2782 eius
600 2723 741 2782 decoctae
762 2723 793 2782 in
812 2724 881 2781 vino
900 2720 958 2779 duo
978 2716 1073 2793 cynthi

47 2807 141 2881 epoti
165 2805 343 2882 hydropicos
365 2807 547 2880 exinaniunt,
567 2805 670 2864 volvas
685 2804 852 2881 emolliant,
866 2805 918 2865 bus
943 2809 974 2862 et
989 2799 1075 2860 folio·

80 2905 142 2946 rum
170 2889 294 2948 decocta
318 2888 507 2948 insidentium.
548 2887 647 2949 caules
674 2889 769 2948 teneri
789 2888 912 2948 mitioris
929 2884 1029 2942 sabuci
1045 2884 1076 2940 in

79 2972 187 3047 patinis
208 2973 287 3032 cocti
310 2970 557 3046 nicomachum,
584 2973 726 3032 resistunt
748 2971 820 3031 ielis
842 2978 872 3028 et
896 2967 1075 3042 serpentium

80 3053 187 3114 ictibus
202 3054 232 3114 iu
247 3054 317 3112 vino
330 3062 407 3130 potu.
440 3054 577 3131 podagris
592 3071 655 3114 cum
669 3054 745 3114 sebo
758 3053 870 3114 hircino
880 3050 1071 3111 vehementer
1082 3057 1119 3111 53

5 3163 6 3168 κ
81 3145 205 3212 prosunt
220 3136 356 3196 cauliculi
369 3137 461 3213 inliti,
476 3137 563 3198 iidem
582 3138 613 3196 iu
626 3154 698 3215 aqua
721 3141 901 3196 macerantur
921 3140 953 3190 ut
974 3147 1075 3209 sparsa

49 3227 119 3278 toea
143 3219 257 3297 pulices
284 3229 430 3280 necentur.
459 3219 597 3280 loliorum
618 3220 742 3280 decocto
764 3221 790 3278 si
813 3217 895 3276 locus
911 3222 1075 3291 spargatur,
1133 3263 1139 3268 .

81 3317 197 3362 tuscus
211 3310 360 3364 necantur.
390 3303 447 3364 beu
456 3301 617 3381 appellatur
629 3302 748 3362 morbus
759 3300 935 3378 populorum,
949 3315 1013 3356 cum
1028 3313 1076 3354 ru-

83 3381 312 3464 contempora,
334 3385 432 3446 sabuci
453 3401 532 3446 runo
552 3385 730 3446 verberatur.
758 3392 863 3444 cortex
882 3382 1005 3442 interior
1026 3378 1076 3438 tri-

86 3472 135 3525 tus
151 3471 270 3530 euvino
286 3469 355 3532 ulbe
371 3477 457 3546 potus
472 3467 567 3528 alvom
583 3467 682 3528 solvit.
