2484 3817
147 202 210 267 292
489 210 794 261 camutsnounm

147 376 254 445 tenuat,
269 368 400 428 tonsillas
414 368 498 427 sedat
512 375 542 426 et
556 366 677 440 anginas
694 374 724 425 et
736 365 829 424 omnia
844 364 903 423 oris
918 363 997 440 vitiu,
1009 364 1143 443 privatim

146 470 247 513 nomas
260 452 310 526 ibi,
325 455 392 511 item
403 454 527 511 testium.
547 448 665 507 naribus
678 448 786 508 inlitum
798 447 950 507 comitialis
962 449 1047 525 erigit
1059 448 1142 508 attol-

146 538 248 613 litque.
275 534 351 595 idem
373 551 437 593 cum
458 534 627 593 vernatione
649 533 783 609 anguium
806 539 890 591 aceto
911 529 1035 591 admixto
1059 534 1142 591 unice

147 619 306 699 purulentis
327 617 443 677 auribus
467 616 597 695 prodest.
629 614 742 692 quidam
762 614 898 674 bubulum
919 614 960 673 iel
985 615 1144 675 admiscent

146 702 369 763 decoctarnmve
387 701 514 761 carnium
527 698 678 759 testudinis
694 716 794 757 sucum
818 697 913 757 addita
928 715 1022 776 aeque
1039 716 1167 759 verna-s

104 798 139 853 38
149 788 227 847 tione
241 786 384 862 anguium.
413 784 465 844 sed
479 785 548 842 vino
562 782 733 841 testudinem
748 788 902 841 excocunt.
926 782 1075 842 oculorum
1090 782 1143 841 uti·

147 888 204 949 que
219 871 286 929 vitia
299 870 394 928 omnia
408 868 450 926 fel
465 868 610 926 inunctum
624 884 686 925 cum
701 865 789 925 melle
801 863 942 939 emendat,
960 864 1144 925 subfusiones

147 955 231 1013 etiam
251 953 379 1015 marinae
398 950 440 1010 iel
460 968 523 1009 cnm
539 948 684 1009 fluviatilis
700 951 839 1025 sangnine
858 956 888 1006 et
906 948 992 1008 lacte.
1022 948 1144 1027 capillus

145 1036 296 1096 mulierum
315 1034 438 1093 inlicitur
460 1033 548 1109 iclle,
573 1042 673 1092 contra
696 1032 889 1092 salamandras
910 1031 960 1090 uel
981 1050 1079 1092 sucum
1094 1031 1143 1090 de·

105 1128 254 1187 39coctaa
278 1116 388 1177 bibisse
408 1118 479 1176 satis
502 1126 556 1176 est.
589 1116 715 1177 Tertium
737 1133 830 1193 genus
853 1114 1024 1175 testudinum
1050 1124 1094 1175 est
1115 1115 1179 1177 into

147 1219 239 1263 coeno
254 1211 284 1261 et
299 1199 450 1277 paludibus
465 1201 629 1259 uiuentium.
651 1200 772 1260 latitudo
787 1199 831 1258 his
842 1208 872 1257 et
886 1200 913 1256 in
926 1198 1014 1258 dorso
1030 1200 1144 1279 pectori

147 1285 264 1357 similis,
287 1300 343 1341 nec
366 1299 500 1343 convexo
523 1294 642 1344 curvata
661 1276 780 1359 calyce,
803 1285 915 1359 ingrata
935 1284 1008 1341 visu.
1037 1300 1074 1342 ex
1089 1283 1144 1343 bac

147 1385 264 1446 quoque
279 1376 373 1425 tamen
389 1366 484 1444 aliqua
499 1368 667 1443 contingunt
681 1367 795 1427 auxilia.
822 1376 882 1425 tres
896 1384 1022 1444 namque
1034 1369 1063 1425 in
1080 1385 1143 1425 suc·

149 1469 238 1511 censa
251 1459 394 1509 sarmenta
410 1451 543 1510 coiectae
553 1449 743 1509 dividentibus
760 1468 793 1509 se
807 1452 970 1527 tegimentis
987 1452 1143 1530 rapiuntur,

146 1544 203 1593 tum
220 1533 339 1593 evolsae
357 1551 461 1593 carnes
476 1552 573 1593 earnm
587 1543 726 1593 cocuntur
741 1535 769 1602 in
782 1536 887 1609 congio
904 1551 995 1612 aquae
1012 1534 1179 1595 salomo-1⁵

147 1619 213 1679 dice
228 1616 336 1693 addito,
351 1619 390 1676 itu
408 1616 595 1677 decoctarum
611 1618 762 1677 adtentius
781 1619 870 1695 partis
886 1635 972 1676 sucus
989 1616 1144 1696 paralysim

147 1712 178 1762 et
190 1702 371 1763 articularios
384 1701 502 1761 morbos
519 1702 710 1761 sentientibus
724 1700 839 1762 bibitur.
863 1701 986 1761 detrahit
999 1702 1072 1761 idem
1091 1700 1142 1777 iel,

147 1787 263 1865 pituitas
279 1786 505 1863 sanguinemque
518 1787 655 1845 vitiatum.
681 1787 789 1845 sistitur
810 1784 898 1844 abeo
915 1785 1043 1844 remedio
1060 1784 1143 1843 alvos

104 1878 243 1948 itaquae
259 1867 383 1945 frigidae
399 1879 481 1947 potu.
506 1868 532 1929 Ε
552 1878 654 1947 quarto
675 1886 784 1945 genere
805 1869 975 1929 testudinum
990 1886 1064 1948 qnae
1079 1877 1144 1927 sunt

147 1955 176 2012 in
193 1950 323 2012 amnibus
338 1952 512 2011 divolsarum
525 1954 639 2031 pinguia
653 1970 715 2012 cum
727 1954 810 2013 ainoo
823 1951 913 2012 herba
924 1960 1006 2011 tunsa
1018 1953 1142 2011 admixto
1152 1972 1180 2011 ao

147 2043 294 2110 unguento
304 2044 334 2093 et
344 2036 453 2095 semiue
464 2035 516 2110 lili,
524 2038 548 2094 si
559 2044 626 2095 ante
638 2038 826 2095 accessiones
838 2046 1051 2114 perunguantur
1062 2035 1144 2111 aegri

148 2126 266 2195 praeter
277 2127 374 2194 caput,
386 2136 454 2177 mox
468 2119 750 2179 convoluticalidam
765 2136 865 2197 aquam
878 2119 985 2195 bibant,
999 2119 1143 2197 quartanis

148 2200 273 2261 liberare
289 2200 431 2260 dicuntur.
460 2203 533 2262 banc
555 2202 725 2261 testudinem
745 2204 841 2281 quinta
857 2203 975 2263 decuma
996 2203 1061 2262 luna
1078 2202 1145 2280 capi

149 2292 290 2361 oportere
310 2292 343 2343 ut
365 2284 430 2362 plus
450 2286 595 2362 pinguium
615 2288 788 2364 reperiatur,
812 2305 910 2346 varum
926 2304 1045 2363 aegrum
1060 2294 1144 2345 sexta

50 2358 56 2371 ’
149 2367 268 2427 decuma
284 2366 350 2427 lnua
366 2371 517 2445 perungui.
539 2387 578 2427 ex
593 2370 697 2429 eodem
712 2388 823 2446 genere
840 2370 1010 2429 testudinum
1026 2371 1180 2445 sanguists

106 2461 139 2515 41
152 2449 305 2510 instillatus
319 2449 443 2510 cerebro
460 2452 562 2529 capitis
579 2452 698 2513 dolores
712 2453 809 2531 sedat,
829 2455 896 2513 item
911 2462 1043 2513 strumas.
1072 2454 1145 2511 Sunt
1161 2470 1169 2480 ¹

150 2535 199 2611 qui
213 2532 386 2600 testudinum
402 2536 569 2611 sanguinem
586 2536 680 2595 cultro
701 2554 792 2596 aereo
816 2539 978 2615 supinarum
1001 2536 1143 2615 capitibus

150 2617 290 2696 praecisis
307 2618 404 2695 excipi
420 2635 497 2678 nouo
512 2620 591 2679 iictili
606 2620 733 2694 iubeant,
746 2621 842 2695 ignem
856 2638 969 2680 sacrum
984 2622 1142 2680 cuiuscum-

151 2718 207 2778 que
221 2702 338 2776 generis
350 2702 488 2778 sangnine
499 2702 589 2778 inlini,
601 2705 669 2762 item
681 2704 785 2780 capitis
800 2704 898 2764 ulcera
913 2708 1064 2778 manantia,
1076 2720 1142 2762 ver-

149 2800 246 2843 rucas.
261 2783 346 2843 iidem
357 2786 523 2861 promittunt
532 2786 703 2847 testudinum
715 2788 837 2847 omnium
849 2789 915 2847 limo
925 2804 1017 2866 panos
1029 2786 1140 2847 discuti.
1151 2802 1179 2845 ao

151 2874 231 2925 et·-
243 2866 412 2927 incredibile
427 2867 555 2929 dictu—
565 2864 653 2947 aliq‘ui
667 2868 780 2931 tradunt
794 2870 902 2931 tardius
917 2873 960 2931 ire
971 2871 1085 2946 navigia
1100 2878 1142 2928 te·

151 2949 270 3010 studiuis
285 2950 388 3027 pedem
400 2952 531 3012 dextrum
545 2953 689 3013 tabentia.

108 3041 143 3093 42
215 3033 297 3111 (15.)
318 3033 391 3095 llinc
412 3036 516 3096 deinde
535 3039 564 3097 in
584 3035 705 3095 morbos
726 3036 891 3112 digeremus
912 3036 1061 3115 aquatilia,
1085 3052 1143 3095 non

151 3117 217 3193 quia
236 3117 402 3191 ignoremus
415 3122 572 3196 gratiorem
589 3136 658 3179 esse
677 3120 892 3181 universitatem
909 3120 1069 3181 animalium
1083 3137 1142 3177 ma·

150 3198 279 3276 iocisque
296 3203 435 3278 mimculi,
451 3204 503 3264 sed
517 3204 574 3263 boc
590 3204 687 3263 utilius
703 3212 748 3263 est
762 3204 850 3279 vitae,
863 3203 1020 3265 contributa
1032 3202 1141 3263 babere
1150 3219 1180 3263 os

151 3283 286 3356 remedia,
302 3304 366 3345 com
382 3285 458 3348 aliud
479 3288 529 3349 alii
546 3289 649 3365 prosit,
665 3286 742 3348 aliud
756 3287 823 3346 alibi
843 3288 955 3347 facilius
971 3289 1142 3347 inveniatur.

108 3373 144 3427 to
213 3365 242 3425 5.
265 3367 348 3447 (16.)
370 3367 548 3433 Venenatnm
563 3370 620 3429 mel
633 3370 756 3430 diximus
771 3369 818 3429 nbi
832 3380 1009 3431 nasceretur.
1034 3370 1141 3431 auxilio

108 3444 215 3491 ’ΨΜ
225 3457 270 3508 est
281 3452 370 3528 piscis
379 3464 476 3514 aurata
488 3457 517 3515 in
530 3452 606 3513 cibo.
627 3454 712 3523 velsi
723 3471 761 3512 ex
772 3454 859 3515 melle
869 3456 983 3515 sincero
996 3454 1143 3516 fastidium
