2484 3817
182 184 244 245 214
515 190 546 239 c.
563 186 820 237 enmrsnouunr

184 366 302 411 ovorum
321 349 404 407 tunm
426 361 489 404 cunr
510 342 615 418 amylo.
653 342 728 401 aiunt
748 349 777 401 et
795 340 916 401 volnera
940 338 1060 400 candido
1080 336 1163 414 gluti-

141 446 175 497 ιι
186 434 246 493 nari
264 430 452 507 calculosque
469 426 549 505 pelli.
575 425 664 485 Lutea
687 441 805 484 ovorum
824 433 907 485 cocta
924 431 955 483 ut
972 422 1164 496 indurescant,
1238 456 1239 469 ι

183 516 307 577 admixto
323 529 412 572 croco
427 511 557 586 modice,
575 501 644 569 idern
665 508 768 584 melle,
790 526 827 567 ex
846 507 921 567 lacte
940 505 1066 566 mulieris
1088 504 1166 563 inlita

182 600 301 660 dolores
319 596 466 655 oculorum
480 590 624 669 mitigant,
650 592 697 651 vel
719 608 781 650 cum
796 606 918 650 rosaceo
941 598 970 649 et
989 588 1081 648 mulso
1102 587 1166 647 lana

183 682 276 742 oculis
293 680 427 757 inposita,
442 678 490 736 vel
506 694 569 735 oum
583 677 650 734 trito
666 676 713 753 api
728 676 836 733 semine
850 691 885 733 ac
900 674 1016 751 polenta
1032 672 1059 731 in
1073 670 1188 729 mulsos

181 767 268 826 inlita.
307 762 428 842 prodest
442 769 471 819 et
483 758 667 819 tussientibus
688 776 742 835 per
761 776 794 817 se
815 758 921 817 luteum
944 755 1110 815 devoratum
1135 753 1166 813 li·

183 849 295 927 quidum
316 850 354 905 ita
368 854 398 903 nt
413 842 544 903 dentibus
557 858 616 900 non
636 841 804 917 attingatur,
827 840 953 900 thoracis
968 836 1167 898 destillationi·

182 934 245 1006 bus,
261 932 383 990 lancium
395 926 557 999 scabritiae.
578 924 709 1003 privatim
725 934 824 984 contra
832 921 1080 983 haemorrhoidum
1093 936 1167 979 mor·
1238 974 1239 1003 ,

140 1028 244 1083 tasum
261 1014 385 1072 inlinitur
399 1009 590 1085 sorbeturque
611 1007 736 1067 crudum.
763 1006 882 1086 prodest
899 1015 927 1065 et
943 1005 1077 1081 renibus,
1091 1004 1167 1063 vesi·
1238 1034 1239 1083 ι

184 1117 238 1160 cae
251 1093 414 1156 rosionibus
429 1090 745 1167 exulcerationibusque
764 1100 793 1150 et
808 1098 923 1151 eruenta
938 1086 1167 1148 exscrcantibus.
1179 1107 1203 1149 ro
1238 1114 1239 1155 ι

186 1184 310 1261 quinque
325 1193 444 1235 ovorum
461 1176 539 1235 lutea
555 1175 584 1233 in
600 1176 658 1253 vini
673 1174 785 1235 hemina
802 1174 888 1233 cruda
905 1172 1057 1233 sorbentur
1072 1171 1167 1245 dysin·

184 1266 284 1325 tericis
300 1279 362 1320 oum
380 1262 477 1318 cinere
497 1259 648 1337 putaminis
664 1259 707 1316 sni
729 1266 758 1317 et
779 1258 932 1335 papaveris
948 1270 1019 1315 suco
1040 1272 1075 1313 ac
1090 1255 1167 1313 vino.
1238 1328 1239 1335 ἵ

184 1347 285 1407 dantur
301 1344 437 1402 coeliacis
463 1361 526 1401 cum
548 1359 620 1400 uuae
643 1358 749 1419 passae
770 1341 884 1419 pinguis
906 1340 968 1417 pari
990 1338 1119 1416 pondere
1140 1346 1170 1397 et
1238 1358 1239 1423 j

183 1429 312 1489 malicori
328 1444 380 1505 per
398 1425 518 1484 triduum
537 1425 637 1501 aequis
655 1424 850 1502 portionibus,
871 1431 900 1482 et
918 1423 975 1483 alio
990 1421 1075 1481 modo
1091 1420 1169 1480 lutea
1238 1432 1239 1447 ¹

185 1528 303 1573 ovorum
317 1512 408 1585 trium,
425 1507 497 1568 lardi
512 1510 619 1568 veteris
635 1517 663 1567 et
677 1508 770 1567 mellis
786 1506 997 1586 quadrantibus,
1014 1506 1073 1564 vini
1087 1513 1168 1565 vete·
1180 1523 1203 1563 rc

184 1599 223 1656 ris
239 1594 349 1669 cyathis
365 1593 471 1667 tribus,
488 1594 552 1651 trita
568 1590 603 1651 ad
619 1592 835 1650 crassitudinem
848 1590 941 1649 mellis
955 1599 996 1666 et,
1016 1606 1079 1647 cum
1094 1605 1169 1665 opus
1238 1632 1239 1669 ,

141 1682 233 1754 r-tsit,
249 1678 400 1737 abellanae
416 1676 497 1734 nucis
512 1673 705 1751 magnitudine
721 1692 758 1733 ex
774 1682 945 1752 aquaputa,
967 1674 1033 1742 item
1049 1690 1086 1731 ex
1101 1670 1168 1730 oleo
1238 1700 1239 1729 ι

183 1764 266 1822 iricta
282 1769 373 1837 terna,
393 1760 460 1819 totis
476 1760 539 1818 ovis
556 1758 648 1835 pridie
662 1759 812 1817 maceratis
827 1759 856 1816 in
868 1766 968 1833 aceto,
989 1758 1031 1816 sic
1057 1764 1086 1814 et
1098 1754 1169 1814 lien·
1238 1780 1239 1829 ι

124 1839 142 1871 “
182 1846 291 1918 teriois,
304 1845 468 1919 sanguinem
480 1851 573 1921 autem
584 1841 768 1901 reicientibus
780 1859 843 1901 cum
855 1840 945 1900 tribus
957 1839 1065 1914 cyathis
1073 1840 1169 1897 musti.

183 1937 298 1988 utuntur
315 1926 415 1985 iisdem
431 1925 465 1985 ad
482 1926 614 2000 liuentia,
637 1927 661 1984 si
675 1925 833 1984 vetustiora
856 1926 926 1998 sint,
945 1941 1008 1981 curn
1024 1922 1119 1982 bulbis
1135 1940 1202 1984 aceo

183 2011 279 2069 melle.
307 2010 409 2068 sistunt
426 2017 456 2067 et
469 2026 584 2067 menses
598 2008 746 2067 mulierum
760 2016 843 2067 cocta
858 2016 887 2067 et
901 2008 929 2065 in
942 2008 1009 2065 vino
1025 2014 1112 2083 pota,
1126 2006 1168 2064 in·
1238 2008 1239 2037 ³

142 2104 176 2157 45
188 2094 320 2151 dationes
336 2107 451 2169 quoque
466 2092 571 2151 volvae
587 2091 752 2162 crudosum
766 2091 834 2149 oleo
850 2099 899 2150 aut
914 2090 981 2149 vino
996 2089 1084 2149 inlita.
1114 2090 1168 2147 uti·

185 2176 221 2235 lia
236 2183 344 2233 suntet
359 2174 483 2233 cervicis
500 2173 647 2233 doloribus
662 2192 726 2232 cum
740 2175 873 2233 anserino
888 2175 974 2250 adipe
991 2181 1019 2231 et
1033 2189 1169 2246 rosaceo,
1238 2236 1239 2239 ,

185 2259 263 2317 sedis
281 2258 366 2316 etiam
380 2257 455 2316 vitiis
471 2256 599 2317 indurata
610 2258 670 2333 igni
685 2267 715 2317 ut
731 2258 828 2318 calore
849 2272 963 2335 quoque
986 2256 1113 2333 prosint,
1140 2264 1171 2314 et
1238 2252 1239 2319 l

185 2340 392 2414 condylomatis
413 2351 475 2400 curn
497 2357 639 2416 rosaceo,
662 2342 730 2400 item
759 2340 894 2401 ambustis
919 2340 1017 2399 durata
1036 2340 1063 2397 in
1084 2354 1205 2416 aquaso
1238 2332 1239 2343 ’

185 2441 253 2483 mox
267 2424 296 2481 in
310 2440 400 2501 pruna
422 2423 610 2502 putaminibus
629 2425 756 2498 exustis,
775 2433 832 2483 tum
846 2424 923 2483 lutea
938 2441 975 2481 ex
987 2438 1111 2481 rosaceo
1128 2424 1170 2481 in·

185 2508 317 2567 linuntur.
347 2505 431 2565 Fiunt
445 2516 474 2565 et
489 2515 549 2565 tota
565 2506 652 2583 lutea,
668 2523 742 2584 quae
756 2516 862 2566 vocant
876 2508 980 2580 sitista,
997 2522 1061 2563 cum
1075 2504 1171 2573 triduo

184 2586 309 2649 incubita
329 2588 474 2648 tolluntur.
516 2590 697 2650 Stomachum
721 2590 889 2649 dissolutum
911 2588 1077 2648 confirmant
1099 2587 1173 2665 pulli

186 2689 305 2733 ovorum
322 2690 383 2730 cum
401 2672 497 2749 gallae
512 2672 642 2749 dimidio,
662 2675 700 2733 ita
720 2692 757 2733 ne
772 2682 837 2731 anto
852 2672 919 2733 duas
940 2672 1026 2731 horas
1040 2670 1112 2731 alius
1129 2671 1171 2729 ci-

184 2757 239 2815 bus
254 2764 386 2813 sumatur.
417 2756 484 2814 dant
506 2765 535 2814 et
554 2756 735 2830 dysintericis
755 2756 850 2835 pullos
871 2758 899 2815 in
918 2756 983 2835 ipso
1001 2771 1058 2813 ovo
1080 2753 1207 2813 dcco-sc

186 2849 251 2899 ctos
266 2839 389 2897 admixta
404 2840 461 2897 vini
475 2842 581 2898 austeri
596 2840 708 2899 hemina
725 2848 753 2899 et
768 2839 928 2918 parimodo
945 2838 1002 2899 olei
1018 2836 1171 2915 polentae-

143 2933 177 2997 to
188 2941 253 3001 que.
278 2922 443 2981 blembrana
461 2924 595 3000 putamini
611 2924 740 2982 detracta
758 2924 820 2981 sive
842 2923 929 2984 crudo
951 2923 1012 2981 sive
1029 2929 1114 2981 cocto
1130 2919 1171 2979 la·

105 2996 110 3017 “
185 3006 297 3065 biorum
313 3005 422 3064 fissuris
437 3005 580 3082 medetur,
600 3008 751 3085 putaminis
774 3007 845 3065 cinis
868 3006 896 3064 in
912 3007 978 3065 vino
996 3012 1081 3082 potus
1104 3020 1171 3081 san·

184 3089 278 3163 guinis
293 3087 498 3166 eruptionibus.
540 3088 668 3148 comburi
680 3090 742 3147 sine
756 3089 919 3148 membrana
933 3096 1059 3167 oportet,
1081 3088 1126 3146 sic
1140 3088 1172 3146 fit

186 3179 216 3227 et
226 3170 422 3230 dentifricium.
444 3171 519 3231 idem
534 3173 605 3231 cinis
617 3179 646 3229 et
660 3172 808 3231 mulierum
818 3188 933 3231 menses
946 3189 1007 3229 cum
1021 3186 1116 3229 murra
1128 3172 1170 3229 in·
1181 3184 1207 3225 as

185 3253 252 3312 litus
267 3254 352 3313 sistit.
383 3256 499 3314 firmitas
514 3254 683 3333 putaminum
698 3263 773 3314 tanta
795 3263 840 3313 est
856 3264 886 3314 ut
898 3262 977 3313 recta
996 3272 1052 3313 nec
1069 3255 1097 3312 ui
1113 3272 1172 3313 nec

185 3336 313 3412 pondere
328 3338 386 3398 ullo
402 3339 581 3417 frangantur,
600 3354 656 3397 nec
669 3338 723 3397 nisi
739 3337 852 3415 paulum
865 3336 970 3397 inilexa
983 3337 1170 3399 rotunditate.

142 3427 176 3483 47
186 3418 258 3480 Tota
272 3436 327 3480 oua
341 3422 472 3484 adiuuant
488 3430 680 3502 pantaucum
696 3428 759 3481 ruta
776 3429 804 3481 et
819 3430 903 3483 aneto
925 3428 954 3480 et
970 3422 1084 3482 cumino
1097 3429 1172 3501 pota
