2484 3817
138 189 179 250 30
490 201 797 249 c.ac1x1sucono1

139 361 225 412 uncto
249 355 338 412 nutrit
360 354 511 432 capillum,
540 363 571 414 et
585 371 623 412 eo
640 353 676 413 ad
689 353 837 431 alopecias
852 356 896 414 sic
918 363 1045 415 utuntur.
1076 373 1131 435 quo

140 435 231 513 pluris
257 453 346 496 nuces
375 440 440 514 quis
459 439 554 498 ederit
579 436 635 496 hoc
655 437 768 498 facilius
790 439 900 498 taenias
928 439 1020 516 pellit.
1060 457 1132 516 quae

140 527 315 595 perveteres
331 530 397 579 sunt
410 540 500 581 nuces
515 521 690 597 gangraenis
712 529 743 580 et
768 521 949 581 carbunculis
971 522 1131 600 medentur,

138 603 209 661 item
224 603 401 680 suggillatis,
410 614 514 665 cortex
530 602 704 679 iuglandium
721 603 865 664 lichenum
876 607 949 664 vitio
963 613 993 664 et
1008 604 1132 680 dysinte-

96 685 244 762 149ricis,
272 686 344 746 lolia
369 689 436 748 trita
459 705 521 748 cum
541 695 626 745 aceto
649 690 758 747 aurium
776 687 880 748 dolori.
912 691 941 747 in
963 691 1154 748 sanctuariiss

137 766 311 830 Mithridatis
327 772 449 832 maxumi
467 772 547 846 regis
565 769 671 830 devicti
694 769 744 831 Cn
771 771 927 848 Pompeius
952 773 1063 831 invenit
1083 790 1132 850 pe·

139 851 240 912 culiari
268 856 474 915 commentario
500 855 593 930 ipsius
611 872 694 913 manu
717 856 951 932 conpositionem
970 855 1091 915 antidoti
1115 875 1132 914 e

138 934 249 996 duabus
267 939 387 999 nucibus
408 937 511 1012 siccis,
539 939 609 996 item
627 938 689 996 licis
712 938 833 998 totidem
852 947 883 997 ct
900 947 981 997 mtac
999 938 1078 999 foliis
1093 941 1134 997 vi-

139 1021 213 1095 ginti
231 1021 314 1081 simul
330 1023 422 1095 tritis,
437 1019 534 1080 addito
552 1021 620 1080 salis
637 1039 746 1097 grano,
771 1030 802 1080 et
816 1023 865 1099 qui
879 1021 936 1080 hoc
952 1023 1065 1080 ieiunus
1088 1040 1133 1080 su·
1151 1080 1159 1099 x

139 1112 197 1162 mat
215 1104 322 1164 nullum
336 1120 478 1162 venenum
494 1106 655 1164 nociturum
670 1104 722 1164 illo
738 1105 793 1164 die.
822 1113 924 1164 contra
935 1105 1046 1164 rabiosi
1064 1122 1133 1182 quo·
1144 1123 1170 1162 ro

139 1203 197 1262 que
219 1189 297 1246 canis
320 1203 446 1245 morsum
469 1187 498 1246 hi
517 1187 610 1247 nuclei
636 1205 653 1245 a
674 1189 772 1247 ieiuno
788 1188 905 1248 homine
920 1187 1134 1248 conmanducati

138 1269 271 1346 inlitique
282 1271 430 1346 praesenti
446 1271 575 1331 remedio
594 1289 663 1330 esse
678 1272 816 1330 dicuntur.

96 1361 149 1414 150
198 1353 279 1429 (78.)
311 1351 409 1412 Nuces
425 1353 575 1414 abellanae
599 1356 703 1432 capitis
720 1354 852 1414 dolorem
871 1355 980 1414 faciunt
1004 1364 1035 1415 et
1055 1354 1134 1414 intla-

139 1436 250 1495 tioncm
263 1436 414 1511 stomachi,
427 1439 545 1516 corpori
559 1447 590 1496 et
598 1438 793 1520 pinguitudini
805 1439 959 1498 conienrnt
972 1440 1037 1519 plus
1051 1455 1134 1516 quam

138 1520 178 1578 sit
199 1518 366 1578 verisimile.
404 1520 459 1580 hae
480 1530 576 1582 tostae
600 1530 632 1580 et
657 1521 847 1590 destillationi
871 1523 1039 1599 medentur,
1060 1525 1132 1582 tussi
1146 1548 1171 1587 rs

138 1619 254 1679 quoque
276 1606 371 1662 veteri
396 1606 483 1664 tritae
506 1607 535 1663 in
550 1622 623 1681 aqua
638 1604 729 1664 mulsa
750 1613 847 1681 potae.
881 1606 995 1683 quidam
1009 1607 1135 1665 adiciunt

137 1703 227 1762 grana
243 1687 366 1764 piperis,
382 1687 430 1748 alii
447 1707 464 1748 c
482 1706 570 1765 passo
586 1688 696 1747 bibunt.
728 1687 853 1747 Pistacia
874 1688 995 1749 eosdem
1011 1708 1080 1748 usus
1104 1698 1134 1747 et

138 1769 261 1829 effectus
279 1769 387 1830 habent
404 1789 478 1849 quos
494 1772 588 1832 nuclei
604 1774 683 1850 pinei
707 1779 883 1849 praeterque
897 1772 933 1831 ad
954 1774 1134 1850 serpentium

138 1855 228 1928 ictus,
244 1854 307 1914 sive
324 1855 443 1915 edantur
460 1857 522 1916 sive
537 1855 681 1916 bibantur.
716 1853 878 1916 Castaneae
893 1856 1084 1916 vehementer
1096 1857 1134 1913 si-

138 1943 217 1994 stunt
231 1937 372 1998 stomachi
389 1946 420 1998 et
436 1941 547 1998 ventris
567 1938 734 2017 fluctiones,
749 1940 844 2000 alvom
860 1941 950 2016 cient,
966 1941 1172 2016 sanguinemno

139 2021 359 2080 exscreantibus
377 2031 511 2099 prosunt,
526 2025 620 2082 carnis
637 2022 724 2083 alunt.

97 2113 146 2165 151
197 2103 279 2182 (79.)
309 2105 438 2181 Siliquae
455 2114 591 2164 recentes
604 2107 753 2167 stomacho
766 2107 883 2166 inutiles
899 2105 994 2164 alvom
1008 2105 1133 2165 solvont.

139 2187 260 2246 eaedem
282 2189 407 2248 siccatae
429 2189 534 2247 sistunt
551 2189 758 2267 stomachoque
770 2189 903 2248 utiliores
919 2187 1006 2264 liunt,
1026 2190 1135 2247 urinam

138 2271 225 2328 cient.
257 2269 390 2346 Syriacas
402 2273 432 2330 in
450 2271 554 2331 dolore
573 2272 712 2332 stomachi
732 2282 829 2331 ternas
845 2273 875 2330 in
888 2287 980 2346 aquae
997 2273 1134 2330 sextariis

138 2352 281 2420 decocunt
297 2355 409 2430 quidam
423 2354 457 2413 ad
479 2357 623 2416 dimidium
640 2373 762 2433 eumque
775 2372 873 2413 sucum
888 2353 1001 2413 bibunt.
1036 2352 1132 2414 Sudor
1143 2377 1174 2418 aa

138 2438 241 2514 virgae
265 2440 346 2497 corni
372 2439 486 2498 arboris
512 2439 601 2498 lamna
627 2439 767 2498 candente
789 2439 887 2496 ferrea
910 2446 1050 2515 exceptus
1074 2454 1134 2496 non

139 2523 328 2598 contingente
344 2521 424 2598 ligno
442 2521 580 2599 inlitaque
597 2521 663 2580 inde
681 2523 801 2597 ferrugo
816 2521 979 2596 incipientis
1001 2518 1132 2579 lichenas

140 2613 229 2662 sanat.
257 2604 387 2664 Arbutus
399 2607 462 2665 sive
476 2607 570 2666 unedo
584 2607 707 2662 fructum
718 2604 776 2663 lert
791 2602 937 2661 difficilem
948 2602 1134 2661 concoctioni

140 2694 172 2746 et
188 2686 336 2747 stomacho
351 2688 489 2748 inutilem,

100 2781 149 2833 152
203 2769 284 2850 (80.)
311 2770 420 2833 Laurus
442 2771 675 2830 excalfactoriam
695 2777 822 2828 naturam
841 2769 930 2828 babet
944 2777 974 2828 et
996 2767 1075 2828 loliis
1101 2779 1175 2831 etoo

140 2857 251 2914 cortice
272 2863 302 2915 et
328 2854 407 2914 bacis
434 2857 561 2931 itemque
588 2853 738 2912 decoctum
759 2871 798 2911 cx
814 2852 876 2927 his,
896 2870 1026 2912 muume
1042 2851 1133 2928 loliis,

141 2938 284 3015 prodesse
305 2938 401 2997 volvis
426 2945 456 2997 et
476 2940 583 2996 vesicis
604 2938 749 2996 convenit.
784 2936 864 2994 inlita
886 2953 958 2994 vero
980 2953 1134 3012 vesparum
1181 2955 1187 2965 ·

141 3021 370 3098 crabronumque
388 3023 544 3099 etapium,
564 3022 634 3080 item
649 3020 827 3097 serpentium
841 3021 962 3078 venenis
981 3021 1133 3095 resistunt,

141 3121 270 3164 maxume
297 3123 404 3183 sepos,
425 3106 551 3183 dipsadis
576 3113 606 3164 et
632 3106 761 3181 viperae.
794 3112 916 3180 prosunt
933 3112 963 3162 et
983 3102 1133 3160 mensibus

141 3189 308 3248 feminarum
323 3207 385 3248 curn
403 3189 471 3250 oleo
488 3197 586 3264 cocta,
601 3206 665 3248 curu
679 3187 796 3265 polenta
820 3195 914 3246 autem
932 3204 1005 3264 quae
1030 3193 1171 3260 temerans

142 3279 208 3329 sunt
224 3273 291 3330 trita
304 3273 339 3332 ad
348 3272 585 3332 inflammationes
598 3270 758 3348 oculorum,
773 3289 836 3331 cum
849 3280 911 3330 ruta
926 3270 1051 3344 testium,
1067 3287 1134 3327 cum

144 3371 277 3416 rosaceo¹
289 3358 392 3434 capitis
408 3356 538 3433 dolores,
564 3364 612 3416 aut
628 3373 692 3414 cum
707 3357 791 3415 irino.
824 3356 891 3432 quin
910 3362 940 3412 et
960 3350 1133 3412 conmandu-

144 3445 205 3496 cata
220 3447 307 3515 atque
322 3441 460 3501 devorata
480 3459 534 3520 per
556 3443 679 3502 triduum
695 3448 776 3500 terna
792 3437 917 3498 liberant
933 3437 1015 3511 tussi,
1028 3434 1132 3494 eadem
