2484 3817
356 258 436 303 usn.
453 256 657 305 n1sn.xx111.
674 255 698 306 1.
718 244 870 322 (nt—ut.)
1074 242 1112 305 13

176 408 263 487 (27.)
289 408 356 469 Vini
372 410 457 470 etiarn
470 412 571 469 vitium
584 410 728 469 transitio
739 412 875 472 remedia.
897 413 994 472 Aoeto
1006 428 1112 471 summa
1122 421 1157 477 ot

115 494 158 552 ris
176 500 224 553 est
238 495 268 553 in
283 493 501 570 refrigerando,
523 510 584 553 nou
598 501 693 553 tamen
708 496 802 554 minor
816 498 846 555 in
859 494 1056 571 discutiendo,
1073 496 1115 553 ita

115 578 146 636 dt
164 586 195 635 ut
217 576 314 636 iniuso
335 585 432 636 terrae
454 584 575 655 spumet.
607 576 713 635 diota!
733 587 781 637 est
804 581 921 656 saepius
943 579 1114 655 diceturque

116 663 252 738 quotiens
277 678 340 719 oum
362 659 426 719 aliis
448 663 550 739 prosit.
590 676 645 738 per
661 678 696 720 se
714 660 844 721 haustum
857 662 972 722 fastidia
985 662 1114 736 dinooth,

95 743 262 821 osinguitus
296 742 432 821 cohibet,
466 751 692 803 sternutamenta
718 743 891 804 oliuotuturn.
936 747 966 805 in
991 744 1114 805 balineis

116 836 213 887 aestus
237 836 336 904 aroet,
357 828 382 886 si
403 829 585 887 contineatur
600 844 664 886 ore.
697 830 814 905 quinat
835 845 899 887 oum
913 846 986 905 aqua
1006 828 1115 887 bibitur

115 911 269 971 multorum
290 910 438 970 stomacho
453 911 580 987 utiliter,
604 913 805 987 gargarizatur
816 928 881 971 eum
894 911 995 971 eadem
1010 928 1115 971 eonva·

116 994 290 1054 lesoentium
312 1002 380 1053 eta
403 993 474 1054 solis
496 994 659 1054 ardoribus.
699 994 794 1054 oeulis
815 1012 933 1073 qnoque
957 994 1010 1053 iiio
1028 994 1115 1053 modo

116 1078 337 1137 saluberrimum
359 1079 430 1137 fotu.
474 1077 606 1138 medetur
632 1085 702 1155 post
723 1086 810 1153 potos
844 1077 1012 1153 hirudines,
1041 1078 1154 1139 itemst

86 1177 108 1217 so
117 1161 227 1239 lepris,
251 1161 428 1238 tardiribus,
457 1160 604 1221 ulceribus
630 1161 827 1237 manantibus,
853 1162 933 1221 oanis
959 1160 1116 1235 morsibus,

115 1246 304 1322 scorpionum
321 1245 442 1321 ictibus,
457 1242 724 1323 scolopendrarom‚
741 1246 829 1304 muris
844 1246 942 1305 arunei
956 1252 1116 1320 nostraque

115 1329 241 1387 omnium
261 1327 458 1389 aculeatorum
474 1345 586 1388 venena
602 1335 634 1387 et
649 1330 792 1405 pruritus,
816 1330 887 1387 item
903 1336 1006 1388 eontra
1021 1326 1115 1387 multi-

114 1410 209 1489 pedae
231 1428 365 1471 morsum.
406 1411 528 1471 ualidum
547 1413 577 1471 in
597 1428 746 1489 spongea,
769 1412 885 1472 adieoto
907 1411 1033 1490 sulpuris
1049 1428 1116 1471 sex·

115 1502 195 1555 tante
218 1497 355 1554 sextariis
376 1495 469 1555 trihus
491 1504 539 1554 ant
560 1494 667 1571 hysopi
684 1495 824 1556 iasoioulo
840 1485 973 1555 midetur
986 1503 1021 1555 et
1036 1494 1115 1554 sedis

84 1580 213 1655 avitiis,
235 1579 266 1637 in
284 1580 430 1655 sauguinis
451 1578 587 1639 ductione
608 1586 677 1657 post
697 1580 815 1638 excisos
828 1578 972 1654 salonius,
994 1586 1025 1638 et
1038 1579 1116 1637 omni

113 1662 169 1721 alia
192 1662 270 1721 toris
291 1664 321 1720 in
341 1678 473 1739 spongea
493 1663 666 1741 inpositum,
689 1662 767 1722 intus
789 1669 889 1739 potum
907 1662 1019 1736 spathis
1037 1662 1115 1721 hinis

114 1763 198 1823 quarn
224 1747 402 1804 acerrimum.
443 1746 649 1823 conglobatum
671 1746 773 1821 utique
797 1745 966 1819 sanguinem
986 1743 1158 1806 dissuattd

12 1890 13 1893 ,
116 1837 218 1887 eontra
231 1828 361 1888 liohenas
378 1838 408 1889 ot
423 1829 532 1889 bibitur
548 1837 579 1888 et
594 1829 750 1906 inponitur.
778 1827 860 1885 sistit
875 1826 970 1885 alvom
985 1834 1015 1885 et
1030 1826 1115 1887 rheu·

116 1914 265 1971 matismos
286 1915 502 1974 interaneorum
513 1912 655 1987 infusum,
679 1911 750 1969 item
763 1910 946 1989 prouidentia
960 1908 1038 1969 sedis
1053 1907 1116 1969 vel·

84 2012 242 2071 novaeque.
272 1998 374 2055 tussim
397 2004 530 2057 veterem
553 1994 666 2054 inhibet
687 2001 718 2053 et
738 1994 863 2071 gutturis
885 1992 1115 2068 rheumatismos,

121 2077 345 2157 orthopnoeam,
372 2080 497 2139 dentium
518 2078 778 2138 labefactationem.
811 2078 930 2137 vesieae
950 2085 1038 2137 nooet
1051 2094 1117 2137 ner·

117 2178 276 2239 verumque
303 2163 525 2223 infirmitatibus.
564 2162 700 2222 nesciere
726 2161 830 2221 uedioi
854 2168 990 2238 quantum
1014 2167 1115 2221 eontra

115 2244 232 2322 aspidas
252 2246 389 2323 polleret.
420 2264 515 2324 nuper
534 2245 569 2305 ah
594 2245 696 2323 aspide
716 2244 826 2305 saioata
845 2262 1001 2322 peroussus
1017 2250 1117 2302 utrem

115 2330 193 2387 aneti
216 2329 317 2389 ferens
336 2331 471 2407 quotiens
493 2330 681 2407 deposuisset
700 2328 848 2389 sentiebat
863 2330 966 2406 istum,
989 2327 1061 2388 ulios
1075 2328 1116 2385 in·

36 2440 40 2449 .
83 2411 201 2470 ariasso
219 2412 329 2473 similis.
361 2412 540 2473 intelleotum
559 2413 600 2472 ihi
618 2412 777 2473 remedium
792 2420 840 2471 est
853 2421 984 2490 potuque
1001 2428 1117 2471 moeur-

117 2512 187 2553 smn.
219 2513 315 2573 neque
330 2496 417 2557 aliter
432 2514 466 2555 os
480 2496 616 2557 eonluunt
632 2513 744 2556 venena
759 2503 947 2573 exsugentes.
976 2496 1006 2552 in
1021 2501 1113 2553 totum
1123 2500 1156 2556 57

118 2578 255 2638 domitrix
277 2581 322 2638 ris
344 2578 418 2640 haee
439 2597 498 2639 non
517 2580 647 2639 oihorum
661 2579 748 2639 modo
765 2587 832 2656 est,
859 2594 959 2638 verum
974 2585 1116 2637 ethereus

115 2661 318 2738 plurumarum.
364 2681 433 2723 saxa
456 2664 563 2741 rumpit
588 2664 712 2723 infusum
733 2680 806 2740 quae
830 2679 889 2723 non
909 2662 1021 2739 ruperit
1033 2660 1115 2735 ignis

117 2746 306 2805 antecedens.
339 2746 421 2807 oihos
442 2748 557 2824 quidem
577 2755 607 2807 et
624 2763 748 2830 sapores
762 2764 822 2805 non
836 2746 909 2806 alius
924 2745 1015 2820 magis
1030 2760 1115 2803 sucus

82 2828 299 2888 ttoommeudut
319 2839 367 2889 aut
387 2833 511 2907 excitat,
534 2832 564 2889 in
587 2846 645 2908 qno
662 2847 716 2889 usn
731 2831 878 2907 mitigatur
894 2836 960 2889 usto
976 2844 1051 2905 pane
1068 2833 1117 2886 aut

116 2928 180 2969 eum
197 2914 285 2989 vino,
305 2912 354 2973 rel
369 2914 535 2974 aooenditur
549 2916 653 2992 pipere
668 2930 702 2973 uo
716 2912 831 2988 lasere,
851 2913 950 2989 utique
966 2909 1030 2969 sale
1041 2926 1115 2969 eeu·

115 2996 256 3071 pesoitur.
296 3014 357 3056 non
380 3007 426 3057 est
445 2997 686 3076 pretereundum
705 2998 735 3057 in
756 3014 794 3056 eo
813 2994 977 3073 exemplum
998 2994 1158 3071 ingenuit

116 3078 262 3156 siquidem
282 3076 318 3139 hi.
335 3081 467 3159 Agrippa
486 3083 630 3161 supremis
652 3083 713 3141 suis
734 3082 815 3139 annis
836 3077 1018 3139 condictatus
1031 3077 1114 3153 gravi

115 3161 221 3221 morho
249 3162 367 3242 pedum,
397 3182 461 3225 oum
482 3165 614 3225 dolorem
637 3183 701 3224 eum
721 3162 837 3242 perpeti
857 3162 1007 3237 nequiret,
1031 3161 1114 3220 uarius

83 3251 107 3291 ³⁵
118 3244 299 3304 medicorum
320 3256 491 3323 portentosa
511 3250 632 3308 seientia
645 3250 799 3325 ignorante
812 3244 880 3305 divo
896 3243 1029 3322 Augusto
1044 3244 1114 3303 tanti

116 3329 231 3402 putarit
248 3346 303 3387 usu
323 3331 426 3408 pedam
442 3348 588 3409 sensuque
610 3333 685 3391 omni
709 3346 827 3406 emere,
847 3328 998 3389 dummodo
1011 3335 1045 3387 et
1064 3325 1114 3385 do·

116 3408 182 3471 iore
207 3410 413 3491 dinumeret,
442 3416 582 3475 demersis
608 3416 639 3473 in
660 3421 772 3474 aoetum
791 3411 912 3475 ealiwm
933 3411 1063 3472 crurum
1084 3410 1114 3467 in

56 3558 62 3569 ,
116 3496 260 3555 aoerriroo
274 3497 385 3576 impetu
398 3499 500 3558 morhi.
