2484 3817
147 191 193 254 78
278 208 283 221 ·
492 203 802 254 communius

148 358 217 420 odo
233 375 289 436 per
303 373 402 420 aurern
416 359 538 418 traiecto
551 365 583 418 et
597 356 781 434 postero-die
791 355 893 419 eaden
903 356 977 418 hera
987 350 1140 435 exempto,

28 499 30 504 .
148 441 280 502 scabiem
298 440 505 520 quadripedum
527 459 591 500 cum
611 448 687 517 ture,
701 457 779 501 cera
797 458 832 500 ac
851 442 918 517 pice
938 438 987 499 rel
1003 445 1067 500 cum
1079 443 1139 518 pis·

148 524 260 584 selaeo.

104 617 142 672 56
215 607 298 685 (23.)
317 608 424 668 Album
448 614 608 684 optumum,
629 607 708 684 quod
729 605 883 666 celerrime
905 613 1003 666 movet
1025 614 1138 666 sternu-

147 699 257 766 menta,
281 691 333 752 sed
356 690 474 750 multum
495 689 653 749 terribilius
672 691 770 768 nigro,
785 690 942 767 praecipue
962 691 987 748 si
1009 691 1073 768 quis
1090 690 1161 752 ads

146 780 278 851 peratum
301 781 474 852 poturorum
493 772 568 849 apud
594 774 730 849 antiquos
756 773 835 849 legat
858 781 959 832 contra
985 771 1137 848 horrores,

147 856 357 932 coargutum,
383 856 603 932 intempestivas
626 857 718 914 somni
738 857 821 932 viris,
847 856 989 932 mngultus
1009 855 1138 914 inlicitos
1170 898 1171 901 ,

145 948 199 998 aut
219 948 427 1013 sternumenta,
449 937 587 996 stomachi
610 937 830 1015 dissolutiones,
852 939 994 998 nudiores
1013 941 1139 998 vomitus

147 1031 198 1082 aut
217 1022 389 1099 longiores,
411 1023 536 1098 exiguos
557 1029 606 1080 aut
626 1022 741 1098 nimios,
762 1023 870 1100 quippe
891 1021 947 1082 alia
967 1021 1036 1081 dare
1057 1022 1136 1081 soliti

147 1122 224 1182 quae
239 1107 419 1167 concitarent
431 1105 606 1164 vomitiones
622 1107 773 1182 ipsumque
783 1104 966 1165 helleborum
980 1103 1172 1168 extraherem

145 1187 364 1248 medicamentis
380 1195 429 1246 aut
449 1186 638 1263 clysteribus,
657 1189 775 1264 saepius
794 1190 880 1246 etiam
893 1189 1035 1263 sanguine
1054 1190 1137 1248 venis

103 1272 269 1337 memissa.
302 1271 358 1328 ism
377 1285 450 1330 vero
475 1277 505 1328 et
534 1288 596 1330 curn
621 1287 766 1348 prospere
790 1270 890 1346 cedat,
912 1269 1036 1330 terribili
1062 1273 1139 1348 visu,

146 1353 235 1412 variis
249 1352 399 1412 coloribus
414 1354 601 1413 vomitionum
616 1363 648 1414 et
664 1362 732 1430 post
742 1355 918 1414 vomitiones
928 1352 1136 1414 observatione

147 1435 223 1510 alvi,
244 1435 422 1494 balinearum
437 1434 667 1512 dispensatione,
690 1439 779 1496 totius
799 1438 934 1514 corporis
954 1456 1034 1513 cura,
1056 1446 1136 1498 ante·

146 1519 272 1579 cedente
294 1519 388 1576 omnia
409 1517 482 1577 haec
504 1536 608 1595 magno
628 1528 742 1578 terrore
757 1521 860 1596 iamse,
880 1537 1001 1599 namus
1019 1521 1135 1580 tradunt
1145 1542 1171 1582 as

145 1604 258 1662 absumi
286 1602 398 1677 carnis,
425 1603 450 1660 si
479 1610 621 1678 coquatur
646 1619 710 1661 ana.
751 1604 803 1663 scd
828 1605 1011 1680 antiquorum
1036 1606 1135 1664 vitium

146 1694 212 1746 erat
224 1683 304 1764 quod
318 1693 442 1762 propter
462 1683 516 1744 hos
539 1694 634 1746 metus
648 1686 763 1763 parcius
786 1685 906 1762 dabant,
928 1705 993 1746 cum
1008 1687 1135 1748 celerius

101 1777 282 1846 otiorumpat
301 1767 490 1846 quovlargius
511 1771 641 1829 surnitnr.
675 1767 830 1830 Themison
844 1769 928 1830 binas
941 1787 1000 1829 non
1012 1769 1134 1847 amplius

145 1851 294 1914 drachmas
311 1850 435 1927 detavit,
454 1861 612 1930 sequentes
635 1860 666 1912 et
687 1861 841 1930 quaternas
857 1852 965 1914 dedere
982 1853 1061 1912 claro
1078 1852 1136 1913 lle·

103 1963 104 1966 ¹
146 1935 254 2014 rophili
276 1937 447 2012 praeconio,
468 1937 516 2012 qni
538 1935 721 1996 helleborum
739 1937 890 1996 fortissimi
906 1937 987 1996 ducis
1004 1936 1168 1996 similitu-eo

144 2019 204 2078 dini
220 2016 373 2094 aequabat.
410 2019 561 2076 concitatis
584 2021 660 2078 enim
680 2019 756 2078 intus
773 2019 904 2078 omnibus
923 2021 1016 2097 ipsum
1030 2021 1061 2078 in
1076 2023 1134 2097 pri·

144 2103 200 2162 mis
225 2101 319 2160 exire.
353 2107 508 2176 praeterea
534 2102 635 2160 mirum
661 2103 806 2159 inventum
834 2105 881 2160 est
909 2101 986 2177 quod
1013 2104 1134 2162 incisum
1225 2138 1230 2154 ι

101 2204 127 2238 ss
145 2180 304 2255 forficulis,
323 2189 354 2238 ut
371 2181 510 2256 diximus,
531 2182 666 2241 cribrant.
705 2189 810 2240 cortex
826 2191 971 2258 remanet,
993 2183 1069 2244 hunc
1092 2188 1134 2246 in·

144 2267 254 2339 aniunt,
270 2262 393 2324 medulla
408 2263 495 2338 cadit,
511 2262 584 2324 haee
597 2266 628 2322 in
642 2248 911 2340 nimia'purgatione
923 2264 988 2324 dats
998 2270 1133 2328 vomitio-

144 2366 198 2406 nes
214 2347 299 2406 sistit.
1139 2371 1167 2412 ee

101 2441 137 2496 59
209 2429 292 2508 (24.)
319 2426 482 2488 Cavendum
505 2437 551 2488 est
570 2427 650 2488 lelici
672 2446 788 2507 quoque
814 2448 882 2490 cura
905 2449 943 2491 ne
964 2433 1064 2492 nubilo
1083 2433 1133 2495 die

144 2513 241 2590 detur,
265 2511 435 2590 inpetibiles
455 2514 562 2590 quippe
584 2513 727 2570 cruciatus
748 2515 898 2573 exsistunt.
933 2533 997 2576 uam
1017 2525 1132 2580 aestate

143 2599 244 2674 potius
258 2613 342 2673 quam
354 2595 450 2654 hieme
466 2594 584 2655 dandum
600 2611 659 2654 uon
673 2597 763 2655 estin
777 2597 873 2657 dubio.
896 2615 1002 2676 eorpus
1016 2609 1133 2678 septem

144 2679 248 2740 diebus
271 2687 338 2738 ante
361 2678 586 2755 praeparandum
609 2678 683 2738 cibis
707 2679 838 2756 acribus,
863 2681 1037 2743 abstinentia
1058 2684 1132 2760 vini,

144 2770 249 2906 titt
264 2769 296 2904 {l
310 2761 818 2923 ttttltttlbtlhttlt
833 2765 1169 2926 illutibilis

546 2888 556 2922 J
1121 2896 1132 2910 ο

142 2946 237 3005 nuper
250 2929 389 2988 invenere
407 2927 540 2989 dissectis
560 2930 694 3007 raphanis
711 2934 843 2990 inserere
866 2930 1048 2992 helleborum
1066 2949 1132 2992 rur·

143 3029 253 3089 susque
273 3013 457 3088 conprimere
478 3011 633 3090 raphanos,
654 3022 685 3071 ut
711 3021 839 3072 transeat
861 3014 917 3089 vis,
944 3023 1030 3092 atque
1054 3014 1132 3076 leni-

142 3101 241 3154 mento
260 3092 338 3154 dare.
369 3093 450 3154 reddi
466 3104 533 3173 post
555 3105 689 3172 quattuor
708 3096 772 3156 iere
788 3095 875 3156 horas
892 3098 1000 3175 incipit.
1036 3106 1132 3160 totum

99 3187 221 3253 scopus
239 3179 371 3254 septenis
385 3181 535 3257 peragitur
549 3179 637 3240 horis.
665 3179 795 3240 medetur
811 3181 851 3238 ita
870 3182 978 3241 morbis
996 3185 1173 3254 comitia-³5

105 3259 231 3335 salibus,
257 3268 289 3318 ut
314 3260 446 3338 diximus,
468 3264 621 3339 vertigini,
648 3261 879 3338 melancholicis,
904 3266 1131 3345 insanientibus,

142 3342 337 3420 lymphaticis,
355 3345 544 3423 elephantiasi
561 3345 655 3417 albae,
670 3345 772 3421 lepris,
788 3353 898 3422 tetauo,
917 3348 1058 3424 tremulis,
1073 3367 1132 3427 po-

141 3424 280 3504 dagricis,
305 3426 472 3508 hydropicis
492 3428 754 3506 incipientibusque
776 3432 954 3507 tympanicis,
973 3433 1134 3495 stomachi·
