2484 3817
658 123 676 157 δ

147 187 189 246 'tt
458 193 491 242 o.
513 191 609 242 entur
632 191 786 242 ancones

35 421 37 425 ,
140 350 248 414 umbra
271 351 396 410 siccatur
417 349 546 426 uinoque
568 348 691 424 gratiana
712 347 807 406 adicit.
842 345 925 406 buius
951 365 1063 423 genera
1083 347 1141 410 duo

147 437 250 495 iecere
269 431 376 508 aliqui,
397 431 473 490 levis
488 430 560 507 loli,
581 431 703 489 alteram
716 430 839 489 tenuius.

41 585 43 590 .
104 529 141 584 34
200 516 284 596 (15.)
313 513 479 576 Heracleon
491 513 623 574 siderion
640 521 671 573 et
686 515 779 591 ipsum
799 513 835 573 ab
855 512 981 573 Hercule
995 515 1142 574 inventurn

149 609 207 675 cst,
223 599 306 659 caule
321 601 399 658 tenui
416 597 571 674 digitorum
587 605 724 673 quattuor
740 596 902 673 altitudine,
917 597 991 656 llore
1006 599 1143 674 puniceo,

148 683 230 744 loliis
253 681 408 742 coriandri.
443 683 522 740 iuxta
545 680 624 738 lacus
650 689 682 738 et
705 681 795 739 amnis
818 682 963 739 invenitur
990 682 1172 759 omniaqoes

148 766 271 826 uolnera
286 764 369 824 ferro
383 763 471 823 inlata
487 763 689 822 efficacissime
703 771 796 822 sanat.

212 848 295 927 (16.)
316 847 370 906 ttst
389 845 523 906 Olrironis
543 847 690 904 inventum
704 846 834 924 ampelos
850 863 924 923 quae
942 853 1063 904 vocatur
1077 843 1146 904 cit-

102 934 137 1015 ᾗ)
146 933 203 1016 4²,qu
216 933 309 1006 ronia,
331 930 367 989 de
392 947 447 1007 qua
463 928 585 986 diximus
600 929 678 988 inter
698 931 778 1004 ritis,
800 930 884 988 sicuti
901 929 939 988 de
955 928 1046 988 herba
1061 931 1144 988 cuius

149 1017 280 1076 inventio
294 1013 462 1089 adsignatur
476 1009 635 1071 llinerrae.

102 1110 141 1165 35
204 1099 286 1175 (17.)
317 1094 435 1155 Herculi
451 1111 514 1154 eam
530 1111 648 1172 quoque
666 1094 832 1155 adscribunt
853 1111 927 1171 quac
952 1094 1144 1173 Apollinaris,
1153 1107 1182 1149 ao

150 1181 226 1260 apud
246 1179 361 1238 Arabas
384 1177 523 1236 alternum
549 1180 612 1236 sive
640 1177 892 1254 altercangenum,
919 1177 994 1255 apud
1014 1177 1145 1238 Graecos

149 1281 223 1325 vero
238 1263 430 1338 hyoscyamus
446 1260 618 1338 appellatur.
642 1261 726 1338 plura
738 1263 801 1320 cius
816 1279 943 1337 genera:
960 1279 1046 1320 unum
1058 1263 1145 1339 nigro

152 1348 280 1421 semiue,
307 1344 428 1402 lloribus
452 1361 545 1420 paene
568 1345 743 1420 purpureis,
765 1345 987 1421 spinosum-
1008 1344 1073 1403 talis
1096 1363 1146 1404 na·

148 1431 243 1489 vscitur
258 1429 288 1486 in
304 1426 423 1486 Galatia.
439 1459 482 1470 -
495 1426 618 1503 volgare
632 1434 728 1486 autern
744 1426 890 1486 candidius
902 1430 955 1486 est
977 1436 1008 1487 ct
1024 1429 1145 1487 frutico-

153 1515 231 1586 sius,
260 1511 346 1570 altius
370 1527 527 1588 papavere.
560 1511 640 1569 tertii
660 1527 762 1569 semen
788 1512 891 1569 irionis
912 1513 1012 1569 semini
1037 1511 1143 1586 simile,
1156 1523 1184 1563 ιε

104 1595 209 1660 sossi
235 1596 329 1654 omnia
344 1595 483 1652 insaniam
509 1594 660 1669 gignentia
686 1595 848 1671 capitisque
862 1596 1033 1670 vertigines.
1060 1611 1144 1671 quar·

153 1688 211 1737 tum
232 1696 326 1754 genus
348 1675 453 1753 molle,
479 1677 699 1753 lanuginosunr,
720 1678 855 1754 pinguius
882 1679 1007 1752 ceteris,
1032 1677 1144 1738 candidi

152 1763 288 1836 seminis,
310 1763 340 1820 in
361 1762 510 1820 maritimis
525 1777 657 1820 nascens.
687 1759 744 1819 boc
763 1778 909 1838 recepere
928 1760 1048 1836 medici,
1074 1762 1147 1821 item

152 1844 206 1906 ruli
223 1847 350 1905 seminis.
384 1862 596 1922 nonnumquam
609 1853 706 1904 autern
718 1843 867 1904 candidmn
882 1843 1018 1918 rufescit,
1045 1847 1070 1903 si
1086 1863 1147 1904 oon

153 1930 323 2003 ematuruit,
345 1927 591 2005 improbaturque,
608 1936 639 1985 et
655 1926 763 2006 alioqui
788 1927 866 1986 nulla
884 1929 940 1985 nisi
962 1944 1026 1985 cum
1038 1929 1183 1986 inaruitao

153 2011 269 2086 legitur.
314 2017 414 2070 natura
443 2011 499 2068 vini
520 2009 648 2087 ideoque
676 2019 803 2069 mentem
827 2018 970 2088 caputque
994 2010 1145 2070 iniectans.

154 2112 222 2153 usus
238 2094 358 2152 seminis
375 2101 404 2150 et
421 2110 476 2169 per
492 2111 525 2150 se
550 2101 580 2150 et
601 2110 671 2151 suco
695 2110 848 2169 expresso.
877 2094 1047 2169 exprimitur
1062 2111 1148 2170 sepa·

154 2179 237 2240 ratim
258 2183 288 2234 ot
310 2173 439 2233 caulibus
455 2174 610 2250 foliisque,
635 2182 752 2233 utuntur
768 2183 799 2232 et
814 2174 929 2249 radice,
946 2178 1100 2236 temeraria
1116 2179 1148 2236 in

108 2269 145 2325 st
158 2266 265 2332 toturn,
294 2265 325 2316 ut
348 2257 492 2332 arbitror,
514 2255 664 2316 medicina.
697 2258 806 2334 quippe
827 2261 913 2315 etiarn
935 2257 1016 2316 loliis
1032 2267 1147 2318 constat

154 2347 279 2398 mentem
295 2341 456 2417 corrumpi,
475 2341 500 2398 si
521 2338 604 2416 plura
620 2357 704 2416 quarn
720 2347 855 2416 quattuor
874 2339 982 2402 bibant.
996 2339 1031 2374 *³*
1060 2344 1184 2402 etiamen

155 2424 264 2499 antiqui
278 2424 308 2480 in
328 2425 395 2481 vino
411 2422 516 2482 febrim
530 2421 639 2500 depelli
661 2421 844 2482 arbitrantes.
882 2422 978 2483 oleum
995 2423 1026 2483 dt
1043 2442 1082 2484 ex
1099 2445 1149 2484 se·

109 2503 176 2586 {3332
192 2508 285 2581 minc,
307 2495 338 2563 ut
361 2504 500 2581 diximus,
527 2505 604 2582 quod
624 2508 718 2581 ipsum
727 2505 857 2576 auribus
879 2507 1002 2566 inlusum
1024 2516 1148 2586 temptat

154 2597 297 2663 nentem,
313 2589 444 2666 mireque
461 2596 492 2647 ut
512 2596 613 2648 contra
634 2605 778 2647 venenum
791 2589 918 2648 remedia
937 2589 1093 2666 prodidere
1109 2593 1148 2650 iis

156 2675 203 2750 qui
219 2671 247 2730 id
262 2671 407 2730 bibissent
422 2680 452 2730 et
467 2673 560 2750 ipsum
571 2688 626 2748 pro
642 2670 791 2747 remediis,
807 2672 881 2732 adeo
896 2666 1081 2734 nnllo'omnia
1096 2693 1149 2734 ex-

156 2753 287 2833 periendi
306 2753 363 2814 dne
381 2763 412 2812 ut
426 2763 570 2831 cogerent
585 2756 670 2814 etiarn
686 2772 798 2814 venena
814 2755 966 2832 prodesse.
1158 2785 1187 2827 ω

111 2849 148 2902 38
217 2839 246 2896 5.
267 2837 349 2914 (18.)
378 2835 543 2896 Linonostis
568 2840 631 2897 sire
655 2837 828 2915 parthenion
848 2837 974 2898 Mercuri
999 2842 1148 2899 inventurn

156 2929 211 2980 est.
242 2921 310 2980 ideo
327 2919 403 2997 apud
414 2918 543 2980 Graecos
558 2919 741 2997 Hermopoau
755 2921 835 2980 multi
850 2931 955 2981 nocant
970 2940 1048 2998 eam,
1070 2923 1149 3001 apud

157 3020 210 3065 nos
231 3021 330 3064 omnes
346 3001 555 3064 Mercurialem.
590 3003 647 3063 duo
662 3005 726 3062 eius
742 3022 868 3081 genera:
892 3005 1033 3064 masculus
1049 3013 1081 3064 et
1103 3007 1148 3067 ie·

157 3088 247 3160 mina,
270 3103 344 3163 quae
362 3087 525 3161 eilicacior,
555 3086 639 3146 caule
659 3087 794 3163 cubitali,
816 3088 958 3148 interdum
979 3104 1095 3148 ramoso
1116 3093 1148 3150 in

158 3171 321 3244 cacumine,
346 3172 439 3229 ocimo
451 3169 670 3245 augustioribus
684 3170 782 3247 loliis,
803 3171 946 3249 geniculis
961 3171 1071 3248 densis,
1086 3173 1147 3234 ala·
1156 3195 1186 3237 ss

157 3268 220 3310 rum
234 3253 313 3312 cavis
330 3253 439 3327 multis,
461 3253 572 3313 semine
593 3255 624 3312 in
636 3255 780 3330 geniculis
800 3254 996 3332 dependente,
1018 3254 1146 3317 feminae

157 3336 292 3410 copioso,
306 3338 376 3396 mari
392 3337 472 3395 iuxta
485 3336 619 3412 genicula
634 3346 740 3413 stante,
760 3340 865 3398 rariori
881 3357 914 3398 ac
928 3336 1011 3396 brevi
1025 3347 1148 3399 contor-

115 3423 261 3494 actoque,
284 3418 409 3478 feminae
431 3418 528 3479 soluto
549 3427 580 3479 et
601 3419 731 3480 candido.
763 3421 833 3482 lolia
857 3420 982 3482 mmiboa
1002 3421 1148 3498 nigriora,
