2484 3817
352 176 434 223 nnn.
451 175 542 224 man.
558 176 672 223 xxxrr.
690 175 716 226 1.
731 172 756 225 a.
777 162 895 241 (1—6.)
1052 164 1114 227 287

181 331 245 409 (4.)
263 328 378 397 labain
393 330 430 388 iis
444 328 636 389 voluminibus
646 346 720 407 quae
732 330 849 407 scripsit
865 328 900 389 ad
913 325 1110 391 uouemere
1121 343 1156 396 10

114 415 239 492 Augusti
255 413 341 476 lilium
353 413 390 473 de
396 412 506 473 Arabia
516 413 602 474 tradit
615 412 730 472 mitulos
742 422 839 473 ternas
849 413 978 473 heminas
994 432 1112 493 capere,

115 509 200 559 cetos
216 505 421 557 sexcentorum
435 496 539 574 pedum
560 495 746 574 longitudinis
766 504 794 555 et
817 504 1011 557 trecentorum
1029 516 1111 557 sena-

113 585 194 659 ginta
219 572 428 641 latitudinis‘in
449 580 554 639 humen
573 578 701 640 Arabiae
726 581 849 639 intrasse
870 581 1026 659 pinguique
1050 584 1112 641 eius

89 673 294 729 emercatores
304 665 478 740 negotiatos,
493 672 522 722 et
533 664 658 725 omnium
669 663 789 741 piscium
804 660 888 742 adipe
902 666 1028 725 camelos
1044 683 1110 743 per·
1161 682 1163 689 ⁴

110 749 201 825 ungui
217 749 245 807 in
260 766 297 808 eo
314 749 369 807 situ
385 756 415 806 ut
429 746 521 807 asilos
536 745 572 804 ab
587 748 623 805 iis
639 746 741 823 fugent
756 746 857 805 odore.

175 833 204 895 2.
230 833 292 910 (5.)
307 829 517 891 blihividentur
529 831 601 889 mira
608 839 717 909 etquae
730 828 847 889 Ovidius
857 830 1107 909 prodiditpisoium
1120 842 1152 896 11

110 918 227 993 ingenia
242 918 271 975 in
288 932 324 973 eo
339 913 483 974 volumine
505 913 582 992 quod
599 913 780 975 Halieuticon
796 914 973 973 inscribitur:
998 932 1111 973 scarum

110 1000 252 1061 inclusum
270 999 366 1059 nassis
386 1014 443 1057 non
464 997 561 1057 fronte
582 1014 733 1076 erumpere
755 1014 810 1055 nec
830 997 943 1057 infestis
960 997 1109 1057 viminibus

76 1092 201 1163 rooaput
223 1085 372 1158 inserere,
392 1080 445 1141 sed
462 1098 594 1141 aversum
615 1078 724 1140 caudae
747 1080 851 1141 ictibus
877 1079 987 1141 crebris
1009 1081 1109 1140 laxare

109 1169 191 1229 iores
214 1176 300 1243 atque
321 1167 359 1225 ita
378 1174 537 1225 retrorsum
559 1181 700 1241 erepere,
731 1182 815 1243 quem
840 1165 975 1224 luctatum
998 1166 1059 1223 eius
1085 1164 1109 1222 si

109 1252 187 1312 iorte
208 1250 281 1311 alius
304 1267 404 1309 scarus
425 1251 606 1309 extrinsecus
628 1248 738 1325 videat,
760 1248 941 1327 adprehensa
964 1247 1108 1307 mordicus

111 1334 201 1395 cauda
224 1333 361 1393 adiuvare
381 1334 460 1392 nisus
483 1334 669 1411 erumpentis.
699 1332 796 1410 lupum
818 1340 881 1393 rete
905 1332 1108 1391 circumdatum

109 1420 233 1479 harenas
249 1435 332 1477 arare
347 1417 438 1477 cauda
452 1425 537 1495 atque
551 1418 589 1477 ita
611 1416 696 1475 condi
716 1416 781 1477 dum
796 1424 922 1476 transeat
941 1424 1015 1475 rete.
1047 1426 1151 1480 mu-12

74 1520 208 1563 serenam
231 1501 360 1561 maculas
384 1500 524 1579 adpetere
548 1501 627 1578 ipsas
657 1502 802 1559 consciam
823 1501 923 1559 teretis
945 1517 980 1562 ac
1005 1499 1108 1559 lubrici

111 1586 202 1663 tergi,
227 1602 290 1644 cum
304 1583 455 1662 multiplici
477 1585 554 1644 hexn
576 1584 691 1658 laxare,
712 1582 806 1641 donec
828 1581 939 1640 evadat.
970 1581 1108 1659 polypum

109 1670 209 1729 hamos
223 1668 363 1747 adpetere
379 1666 580 1743 bracchiisque
595 1666 753 1741 conplecti,
765 1682 824 1723 non
838 1679 947 1735 morsu,
960 1681 1015 1721 nec
1028 1667 1107 1742 prius

109 1754 251 1815 dimittere
273 1753 358 1827 qnam
380 1767 476 1807 escam
497 1748 713 1806 circumroserit
736 1756 783 1807 aut
802 1744 959 1805 harundine
981 1744 1107 1806 levatum

109 1844 193 1896 extra
205 1849 318 1909 aquam.
347 1831 404 1889 scit
426 1841 456 1890 et
474 1829 562 1906 mugil
584 1848 651 1889 esse
671 1830 699 1887 in
715 1846 784 1889 esca
803 1829 914 1888 hamum
931 1828 1106 1906 insidiasque

72 1932 101 1972 no
110 1935 168 1977 non
182 1918 307 1992 ignorat,
320 1912 440 1973 aviditas
455 1922 549 1972 tamen
563 1921 640 1972 tanta
653 1921 698 1972 est
711 1922 741 1973 ut
757 1912 847 1973 cauda
859 1906 1043 1972 verbe'rando
1057 1932 1105 1971 ex-

110 2000 197 2061 cutiat
212 1997 313 2057 cibum.
335 1999 426 2055 minus
440 1998 468 2055 in
483 1996 663 2074 providendo
680 1996 765 2075 lupus
781 1996 928 2057 sollertiae
940 1995 1038 2072 habet,
1050 1996 1102 2057 sed
1114 2010 1149 2063 13

109 2100 241 2161 magnum
258 2080 347 2141 robur
366 2083 394 2139 in
409 2080 592 2157 paenitendo.
623 2098 687 2140 nam
702 2082 726 2141 si
740 2081 833 2141 haesit
849 2082 877 2155 ip
892 2080 987 2155 hamo,
1004 2080 1104 2140 tumul-

109 2180 193 2229 tuoso
215 2165 346 2225 discusso
371 2165 447 2224 laxat
465 2164 587 2225 volnera
606 2164 701 2225 donec
722 2164 855 2225 excidant
878 2164 1008 2223 insidiae.
1045 2183 1103 2223 mu-

108 2270 197 2313 renae
212 2250 333 2329 amplius
349 2249 489 2308 devorant
504 2266 586 2325 quam
609 2248 738 2323 hamum,
758 2248 910 2309 admovent
926 2247 1057 2307 dentibus
1072 2248 1104 2307 li·

74 2338 172 2397 esnias
186 2345 273 2412 atque
288 2334 326 2392 ita
341 2332 471 2392 erodunt.
492 2332 614 2391 anthiam
625 2333 709 2393 tradit
719 2333 794 2392 idem
807 2334 894 2391 inlixo
910 2331 993 2391 harno
1007 2332 1102 2391 inver-

108 2429 172 2479 tere
189 2436 238 2492 se,
260 2418 391 2495 quoniam
413 2418 450 2475 sit
472 2417 499 2474 in
517 2415 604 2476 dorso
621 2415 767 2475 cultellata
784 2418 877 2493 spina,
898 2434 991 2492 eaque
1007 2415 1103 2475 liniam

109 2518 294 2580 praesecare.
324 2500 449 2560 Licinius
465 2499 562 2559 blacer
584 2518 716 2559 murenas
736 2499 862 2559 feminini
885 2508 990 2559 tantum
1013 2516 1098 2557 sexus
1110 2510 1146 2563 14

107 2599 179 2643 esse
190 2582 273 2641 tradit
284 2591 313 2641 et
325 2585 480 2661 concipere
493 2601 509 2641 e
524 2583 717 2661 serpentibus,
731 2592 760 2641 ut
771 2582 902 2659 diximus,
915 2581 952 2641 ob
967 2580 994 2640 id
1009 2581 1144 2644 sibilcaas

110 2686 126 2727 a
142 2664 332 2744 piscatoribus
346 2675 488 2743 tamquam
500 2685 516 2726 a
530 2666 712 2744 serpentibus
726 2668 845 2727 evocari
863 2674 892 2725 et
907 2666 980 2743 oapi,
996 2674 1025 2723 et
1039 2666 1100 2742 pin·

76 2765 255 2827 mguescere
270 2748 386 2823 iactatu,
403 2750 478 2809 inste
494 2766 550 2807 non
565 2751 705 2825 interemi,
720 2750 836 2810 easdem
853 2748 945 2807 ferula
960 2749 1099 2825 protinus.

111 2834 230 2894 animam
253 2832 282 2889 in
309 2832 397 2893 cauda
420 2832 528 2892 habere
554 2842 742 2909 certamem,
769 2851 860 2911 eoque
875 2833 931 2891 icta
948 2829 1100 2891 celerrime

111 2915 279 2991 exanimari,
301 2914 337 2974 ad
353 2916 455 2994 capitis
476 2917 560 2975 ictum
576 2915 739 2975 difficulter.
768 2915 910 2975 novacula
926 2914 1007 2992 pisce
1025 2933 1099 2993 quae

111 3009 217 3061 attacta
239 3007 303 3059 sunt
320 2998 427 3058 ferrum
439 2991 526 3058 olent.
569 2999 749 3059 durIssimum
765 3017 832 3059 esse
848 3000 968 3075 piscium
986 3008 1099 3059 constat

112 3086 160 3164 qui
176 3084 254 3143 orbis
279 3092 414 3157 vocetur·⁹
438 3080 576 3142 rotundus
592 3092 651 3159 est,
668 3084 730 3141 sine
745 3083 871 3161 squamis
893 3090 1027 3159 totusque
1051 3098 1097 3141 ca-

76 3183 103 3225 ss
113 3169 173 3247 pite
187 3174 308 3226 constat.
1057 3230 1065 3249 ·

175 3250 236 3328 (d.)
257 3249 369 3325 lolligo
382 3250 513 3326 quotiens
521 3258 653 3307 cernatur
661 3257 741 3307 extra
749 3248 1092 3326 aquamvolitanstempe-
1105 3260 1139 3312 15

111 3342 201 3393 states
219 3333 320 3392 mutari
341 3330 462 3391 Trebius
476 3331 566 3407 Niger
583 3339 682 3391 auctor
707 3340 768 3407 est,
786 3333 918 3409 xiphian,
933 3331 1019 3391 idest
1034 3331 1094 3407 gle-

112 3417 201 3493 dium‚
223 3424 318 3475 rostro
332 3423 500 3475 mucronato
522 3432 603 3489 esse,
625 3412 660 3473 ab
676 3413 732 3473 hoc
746 3416 827 3473 navis
843 3415 990 3494 perfossas
1003 3415 1096 3491 mergi
