2484 3817
340 212 421 259 nar.
437 212 529 260 aaran.
547 214 648 260 xxrrr.
659 211 722 266 aa.
742 201 894 280 (sn-40.)
1075 202 1113 262 tr

114 384 212 427 norum
233 374 265 425 et
279 364 499 427 chamaeleonte
513 366 605 427 herba
619 369 692 427 mire
706 377 796 429 sanat.
830 367 919 428 cruda
934 376 1048 429 amurca
1064 384 1115 447 po

113 451 213 527 dagras
227 450 326 509 foveri
344 449 531 510 utilissimum.

172 535 201 593 4.
221 531 304 612 (38.)
320 531 447 592 Oleastri
462 533 599 594 loliorum
610 533 711 594 eadem
726 542 834 593 natura.
852 534 1012 612 spodiume
1026 535 1113 596 cauli·
1123 544 1157 600 76

113 617 182 677 culis
198 616 403 697 vehementius
424 615 537 677 inhibet
557 614 787 678 rheumatismos.
819 619 903 678 sedat
918 626 949 677 et
961 619 1116 682 inflamma·

94 704 209 761 stiones
225 699 387 776 oculorum,
403 709 508 778 purgat
524 700 633 777 ulcera,
648 701 773 761 alienata
785 700 897 779 explet,
913 704 1116 763 excrescentia

113 785 216 845 leniter
236 782 333 843 erodit
347 785 496 861 siccatque
512 792 542 843 et
560 784 595 844 ad
612 787 778 863 &catricem
791 785 941 862 perducit,
963 795 1064 847 cetera
1085 793 1116 843 ut

113 872 140 928 in
159 867 243 927 oleis.
276 866 426 944 peculiare
446 876 543 927 autem
558 868 636 945 qued
649 868 721 927 lolia
735 868 915 928 decocuntur
930 886 970 928 ex
983 869 1070 929 melle
1084 876 1116 929 et

112 953 214 1011 dautur
237 949 423 1009 coclearibus
449 959 552 1011 contra
581 953 729 1027 sanguinis
752 953 984 1011 exscreationes.
1018 952 1157 1016 oleum'l'l

114 1043 219 1093 tantm
231 1036 327 1093 acrius
341 1034 547 1113 efficaciusque
560 1035 651 1094 estde
666 1053 712 1095 eo.
732 1052 765 1095 os
780 1052 898 1113 quoque
909 1035 1054 1095 conluitur
1064 1034 1117 1095 illc

85 1118 147 1178 uad
174 1118 340 1177 firmitatem
367 1117 501 1177 dandum.
540 1121 716 1196 inponuntur
736 1119 807 1178 lolia
827 1127 859 1179 et
879 1118 1066 1197 paronychiis
1085 1125 1119 1179 at

114 1200 297 1261 carbunculis
312 1208 342 1259 et
358 1209 458 1271 eontra
475 1216 588 1263 omnem
601 1200 811 1262 collectionem
825 1221 888 1263 curu
900 1204 981 1278 vino,
995 1204 1032 1261 iis
1041 1218 1117 1263 sero

114 1304 186 1363 quae
208 1284 357 1362 purganda
375 1287 432 1343 sint
451 1304 515 1345 cum
529 1284 626 1345 melle.
658 1286 815 1347 miscentur
829 1286 980 1346 oculomrm
994 1286 1117 1348 metus-

113 1370 216 1429 mentis
243 1375 274 1426 et
300 1367 450 1427 decoctum
473 1369 609 1429 loliorum
630 1377 662 1429 et
683 1388 769 1429 sucus
790 1370 920 1430 oleastri.
955 1370 1067 1431 utiliter
1081 1376 1119 1429 et

113 1452 228 1511 auribus
247 1450 405 1511 instillatur
422 1470 484 1511 cum
495 1452 586 1512 ,melle
600 1452 649 1512 vel
666 1454 692 1511 si
705 1471 759 1531 pus
771 1453 880 1513 eiduat.
903 1453 981 1513 ¹{ore
993 1453 1115 1513 oleastri
1125 1461 1160 1515 te

84 1534 315 1611 rseoadylomata
335 1534 491 1599 inlinuntur
507 1544 537 1596 et
555 1536 755 1614 epinyctides,
778 1538 849 1597 item
864 1555 929 1596 cum
946 1537 1038 1597 lamna
1052 1535 1119 1595 hor·

113 1618 221 1679 deseca
244 1626 350 1677 venter
372 1620 403 1677 in
428 1618 650 1696 rlneomatismo,
675 1638 740 1680 cum
767 1620 836 1679 oleo
853 1622 963 1697 ,eapitis
988 1619 1118 1680 dolores.

113 1711 209 1762 eutem
227 1703 260 1760 in
280 1704 378 1779 capite
399 1702 435 1761 ab
458 1704 575 1763 ossibus
601 1704 791 1763 recedentem
807 1702 940 1761 cauliculi
956 1702 1072 1761 decocti
1090 1708 1120 1762 et

17 1784 18 1855 J
114 1804 179 1845 cnm
201 1785 288 1845 melle
314 1786 433 1863 inpositi
454 1789 647 1865 conprimunt.
676 1804 716 1845 ex
735 1785 867 1844 oleastro
887 1786 990 1843 maturi
1008 1784 1119 1845 iueibo
1182 1842 1196 1866 ,

17 1862 20 1937 l
117 1872 220 1947 sumpti
243 1871 350 1927 sistunt
373 1869 484 1947 aluum,
513 1872 583 1929 tosti
601 1877 697 1928 autem
712 1877 822 1928 etcum
836 1867 927 1927 melle
945 1868 1004 1930 triti
1019 1884 1120 1930 nomas

81 1966 108 2004 πο
118 1961 290 2029 repurgant,
308 1952 503 2013 carbunculos
519 1961 661 2031 rumpuat.

182 2035 262 2113 (39.)
289 2034 355 2095 Olci
371 2044 504 2095 naturam·
515 2054 676 2113 causasque
693 2035 808 2096 abunde
823 2034 954 2094 diximus,
982 2033 1019 2095 ad
1032 2033 1163 2097 medi-79

115 2122 208 2179 cinam
226 2138 265 2178 en
286 2119 346 2179 olei
361 2119 523 2196 generibus
537 2120 609 2180 haec
623 2122 789 2197 pertinent,
810 2118 1076 2178 utilissimumessc
1110 2113 1163 2200 ’ἦέ

113 2202 311 2281 omphacium,
323 2220 466 2282 prostremo
483 2206 587 2280 viride,
600 2212 759 2281 praeterea
771 2220 857 2279 quam
870 2218 1001 2261 mame
1011 2218 1121 2261 recens

113 2289 170 2346 nisi
183 2304 250 2345 cum
267 2288 494 2347 vetustissimum
509 2290 676 2365 quaeritur,
693 2296 798 2361 tuus,
814 2285 966 2345 odoratum
983 2285 1120 2363 quodque

83 2384 174 2430 maon
202 2371 351 2446 mordeat,
380 2388 398 2429 e
424 2370 542 2431 diverso
567 2388 651 2448 quam
671 2371 752 2429 cibus
774 2369 900 2446 eligitur.
942 2368 1121 2446 omphacium
1219 2403 1225 2431 t

114 2453 239 2531 prodest
261 2456 397 2531 gingivis.
435 2455 461 2512 si
483 2455 669 2513 contineatur
690 2455 720 2512 in
740 2471 814 2524 coe,
836 2452 971 2513 colorem
993 2452 1121 2511 tenum

116 2538 259 2611 custodit,
277 2539 367 2614 magis
381 2554 465 2614 quam
482 2537 550 2597 alibi
567 2538 690 2597 sudores
705 2536 832 2596 cohibet.
872 2563 878 2572 ·

177 2621 262 2699 (to.)
290 2618 473 2680 oenanthino
490 2620 568 2681 idern
581 2620 704 2681 allectus
717 2622 766 2697 qui
777 2634 911 2679 rosaceo
935 2618 1011 2677 omni
1024 2624 1118 2677 autem
1127 2627 1164 2681 80

114 2703 183 2764 oleo
211 2704 341 2763 mollitur
365 2720 489 2781 corpus,
521 2707 656 2781 vigorem
671 2712 702 2762 at
724 2703 816 2762 robur
832 2703 945 2780 accipit.
969 2698 1120 2760 stomacho

17 2808 18 2863 j
79 2790 293 2847 treentrartum
307 2795 395 2864 auget
412 2796 442 2847 ct
457 2788 585 2847 ulcerum
601 2790 796 2862 incrementa,
813 2787 903 2845 laucis
919 2790 1076 2860 exasperat
1090 2791 1122 2843 et

17 2872 18 2935 l
111 2888 229 2931 venena
245 2872 340 2930 ommia
358 2870 494 2948 hebetat,
518 2873 677 2950 praecipue
691 2870 819 2947 psimithi
841 2877 871 2929 et
891 2868 977 2945 gypsi
997 2868 1027 2924 iu
1050 2883 1122 2944 aqua

17 2948 18 3015 Ξ
110 2954 206 3013 mulsa
227 2963 277 3013 aut
293 2955 412 3015 beorum
430 2956 569 3014 siccarum
583 2954 708 3015 decocto
721 2962 831 3031 potum,
849 2960 949 3011 contra
958 2952 1122 3011 meconium

17 3018 19 3135 i
111 3056 152 3096 ex
163 3054 261 3116 aqua,
277 3046 377 3097 contra
395 3038 586 3115 candaridas,
605 3036 778 3115 lmrprestlm,
795 3034 1010 3109 salamandram,
1024 3035 1122 3111 pityo-

17 3136 18 3195 t
110 3138 242 3199 campas,
260 3138 316 3199 per
330 3138 361 3179 sc
373 3122 684 3200 potumredditumque
695 3118 903 3181 vomitionibus
916 3126 1017 3177 contra
1028 3119 1122 3176 omnia

77 3220 204 3283 usupra
218 3206 308 3265 diota.
337 3204 535 3267 lassitudinum
549 3213 579 3264 et
596 3204 817 3281 perfrictionum
832 3200 955 3260 reiectio
973 3209 1027 3259 est.
1063 3207 1121 3258 tor·
1130 3208 1162 3261 81

109 3290 189 3348 mina
204 3288 330 3348 calidum
344 3298 442 3367 potum
455 3288 568 3365 ¹¹(sparthis
585 3304 651 3361 sex,
666 3288 818 3362 magisque
832 3290 895 3343 ruta
906 3284 991 3343 simul
1001 3284 1124 3343 decocta

110 3372 218 3449 pellit,
239 3376 312 3431 item
327 3374 438 3433 ventus
454 3372 595 3433 animalia.
632 3369 722 3428 solvit
732 3367 831 3426 alvom
844 3367 975 3426 heusinae
989 3380 1123 3423 mensura

111 3473 179 3514 cum
201 3458 273 3516 vino
288 3465 321 3516 ct
336 3455 429 3515 calida
442 3469 521 3533 'aqua
531 3462 631 3531 potum
645 3460 694 3510 aut
712 3453 822 3518 tisanae
838 3466 926 3524 suco,
948 3446 1122 3505 volnerariis

155 3561 227 3599 reru.
245 3562 309 3598 nar.
326 3561 396 3598 nrsr.
412 3544 459 3597 lv.
921 3531 939 3587 2
