2484 3817
170 140 229 198 114
416 220 419 225 ἱ
513 149 543 199 c.
564 151 660 199 eamr
679 151 831 200 succum

168 305 223 365 lam
243 306 298 365 nisi
321 323 337 364 e
358 296 500 365 marmore
517 304 676 365 columnam
691 304 846 383 habuisse,
864 314 900 366 et.
913 307 1005 366 omnis
1023 306 1162 370 solidase

171 387 305 464 Carystio
320 397 369 448 aut
383 387 528 448 Luniensi.

127 483 160 538 49
234 474 294 551 (8.)
323 471 360 531 Μ.
376 471 501 550 Lepidus
526 469 560 543 0.
580 469 673 531 Catuli
695 473 724 531 in
742 472 894 532 consulatu
912 472 1034 551 conlega
1047 475 1160 554 primus

170 559 292 616 omnium
306 555 402 616 limina
421 575 459 616 ex
472 554 624 616 Numidico
642 574 785 616 marmore
800 558 830 616 in
847 556 932 616 domo
948 559 1046 633 posuit
1061 576 1160 636 magna

169 641 371 718 reprensioue.
403 642 428 698 is
443 640 497 699 luit
511 640 612 701 consul
627 658 701 700 anno
718 639 798 699 urbis
814 638 996 700 Dctxxvl.
1033 641 1092 702 hoc
1107 645 1181 721 pri-s

169 742 242 782 mum
264 725 371 783 invecti
387 723 528 783 Numidici
550 725 699 784 marmoris
723 725 877 802 vestigium
902 725 1038 802 invenio,
1058 744 1117 786 non
1133 729 1160 786 in

19 884 22 889 γ
125 826 150 862 ιι
173 807 312 867 columnis
328 815 423 867 tamen
438 809 593 883 crustisve,
608 815 639 866 ut
655 827 741 887 supra
758 806 894 884 Carystii,
912 807 1008 868 sedin
1023 826 1115 869 massa
1130 829 1161 871 ac

170 891 311 950 vilissimo
327 890 453 951 liminum
470 909 531 951 usu.
567 899 636 969 post
655 891 731 952 hunc
745 891 883 969 Lepidum
897 891 991 952 lerme
1012 893 1160 970 quadrien-

169 977 217 1034 nio
234 973 264 1033 h.
285 973 420 1035 Lucullus
441 973 542 1034 consul
559 974 630 1051 luit,
654 977 703 1053 qui
715 993 854 1052 nomen,
866 983 898 1034 ut
920 994 959 1035 ex
978 995 1011 1035 re
1032 976 1160 1054 adparet,

168 1057 306 1118 Luculleo
325 1059 460 1120 marmori
475 1057 553 1117 dedit
569 1058 718 1119 admodum
733 1059 894 1121 delectatus
910 1059 981 1136 illo,
997 1061 1159 1138 primusque
1170 1082 1193 1122 m

167 1141 287 1200 Romam
301 1141 428 1218 advexit,
443 1149 534 1200 atrum
550 1141 675 1218 alioqui,
691 1162 754 1203 cum
769 1151 869 1203 cetera
886 1142 1004 1203 maculis
1020 1153 1067 1202 aut
1083 1145 1161 1206 colo-

81 1274 86 1284 ,
127 1239 160 1290 50
172 1225 252 1284 ribus
263 1225 503 1284 commendentur.
524 1227 651 1285 nascitur
663 1236 758 1287 autem
768 1225 883 1287 inlllelo
894 1227 998 1304 insula,
1012 1227 1161 1306 solumque

169 1327 262 1407 paene
283 1308 339 1368 hoc
361 1325 484 1367 marmor
508 1309 543 1368 ah
566 1317 695 1370 amatore
722 1309 827 1371 rhomen
849 1313 972 1390 accepit.
1008 1313 1084 1372 inter
1107 1312 1160 1372 hos

168 1394 304 1471 primum,
336 1397 365 1444 ut
393 1390 537 1461 arbitror,
570 1407 747 1450 marmoreos
777 1395 907 1469 parietes
933 1390 1031 1450 habuit
1057 1405 1160 1448 scaena

171 1477 288 1554 Scauri,
307 1493 366 1534 non
388 1473 473 1534 facile
492 1472 615 1532 dixerim
638 1480 719 1532 secto
742 1491 777 1532 an
802 1471 905 1571 solidis
926 1471 1040 1548 glaebis
1055 1473 1194 1550 polito,rs

169 1562 252 1620 sicuti
279 1567 324 1619 est
345 1558 431 1617 hodie
447 1557 526 1616 lovis
543 1556 682 1616 Tonantis
702 1556 811 1617 aedis
803 1575 833 1615 ιι
850 1553 1004 1634 Capitolio.
1038 1556 1162 1616 nondum

63 1662 71 1675 ·
169 1647 244 1705 enim
258 1644 331 1703 secti
345 1643 497 1701 mormoris
506 1641 662 1739 ‘vestigia
654 1642 772 1701 inuenio
788 1642 816 1700 iu
834 1640 925 1700 ltalia

126 1742 157 1793 51
237 1727 300 1805 (9)
322 1725 380 1784 Sed
402 1726 530 1823 quisquis
555 1727 662 1803 primus
691 1726 801 1784 invenit
830 1743 932 1784 secare
962 1723 1162 1802 luxuriamque

169 1811 312 1887 dividere,
330 1809 500 1886 inportuni
491 1812 589 1886 ingeni
605 1810 666 1868 luit
688 1809 795 1868 harena
810 1808 866 1867 hoc
880 1807 921 1883 lut,
942 1816 972 1867 et
986 1808 1065 1867 ferro
1082 1807 1163 1867 vide·

170 1905 216 1956 tur
235 1896 314 1968 lieri,
330 1911 412 1952 serra
426 1893 453 1950 in
472 1893 624 1970 praetenui
645 1892 712 1951 linia
733 1900 884 1970 premente
904 1890 1027 1950 harenas
1042 1909 1162 1950 versan·
1153 1911 1199 1952 -ao

113 2043 118 2052 ,
169 1980 264 2056 doque
285 1984 378 2036 tractu
400 1977 465 2054 ipso
494 1983 621 2035 secante
671 1968 846 2054 Aethiopica
874 1974 909 2033 ad
934 1973 1007 2034 haec
1031 1993 1164 2035 maxume

169 2063 325 2141 probatur,
351 2077 414 2120 nam
436 2059 465 2119 id
490 2077 606 2151 quoque
628 2060 753 2118 accessit
774 2068 805 2118 ut
830 2058 865 2118 ab
887 2058 1044 2136 Aethiopia
1069 2077 1164 2136 usque

169 2153 322 2224 peteretur
337 2143 414 2222 quod
428 2144 561 2204 laceret
553 2160 712 2220 marmora,
727 2144 811 2202 immo
831 2159 902 2202 vero
918 2143 1027 2201 etiam
1019 2161 1047 2200 ιι
1061 2141 1164 2219 ludos,

105 2279 108 2282 ,
171 2247 228 2308 quo
248 2231 416 2305 margaritas
439 2246 556 2306 quoque
576 2229 637 2306 peti
657 2227 770 2288 severis
785 2226 912 2286 moribus
928 2225 1072 2303 indiguum
1088 2235 1164 2285 erat

127 2314 245 2378 athaes
266 2329 406 2390 proxume
431 2311 569 2370 laudatur.
613 2311 727 2370 mollior
757 2319 851 2370 tamen
881 2328 954 2387 quae
975 2307 1163 2387 Aethiopica
1175 2329 1200 2368 as

169 2397 218 2456 illa
235 2395 310 2455 nulla
328 2395 464 2455 scabritie
487 2403 583 2465 secat,
604 2384 700 2454 lndica
721 2412 777 2454 non
798 2411 890 2470 aeque
907 2392 1002 2468 levat,
1026 2392 1077 2451 sed
1093 2411 1167 2452 con-

175 2469 259 2527 busta
281 2487 314 2528 ea
337 2469 481 2547 polientes
505 2490 645 2534 marmora
667 2476 772 2536 fricare
796 2477 937 2536 iubentur.
988 2435 1080 2532 simile
1101 2471 1162 2532 Na-

175 2553 240 2610 xiae
254 2555 352 2612 vitium
373 2561 418 2613 est
442 2562 471 2613 et
493 2552 632 2634 Coptitidi
655 2576 727 2635 quac
747 2567 867 2618 vocatur
887 2558 1040 2635 Aegyptia
1079 2554 1162 2616 llaec

168 2641 252 2700 luere
278 2640 392 2716 antiqua
418 2655 528 2736 genera
555 2636 744 2695 marmoribus
775 2633 916 2694 secandis.
971 2643 1076 2712 postea
1110 2653 1163 2696 re·

169 2732 254 2802 perta
273 2731 318 2783 est
340 2740 399 2782 non
413 2723 505 2780 minus
527 2719 674 2797 probanda
698 2738 736 2778 ex
758 2719 878 2798 quodam
894 2716 1048 2776 Hadriatici
1072 2719 1199 2782 marisso

31 2809 35 2813 “
126 2807 263 2884 53vado,
286 2814 370 2866 aestu
390 2805 529 2880 nudante,
553 2804 760 2863 observatione
783 2819 840 2861 non
855 2801 940 2862 facili.
971 2801 1026 2860 iam
1043 2789 1164 2878 quidem

171 2908 348 2973 quacumque
370 2889 475 2950 harena
497 2906 599 2948 secare
618 2906 635 2947 e
656 2886 749 2945 lluviis
773 2886 903 2945 omnibus
927 2885 1004 2944 fraus
1019 2886 1164 2944 artificum

170 2993 240 3034 ausa
254 2983 300 3033 est
308 2973 410 3050 q,uod
422 2971 599 3050 dispendium
613 2970 761 3030 admodum
773 2988 855 3048 pauor
848 2967 1051 3046 intellegunt.
1071 2987 1165 3028 cras-

171 3060 232 3118 sior
253 3058 327 3117 euim
348 3056 453 3116 harena
478 3055 635 3114 laxioribus
658 3056 815 3132 segmentis
835 3054 903 3113 terit
923 3059 953 3110 et
972 3053 1037 3129 plus
1063 3052 1167 3112 erodit

125 3135 127 3139 ’
171 3142 321 3200 marmoris
342 3143 488 3216 malusque
516 3157 588 3216 opus
615 3138 750 3198 scabritia
775 3137 917 3215 politurae
941 3134 1094 3212 relinquit,
1125 3139 1208 3208 ita35

172 3233 270 3284 sectae
296 3231 478 3282 attenuantur
507 3230 629 3282 crustae.
667 3241 766 3282 rursus
787 3219 930 3280 l'hehaica
957 3220 1091 3298 polituris
1116 3220 1169 3280 ad-

173 3306 369 3365 commodatur
382 3315 411 3364 et
426 3322 499 3381 quae
515 3307 552 3364 sit
567 3324 584 3365 e
599 3323 674 3384 poro
690 3304 785 3384 lapide
801 3312 849 3362 aut
865 3322 880 3362 e
897 3305 1016 3381 pumice.

130 3399 165 3452 54
236 3392 262 3448 7.
290 3390 371 3465 (10.)
397 3388 492 3464 Signis
514 3408 531 3447 e
552 3407 693 3450 marmore
715 3385 858 3466 poliendis
876 3389 1054 3464 gemmisque
1073 3390 1169 3448 etiam
