2484 3817
167 139 228 203 tob
510 144 818 196 castrumnovum

124 317 159 372 st
231 303 262 366 3.
282 301 402 365 certum
422 308 471 362 est
492 301 574 379 gigni
594 301 624 360 in
638 298 740 360 insulis
759 296 999 378 septentrionalis
1014 297 1118 358 oceani
1136 305 1169 358 et

166 390 204 450 ab
219 388 370 449 Germanis
389 385 532 463 appellari
549 384 696 462 glomum,
717 384 815 460 ltaque
838 390 869 444 et
889 382 925 442 ab
946 383 1055 441 uostris
1077 382 1117 441 ob
1137 381 1169 442 id

171 484 254 526 uuam
274 465 429 526 insularum
450 465 628 526 Glaesariam
645 467 817 544 appellatam
840 465 1011 527 Germanico
1035 465 1165 528 Caesare

171 567 222 610 res
233 550 272 610 ibi
284 559 409 626 gerente
424 549 567 609 classibus
579 548 783 610 Austeraviam
795 567 812 608 e
829 549 960 609 barbaris
972 551 1084 610 dictem.
1116 569 1166 611 ua·

170 633 262 691 scitur
279 637 376 690 autem
400 627 548 689 dedueute
567 626 691 688 medulla
710 627 789 704 pinei
816 627 936 704 generis
961 625 1118 687 arboribus
1138 635 1190 687 ute

169 715 287 774 cummis
302 715 333 772 in
347 714 475 788 cerasis,
491 713 589 772 resina
603 713 633 771 iu
647 711 732 788 pinis.
767 710 892 787 erumpit
905 710 1013 769 umoris
1025 708 1170 769 abundan-

169 801 227 876 tia,
245 797 383 859 densatur
396 798 499 873 rigore
513 795 562 855 vel
577 803 710 870 tempore
722 802 770 852 eut
787 795 874 868 mari,
890 810 954 852 cunr
968 794 1033 870 ipse
1047 794 1169 852 intume-

129 942 132 949 .
170 900 256 944 scens
278 888 377 942 aestus
401 883 497 957 rapuit
514 898 552 939 ex
570 878 689 952 insulis,
711 886 793 937 certe
808 876 938 936 inlitora
955 875 1114 955 expellitur
1128 879 1168 936 ita

126 965 303 1032 43volubile
320 972 350 1023 ut
367 964 498 1040 pendere
513 961 646 1022 videatur
665 964 695 1019 iu
719 960 805 1020 vado.
843 959 956 1020 arboris
978 975 1076 1019 sucum
1098 979 1167 1020 esse

168 1052 256 1110 etiam
284 1049 374 1126 prisci
397 1049 490 1106 nostri
515 1045 686 1120 credidere,
717 1044 755 1104 ob
775 1043 804 1104 id
826 1039 955 1104 suciuun‘r
974 1043 1198 1122 appellantesro

169 1134 248 1212 pinei
278 1139 374 1190 autem
405 1130 524 1205 generis
555 1129 671 1188 arboris
705 1146 772 1188 esse
802 1127 909 1186 indicio
938 1137 985 1188 cst
1009 1130 1117 1206 pineus
1138 1130 1168 1188 iu

168 1218 268 1276 attritu
284 1212 358 1273 odor
373 1221 402 1272 et
417 1211 494 1289 quod
509 1228 663 1271 accensum
677 1212 778 1271 taedae
790 1212 876 1271 modo
891 1228 925 1270 ao
939 1211 1041 1271 nidore
1053 1210 1167 1287 llsgrat.

169 1299 299 1358 adfertur
313 1315 330 1356 a
346 1294 497 1355 Germanis
513 1296 543 1353 in
561 1294 735 1355 Pannoniam
750 1313 900 1372 maxume,
927 1304 958 1355 et
977 1295 1043 1354 inde
1058 1293 1167 1354 Veneti

167 1383 307 1460 primum,
328 1397 402 1458 quos
420 1378 534 1438 Enetos
549 1376 653 1438 Graeci
674 1386 869 1455 vocaverunt,
890 1379 991 1438 laruam
1006 1381 1049 1438 rei
1065 1378 1168 1438 iecere

169 1467 362 1544 proxumique
376 1463 541 1524 Pannoniae
567 1470 597 1522 et
619 1470 742 1539 agentes
767 1463 844 1522 circa
865 1481 943 1523 mare
963 1461 1166 1523 hadriaticum.
1177 1487 1196 1527 1⁵

127 1549 250 1614 44Pado
276 1567 350 1610 vero
378 1549 491 1608 adnexa
518 1546 615 1607 tabula
647 1554 694 1607 est
722 1545 859 1605 evidente
886 1564 987 1623 causa,
1018 1545 1167 1625 hodieque

168 1633 438 1711 Transpadanorum
466 1631 633 1709 agrestibus
656 1631 771 1690 leminis
796 1630 942 1690 monilium
973 1631 1037 1690 vice
1068 1634 1168 1691 sucina

116 1771 124 1779 .
168 1718 363 1794 gestantibus,
379 1733 511 1775 maxume
525 1716 643 1775 decoris
658 1713 827 1792 gratia5sed
844 1723 874 1773 et
888 1715 1058 1791 medicinae,
1074 1715 1168 1774 credi·

168 1809 214 1860 tur
232 1803 342 1879 quippe
357 1798 484 1859 tonsillis
499 1801 643 1870 resistere
659 1808 690 1858 et
707 1799 831 1858 faucium
845 1800 940 1874 vitiis,
956 1800 1038 1857 vario
1053 1817 1166 1875 genere

125 1892 159 1948 45
170 1903 307 1961 aquarum
329 1886 409 1943 iuxta
424 1882 509 1960 Alpis
524 1884 681 1942 infestante
696 1890 812 1960 guttura
833 1881 985 1941 hominum.
1018 1885 1199 1942 sexcentisro

167 1967 197 2028 it
213 1986 289 2046 pass.
312 1968 377 2028 lere
399 1963 578 2026 aGarnuuto
593 1965 759 2036 Pannoniae
783 1965 888 2024 abesse
909 1965 977 2024 litus
1000 1965 1028 2025 id
1051 1963 1167 2026 Germa-

168 2053 234 2110 niae
255 2069 294 2110 ex
313 2068 371 2129 quo
391 2050 538 2110 invehitur
559 2051 762 2126 percognitum
784 2067 886 2128 nuper.
922 2051 1053 2128 vivitque
1073 2067 1166 2127 eques
1229 2063 1230 2088 ³

166 2133 313 2194 Romanus
335 2133 370 2194 ad
387 2134 415 2193 id
436 2132 648 2211 conparandum
666 2133 771 2191 missus
789 2133 825 2192 ab
843 2133 953 2192 loliano
973 2142 1089 2194 curante
1105 2133 1167 2210 gla-

167 2217 308 2278 diatorum
339 2234 439 2276 munus
466 2217 594 2277 Neronis
620 2217 776 2294 principis,
803 2217 851 2294 qui
881 2225 910 2276 et
939 2219 1165 2278 conmercia‘ee

168 2310 199 2361 et
214 2301 301 2360 litora
318 2303 502 2378 peragravit,
525 2309 603 2359 tanta
620 2303 705 2378 copia
725 2301 840 2359 invecta
855 2309 885 2358 ut
900 2303 975 2359 retis
991 2301 1163 2360 coercendis
1173 2324 1196 2364 ss

167 2385 239 2445 ieris
259 2384 375 2463 podium
394 2386 580 2462 protegentia
601 2385 708 2443 sucinis
729 2383 922 2460 moderentur,
944 2401 1021 2444 erma
1038 2401 1109 2444 vero
1134 2394 1166 2444 et

167 2469 279 2530 libitiu'a
300 2476 438 2545 totusque
453 2469 536 2527 unius
557 2467 614 2527 dici
636 2467 788 2544 adparatus
807 2468 847 2544 [in
865 2469 1025 2528 variatione
1038 2485 1164 2547 pompae

125 2553 350 2630 losingulorum
378 2552 501 2631 dierum}
525 2559 642 2611 esset-o
665 2553 776 2612 sucino.
818 2567 977 2610 maxumum
998 2551 1110 2629 pondus
1137 2555 1163 2612 is

167 2637 292 2715 glaebae
309 2636 405 2696 attulit
420 2633 490 2694 Xlll
506 2633 650 2710 librarum.
686 2635 764 2693 nasci
785 2642 817 2693 et
832 2635 861 2693 iu
875 2633 956 2694 ludia
976 2645 1085 2695 certum
1105 2645 1162 2697 est.

167 2719 329 2782 Archelaus
356 2721 404 2799 qui
419 2721 566 2796 -regnavit
587 2720 615 2778 in
638 2715 819 2795 Cappadocia
839 2717 919 2778 illinc
942 2719 1029 2796 pineo
1050 2723 1193 2783 corticem
1231 2739 1232 2806 p

167 2803 339 2865 inhaerente
359 2803 445 2863 tradit
463 2801 566 2862 advehi
587 2801 663 2869 rude¹
682 2800 828 2878 polirique
852 2801 937 2880 adipe
953 2804 1012 2862 suis
1029 2802 1163 2863 lactentis
1231 2811 1232 2880 l

166 2889 319 2948 incoctum.
345 2887 482 2964 liquidum
496 2886 525 2945 id
541 2887 633 2963 primo
649 2883 799 2958 destillare
811 2895 981 2963 argumento
995 2895 1059 2945 sunt
1076 2903 1163 2962 quae·
1231 2883 1232 2974 l

168 2970 231 3032 dam
250 2974 327 3030 intus
347 2969 536 3046 tralucentia,
565 2978 596 3028 ut
618 2971 756 3029 formicae
777 2969 944 3047 culicesque
966 2978 997 3029 et
1023 2968 1178 3050 lacertae,x
1231 2979 1232 3042 l

168 3071 242 3131 quae
259 3055 427 3114 adhaesisse
443 3063 559 3114 musteo
580 3071 640 3114 non
660 3060 706 3114 est
727 3051 843 3112 dubium
864 3053 917 3133 [et]
938 3052 1047 3114 inclusa
1060 3053 1163 3114 dures·
1231 3063 1232 3076 ¹

168 3146 255 3197 cente
272 3137 388 3215 [eodem
402 3137 600 3216 remansissel.
1170 3163 1193 3204 ss
1231 3149 1232 3152 ’

103 3246 106 3252 ·
125 3228 159 3282 ct
231 3221 316 3298 (12.)
332 3218 446 3280 Genera
458 3222 521 3280 eius
534 3220 616 3298 plura
628 3221 713 3300 [sunt.
726 3222 823 3300 exiis]
839 3219 956 3280 candida
968 3221 1065 3281 odoris
1075 3237 1162 3299 prac-

168 3305 344 3363 stantissimi.
385 3303 438 3364 sed
458 3316 514 3364 bec
532 3305 578 3363 his
598 3323 653 3366 uec
673 3306 778 3366 cerinis
803 3305 933 3381 pretium.
969 3305 1055 3364 fulvis
1069 3307 1164 3365 maior
1231 3343 1232 3398 p

88 3463 95 3467 .
170 3387 337 3447 auctoritas.
374 3387 462 3446 exiis
479 3389 633 3448 etiamnum
647 3389 769 3469 amplior
789 3387 1012 3467 tralucentibus,
1031 3397 1163 3468 praeter·
1231 3401 1232 3464 l
