2484 3817
137 188 195 246 174
485 196 516 245 0.
532 194 627 244 amru
642 194 791 245 secutum

131 360 253 430 sumpta,
269 353 380 411 etiamsi
394 353 448 410 viri
462 350 612 410 mulierum
633 351 726 409 coitus
742 348 871 423 oderint,
895 342 961 425 quin
976 348 1061 407 immo
1077 356 1121 407 to-

131 438 185 495 tius
198 434 298 495 domus
311 435 494 495 concordiam
508 434 611 493 eodem
629 433 747 509 genitali
764 442 792 493 et
806 430 926 491 articulo
941 433 1042 511 spinae
1057 446 1126 490 cum

130 518 307 577 adhaerente
327 522 408 579 corio
425 518 585 577 adservatis
604 526 751 592 constare,
769 516 844 574 hunc
855 516 956 591 spinae
972 514 1126 574 articulum

130 603 191 660 sive
205 601 309 661 nodum
326 602 474 662 Atlantion
489 608 610 676 vocant,
636 608 681 659 est
695 609 787 660 autem
802 600 919 677 primns.
949 599 979 657 in
994 598 1127 657 comitia-¹

89 696 139 747 100
150 684 217 743 lium
235 701 351 763 quoqne
363 684 497 743 remediis
514 683 620 741 babent
636 700 709 741 eum.
733 683 817 761 adipe
834 698 959 741 accenso
976 680 1122 759 serpentis
1136 698 1150 737 ⁵

131 767 225 844 iugari
241 768 347 843 dicunt,
364 768 480 827 maxilla
497 768 657 825 conminuta
673 768 701 825 in
723 783 811 825 aneso
833 773 862 823 et
882 766 910 824 in
927 763 992 824 cibo
1010 773 1121 843 sumpta

129 850 268 910 horrores
296 852 407 925 sedari,
432 849 535 909 eodem
563 848 659 908 snitltu
684 848 831 907 mulierum
856 864 970 907 menses
992 847 1121 907 evocari.

130 941 295 1011 tantumque
310 943 356 993 est
370 934 503 993 vanitatis
518 940 557 1007 nt,
575 934 598 990 si
612 932 649 992 ad
663 932 828 991 bracchium
846 932 988 1008 adligetur
1003 948 1019 989 e
1036 947 1120 1008 supe-

128 1017 199 1075 riori
214 1017 315 1076 dextra
330 1025 412 1095 parte
425 1016 512 1075 rostri
532 1016 620 1090 dens,
645 1015 825 1075 iaculantium
845 1016 919 1074 ictus
935 1013 1122 1073 deerraturos

129 1109 246 1175 negent.
279 1100 377 1176 palato
398 1098 528 1157 eiusdem
550 1098 679 1157 arefacto
704 1106 816 1157 etcum
837 1098 957 1157 alumine
972 1098 1160 1174 Aegyptium

131 1182 275 1242 calefacto
302 1200 337 1241 ac
362 1192 407 1240 ter
431 1184 459 1239 in
486 1198 538 1239 ore
559 1189 719 1258 permutato
740 1181 869 1240 faetores
891 1190 922 1239 et
942 1180 1041 1239 ulcera
1061 1180 1122 1240 oris

130 1264 286 1338 emendari,
301 1282 354 1323 eos
369 1281 442 1323 nero
457 1265 504 1342 qni
519 1265 644 1340 linguam
660 1264 688 1323 in
704 1264 892 1323 calciamento
911 1263 963 1323 snb
981 1262 1055 1341 pede
1071 1262 1122 1323 ha·

70 1401 72 1404 ,
89 1359 137 1412 101
154 1347 241 1406 beant
255 1363 313 1405 non
329 1348 428 1406 latrari
443 1365 459 1406 a
477 1346 605 1406 canibus.
642 1348 755 1407 sinistra
771 1356 853 1424 parte
870 1347 984 1407 cerebri
1005 1346 1122 1405 naribus

130 1430 208 1489 inlita
225 1430 344 1489 morbos
360 1431 544 1508 perniciosos
557 1431 681 1506 mitigari
698 1432 760 1489 sive
775 1430 917 1490 hominum
931 1432 994 1491 sive
1007 1430 1121 1509 quadri·

129 1512 244 1591 pedum.
263 1513 365 1572 frontis
382 1516 491 1573 corium
503 1513 738 1572 fascinationibus
753 1514 902 1590 resistere,
919 1514 1042 1573 cervicis
1057 1530 1119 1572 oar·
1132 1526 1158 1568 rs

129 1598 184 1669 nis,
203 1597 265 1657 sire
283 1597 449 1656 mandantur
463 1598 525 1655 sire
540 1596 687 1656 arefactae
703 1596 845 1671 bibantur,
865 1598 1023 1657 lumborum
1038 1596 1120 1655 dolo·

129 1678 218 1738 ribus.
240 1682 338 1739 nervis
357 1698 373 1740 a
388 1680 476 1740 dorso
492 1681 635 1757 armisque
652 1680 808 1741 suffiendos
822 1698 974 1741 nervorum
990 1679 1120 1754 dolores,

55 1817 61 1830 ,
130 1763 206 1840 pilos
226 1765 314 1822 rostri
330 1766 463 1823 admotos
480 1764 627 1822 mulierum
644 1763 731 1823 labris
747 1765 911 1824 amatorium
932 1781 1015 1841 esse,
1036 1765 1122 1839 iocur

89 1856 141 1908 102
152 1848 180 1903 in
201 1857 270 1924 potu
291 1847 384 1905 datum
405 1846 574 1907 torminibus
593 1857 622 1907 et
641 1847 758 1907 calculis
774 1847 893 1907 mederi.
935 1864 998 1905 nam
1020 1864 1072 1906 cor
1091 1847 1121 1904 in

131 1928 197 1987 cibo
214 1939 321 2008 potuve
335 1939 475 2009 sumptum
490 1930 620 1989 omnibus
635 1930 783 1989 doloribus
807 1947 958 2010 corporum
978 1930 1119 2009 auxiliari,
1131 1948 1159 1989 ao

130 2012 234 2070 lienem
247 2010 379 2086 lienibus,
393 2022 534 2072 omentum
547 2014 673 2072 ulcerum
685 2014 950 2074 inflammationibus
963 2030 1024 2072 oum
1040 2013 1121 2087 oleo,

102 2132 106 2146 r
129 2094 270 2153 medullas
290 2094 440 2154 doloribus
463 2098 563 2175 spinae
586 2106 614 2155 et
640 2114 792 2157 nervorum
813 2096 981 2157 lassitudini.
1011 2096 1121 2155 renium

129 2194 237 2235 nervos
253 2184 340 2255 potos
355 2180 383 2236 in
395 2181 461 2237 rino
480 2197 543 2238 cum
558 2186 621 2238 ture
637 2180 838 2239 iocunditatem
854 2182 1007 2241 restituero
1024 2180 1121 2239 adem·

129 2268 207 2338 ptam
222 2261 375 2335 venalicio,
391 2262 507 2321 volvam
521 2280 584 2321 cum
597 2263 663 2321 mali
673 2263 770 2322 Punici
782 2263 874 2323 dulcis
887 2265 996 2323 cortice
1012 2264 1039 2321 in
1049 2271 1121 2339 potu

130 2342 223 2403 datam
240 2342 382 2420 prodesse
396 2346 545 2405 mulierum
558 2345 673 2405 volvae.
705 2346 790 2424 adipe
809 2365 824 2406 a
845 2346 947 2407 lumbis
963 2346 1052 2405 sultiri
1067 2363 1158 2422 pa-rs

88 2427 245 2491 103rientis
253 2426 443 2487 diidculteret
455 2430 548 2489 statim
561 2447 674 2506 parere.
692 2448 708 2489 e
720 2430 808 2489 dorso
818 2430 968 2489 medullam
980 2428 1120 2504 adalliga-

130 2518 186 2569 tam
198 2519 299 2569 contra
316 2528 405 2570 vanas
418 2514 534 2589 species
549 2513 694 2589 opitulari,
711 2514 845 2591 spasticis
861 2512 987 2591 genitale
1003 2530 1020 2571 e
1035 2513 1119 2572 mari·

129 2593 183 2652 bus
201 2594 307 2669 sniiitu,
319 2595 386 2653 item
401 2595 598 2673 lippientibus,
612 2598 703 2673 ruptis
717 2605 745 2656 et
758 2596 1119 2672 contrainllammationes,

129 2686 263 2737 serratos
278 2677 369 2755 pedes
383 2687 470 2753 tactu,
487 2679 590 2737 laevos
606 2678 715 2738 dextris
730 2680 868 2757 partibus,
884 2679 1003 2739 dextros
1015 2678 1118 2737 laevis.

129 2762 271 2819 sinistrum
286 2761 389 2838 pedem
408 2762 583 2839 superlatum
598 2765 764 2841 parturienti
781 2764 897 2823 letalem
914 2782 997 2838 esse,
1013 2762 1157 2827 dextroao

130 2842 219 2903 inlato
237 2844 324 2906 facile
338 2846 416 2903 eniti.
443 2844 633 2905 membranam
644 2864 717 2924 quae
733 2846 772 2907 iel
790 2848 960 2907 continuerit
976 2846 1119 2905 cardiacis

129 2927 269 3004 potamio
285 2929 350 2986 rino
370 2928 418 2987 vel
439 2930 467 2986 in
484 2928 549 2987 cibo
571 2941 710 3007 sumptam
731 2948 918 3008 succurrere,
941 2931 1067 2988 vesicam
1088 2929 1118 2987 in

129 3010 196 3067 rino
211 3019 309 3087 potam
325 3021 426 3071 contra
442 3012 540 3070 urinae
554 3013 793 3071 incontinentiam.
823 3030 896 3089 quae
911 3022 1003 3072 autem
1022 3012 1048 3069 in
1068 3028 1118 3070 ve·
1201 3028 1206 3037 ·

130 3092 191 3151 sica
206 3094 321 3153 inventa
339 3096 376 3153 sit
391 3095 487 3170 urina,
502 3095 605 3154 additis
620 3096 688 3153 oleo
707 3114 741 3153 ac
756 3096 875 3153 sesamis
898 3104 926 3155 et
948 3094 1117 3153 mellobau-

89 3182 223 3237 losstam
252 3177 393 3251 prodesse
414 3178 608 3253 aegrimoniae
634 3180 734 3237 veteri.
777 3187 920 3237 costarum
946 3178 1061 3255 primam
1087 3187 1156 3237 etas

130 3266 261 3317 octavam
276 3261 371 3321 suiiitn
386 3262 477 3339 ruptis
492 3261 644 3320 salutarem
666 3278 749 3336 esse,
770 3278 808 3319 ex
830 3264 910 3339 spina
932 3279 1002 3321 vero
1019 3268 1117 3337 partc-

130 3340 268 3402 rientibus
283 3362 365 3420 ossa,
391 3346 555 3423 sanguinem
571 3362 633 3402 oum
649 3346 764 3421 polenta
783 3354 922 3423 sumptum
937 3344 1114 3404 torminibus.

132 3423 235 3485 eodem
255 3430 341 3488 tactis
362 3430 494 3507 postibus
516 3428 687 3504 ubicumque
712 3427 859 3503 blagornm
881 3430 1008 3488 iniestari
1025 3436 1115 3503 artes,
