2484 3817
128 140 169 203 ³0
473 134 798 203 commanebant

128 308 226 404 pisse,
240 323 309 366 mox
323 294 447 367 additum
463 307 641 405 argeutum
633 326 662 365 m
677 306 799 383 angulos
818 306 961 384 liniasque
976 325 1032 386 per
1045 326 1125 369 corn·

127 392 283 466 missuras,
307 398 438 468 tympana
455 406 527 451 vero
544 410 577 451 se
593 391 709 450 iuvene
714 389 878 469 appellata,
896 397 955 459 turn
970 409 986 450 a
1003 395 1124 453 stateris

129 482 160 533 et
175 474 282 549 lancis,
299 490 369 551 quas
385 475 492 572 antiqui
508 474 637 551 magides
655 480 839 533 vocaverant.

47 585 51 595 s
87 565 137 621 147
212 557 294 636 (53.)
315 556 378 617 Nec
392 560 476 639 copia
490 559 603 635 argenti
627 564 735 616 tantum
754 557 823 616 furit
838 558 911 634 rita,
933 558 986 618 sed
1010 560 1123 620 valdius

127 658 222 718 paene
236 642 434 719 manipretiis,
458 641 546 717 idque
560 643 614 699 ianr
632 640 761 718 pridem,
782 649 813 699 ut
828 642 1011 717 ignoscamus
1026 644 1145 705 nobiae

127 722 289 803 Delphines
306 726 400 801 quinis
413 724 553 803 {milibus}
566 725 713 783 sestertiis
725 726 754 783 in
766 724 856 783 libras
866 733 980 803 emptos
993 725 1024 785 G.
1036 725 1123 787 Grac·

127 807 197 866 chus
213 807 327 882 babuit,
346 806 450 867 Lucius
467 826 541 867 vero
560 805 683 867 Crassus
696 815 796 865 orator
811 807 883 867 duos
899 808 1027 887 scyphos
1041 808 1123 870 Men·

128 892 202 951 toris
228 892 347 951 artificis
369 910 452 950 manu
477 890 605 950 caelatos
625 891 771 951 sestertiis
793 888 826 949 G.
847 893 1014 952 confessum
1028 902 1122 954 tamen

128 982 174 1035 est
193 992 344 1051 numquam
364 976 400 1034 iis
423 976 462 1034 uti
481 983 604 1051 propter
618 975 822 1034 verecundiam
834 992 949 1052 ausum,
965 978 1039 1050 sicut
1053 996 1122 1037 euu-

88 1068 139 1121 148
151 1058 215 1117 dem
230 1057 285 1119 HS.
300 1058 343 1123 v‘1
361 1059 390 1115 1ιι
408 1056 536 1133 singulas
558 1057 648 1116 libras
666 1077 735 1117 vasa
753 1067 848 1136 empta
867 1058 1014 1120 habuisse.
1049 1061 1158 1124 Asiam

65 1198 68 1207 ,
126 1143 253 1237 primum·
269 1140 382 1199 devicta
404 1140 543 1219 luxuriam
565 1144 643 1200 misit
665 1143 694 1199 in
709 1140 837 1217 ltaliam,
860 1143 1002 1220 siquidem
1017 1144 1121 1205 Lucius

128 1224 253 1300 Scipio
246 1241 274 1282 ιιι
293 1222 436 1299 triumpho
459 1225 605 1283 transtulit
630 1227 743 1301 argenti
759 1226 863 1285 caelati
879 1227 975 1304 pondo
991 1226 1122 1289 MGGCG

128 1315 158 1365 et
179 1323 314 1365 vasorum
335 1324 487 1367 aureorum
519 1308 614 1385 pondo
635 1308 708 1383 hb,
736 1318 765 1366 at
786 1305 891 1369 e'adem
917 1310 988 1370 Asia
1017 1312 1122 1372 donata

127 1388 216 1448 mult'o
236 1390 323 1449 eliam
338 1392 455 1466 gravius
471 1390 581 1451 addixit
596 1410 711 1467 mores,
733 1393 920 1491 inutiliorque
935 1396 1055 1454 victoria
1071 1396 1121 1455 illa

86 1482 136 1538 149
149 1472 296 1532 hereditas
312 1473 412 1533 Attalo
431 1493 503 1551 rege
518 1484 632 1534 mortuo
648 1477 710 1535 luit
749 1484 808 1534 lum
829 1478 903 1536 enim
917 1477 989 1535 haec
1005 1480 1119 1537 emebdi
1129 1498 1155 1537 rs

126 1555 261 1618 Romae
251 1576 281 1617 m
296 1558 477 1617 auctionibus
500 1561 591 1636 regiis
614 1559 787 1619 verecundia
804 1568 936 1638 exempta
960 1569 1005 1619 est
1026 1561 1118 1638 [urbis

127 1658 201 1699 anno
219 1644 435 1702 sexcentesimo
452 1644 595 1719 vigesimo
612 1642 771 1721 secundol,
792 1644 894 1703 mediis
915 1645 1120 1721 quinquaginta

127 1733 242 1802 septem
265 1728 346 1785 annis
369 1726 481 1785 erudita
503 1728 620 1787 civitate
642 1735 739 1787 amare
753 1729 858 1803 etiam,
883 1744 940 1787 uon
962 1728 1056 1787 solum
1072 1729 1120 1810 qd·

126 1810 222 1868 mirari
238 1810 413 1887 opulentiam
428 1818 593 1886 externam,
617 1811 748 1869 inmenso
771 1819 801 1869 et
817 1810 961 1871 Achaicae
977 1814 1119 1873 victoriae

125 1892 271 1953 momento
295 1893 330 1951 ad
348 1892 672 1969 inpellendossmores,
693 1911 766 1971 quae
789 1895 897 1971 etipsa
916 1897 945 1954 in
959 1896 1016 1955 hoc
1030 1898 1153 1957 inter-ro
1226 1967 1229 1971 4

126 1977 203 2035 vallo
219 1993 293 2035 anno
316 1975 395 2033 urbis
410 1978 625 2035 sexcentesimo
646 1984 750 2036 octavo
768 1986 848 2055 parta
863 1980 945 2055 signa
961 1990 992 2040 et
1007 1981 1117 2040 tabulas

86 2071 136 2122 lto
147 2061 239 2136 pictas
256 2060 383 2134 invexit,
400 2059 518 2137 nequid
533 2059 669 2136 deesset,
684 2062 851 2138 pariterque
867 2061 978 2122 luxuria
993 2072 1062 2123 nata.
1073 2072 1118 2122 est

128 2149 158 2201 et
178 2141 322 2218 Carthago
344 2142 473 2219 sublata,
497 2144 537 2202 ita
562 2143 790 2219 congruentibus
818 2144 885 2203 latis
906 2152 937 2202 ut
961 2154 991 2205 et
1011 2146 1116 2205 liberet

128 2226 261 2303 amplecti
276 2228 346 2286 vitia
362 2235 392 2284 et
408 2225 521 2287 liceret.
550 2228 665 2304 petiere
691 2236 721 2286 et
742 2226 935 2304 dignationem
951 2228 1016 2287 hinc
1029 2228 1115 2304 aliqui

128 2318 269 2369 veterum.
300 2306 331 2368 G
348 2308 456 2369 Murrus
470 2317 539 2387 post
553 2312 704 2369 victoriam
720 2309 891 2393 Cimbricam
908 2312 1049 2371 cantharis
1064 2328 1152 2389 po-as

128 2402 207 2453 tasse
222 2390 319 2452 Liberi
344 2394 434 2470 patris
458 2394 594 2472 exemplo
610 2395 748 2472 traditur,
764 2394 815 2453 ille
831 2403 929 2455 arator
942 2397 1067 2473 Arpinas
1086 2404 1118 2455 et

90 2476 310 2555 manipularis
329 2478 497 2553 imperator.

87 2572 134 2623 151
214 2562 261 2621 12.
284 2560 365 2637 (54.)
388 2558 512 2636 Argenti
528 2578 609 2619 usum
625 2563 654 2619 1ιι
669 2570 777 2621 statuas
791 2564 911 2641 primum
922 2561 980 2621 divi
992 2562 1117 2662 Augusti

127 2653 287 2721 temporum
307 2642 469 2703 adulatione
491 2645 632 2703 transisse
652 2644 726 2703 falso
748 2648 936 2716 existimatur.
969 2648 1024 2705 iarn
1042 2648 1133 2706 enim

128 2726 270 2827 triumpho
292 2726 387 2804 llagni
410 2726 529 2805 Pompei
555 2730 715 2804 reperimus
744 2729 873 2789 tralatam
893 2730 1047 2790 Pharnacis
1068 2732 1151 2809 quiea

128 2813 233 2892 primus
252 2813 410 2889 regnarit
401 2830 431 2871 ιιι
444 2810 538 2870 Ponto
554 2820 721 2889 argenteam
735 2820 872 2890 statuam,
887 2814 956 2873 item
969 2812 1116 2874 Mithrida-

86 2905 136 2959 152
146 2896 183 2953 tis
195 2894 351 2972 Eupatoris
367 2904 398 2955 et
409 2913 507 2954 currus
518 2913 623 2956 aureos
638 2904 861 2974 argenteosque.
877 2897 1038 2974 Argentum
1054 2916 1116 2958 snc-

128 2979 204 3038 cadit
215 2978 365 3057 aliquando
383 2987 413 3039 et
432 2996 502 3038 auro
520 2979 766 3038 luxuleminarum
781 2980 876 3058 plebis
887 2981 1042 3059 compedes
1059 2982 1114 3041 sibi

127 3063 308 3139 iacientium,
330 3080 400 3141 quas
423 3062 543 3122 induere
567 3079 669 3121 aureas
685 3080 748 3121 mos
762 3066 860 3123 tritior
871 3071 962 3123 vetet.
993 3063 1115 3124 vidimus

128 3154 159 3205 et
173 3148 231 3223 ipsi
246 3145 387 3205 Arellium
397 3144 518 3205 Fuscum
533 3153 641 3204 motum
655 3149 784 3223 equestri
800 3146 901 3208 ordine
919 3146 957 3205 ob
972 3149 1151 3225 insignemas

129 3228 310 3305 calumniam,
342 3246 404 3287 cum
425 3228 626 3288 celebritatem
649 3229 867 3290 adsectarentur
888 3230 1114 3291 adulescentium

129 3310 265 3386 scholae,
285 3318 442 3389 argenteos
465 3312 566 3371 anulos
587 3312 749 3372 habentem.
788 3313 905 3391 etquid
924 3313 996 3373 haec
1011 3316 1114 3374 attinet

129 3393 289 3473 colligere,
309 3412 372 3455 eum
397 3394 489 3472 capuli
508 3394 629 3455 militum
652 3396 743 3456 ebore
757 3396 842 3455 etiam
856 3395 985 3456 fastidito
1000 3397 1114 3458 caelen·
