2484 3817
167 147 228 210 itt
509 153 832 214 commeruerant,

122 371 128 378 .
164 312 327 393 praeludit,
358 315 446 373 etiam
464 308 577 371 Neroni
597 309 766 370 nubserat.
805 306 865 368 ridi
888 315 957 368 tnnc
981 305 1164 369 ainnnerarr

164 397 250 458 unius
260 396 364 476 scyphi
376 396 460 456 fracti
478 393 624 468 membra,
639 409 714 471 qnae
727 391 917 466 indeletam,
933 389 1040 467 credo,
1051 393 1163 453 saeculi

164 480 358 558 invidiamque
376 479 522 540 Fortunae
544 484 686 553 tamquam
704 457 983 552 alexanari'tlagni
1004 491 1113 553 corpus
1133 477 1165 536 in

121 564 333 628 noconoirorio
355 562 517 624 servarint
536 567 755 620 ostentarentur
775 557 918 638 placebat.
954 556 986 618 Τ.
1006 557 1165 620 Petronius

50 685 53 690 -
164 647 328 709 consularis
345 646 504 707 moriturus
532 643 639 702 invidia
658 641 786 702 Neronis
814 651 846 701 ιιι
872 659 999 702 mensam
1022 643 1087 702 eins
1113 661 1195 706 err-s

163 730 339 808 heredetas,
360 729 476 789 trullam
488 725 661 803 myrrhinam
678 724 733 786 llS.
749 726 819 794 δῶ
834 734 959 803 emptam
978 726 1086 803 fregit,
1110 727 1166 787 sed
1240 765 1241 794 ι

163 813 265 892 Nero,
286 822 318 874 ιιι
337 832 391 893 par
411 819 475 873 erat
493 811 673 889 principem,
694 811 765 870 vicit
787 810 878 869 omnis
897 808 953 869 llS.
970 805 1009 892 ΙῑΙ
1032 811 1166 888 capidem
1240 797 1241 812 ¹

164 915 248 958 unam
262 898 400 976 parando.
425 893 610 956 memoranda
624 913 675 954 res
688 895 759 954 tanti
773 896 981 973 imperatorem
995 901 1166 971 patremque

164 984 278 1060 patriae
294 978 420 1040 bibisse!
455 1051 461 1060 ι

122 1077 156 1128 21
234 1063 295 1144 (8.)
316 1063 422 1123 Oriens
444 1060 590 1137 myrrhina
616 1061 713 1119 mittit.
759 1060 944 1120 inveniuntur
968 1059 1010 1120 ibi
1031 1058 1165 1137 pluribus
1176 1085 1205 1127 ιι

164 1148 239 1208 locis
251 1164 306 1206 nec
316 1144 496 1222 insignibus,
508 1161 639 1204 maxume
651 1142 776 1204 Parthici
789 1144 890 1221 regui,
902 1145 1058 1222 praecipua
1069 1151 1167 1204 tamen

164 1233 195 1292 in
211 1228 369 1289 Carmania.
400 1245 529 1286 umorem
544 1227 597 1286 sub
618 1235 698 1287 terra
716 1237 818 1306 putant
833 1227 932 1288 calore
948 1227 1073 1288 densari.
1108 1245 1168 1287 am-

164 1311 308 1392 plitudine
335 1327 486 1388 numquam
515 1327 623 1389 parvos
651 1310 796 1374 excedunt
818 1311 943 1388 abacos,
972 1310 1167 1374 amaritudine

164 1413 233 1457 raro
249 1403 356 1473 quauta
372 1394 531 1454 dictasunt
547 1395 674 1472 potoria.
706 1394 846 1473 splendor
862 1396 959 1455 estiis
974 1396 1038 1455 sine
1053 1395 1167 1454 viribus

164 1482 303 1557 nitorque
313 1480 413 1539 verius
424 1496 510 1556 quam
522 1476 672 1556 splendor.
687 1478 780 1539 sedin
789 1480 887 1555 pretio
899 1480 1025 1539 varietas
1035 1477 1168 1538 colorum
1178 1501 1203 1542 rs

165 1563 288 1625 subinde
304 1561 567 1638 circunmgentibus
583 1559 617 1621 s'e
639 1562 757 1623 maculis
777 1562 808 1621 in
828 1578 982 1641 purpuram
997 1560 1168 1621 candorem·

166 1666 224 1726 que
240 1655 273 1707 et
286 1649 404 1708 tertium
419 1664 459 1706 ex
474 1653 618 1724 utroque,
640 1647 812 1722 ignescente
831 1646 923 1706 veluti
940 1663 994 1724 per
1013 1645 1168 1704 transitum

122 1730 280 1796 molonis
299 1747 426 1810 purpura
444 1727 493 1788 a'ut
507 1730 686 1790 rubescente
701 1728 808 1790 lacteo.
845 1737 911 1788 sunt
926 1730 975 1806 qui
989 1745 1121 1788 maxume
1136 1730 1167 1788 in

165 1815 203 1875 lie
224 1815 343 1874 laudent
371 1815 572 1873 extremitates
599 1820 631 1872 et
652 1813 791 1891 quosdam
818 1812 948 1872 colorum
972 1829 1166 1890 repercussus

166 1897 269 1979 quales
284 1899 315 1956 in
329 1897 452 1958 caelesti
466 1915 535 1958 arcu
549 1904 721 1974 spectantur
731 1897 789 1956 imi.
816 1895 879 1956 aliis
896 1898 1021 1974 pingues
1037 1894 1166 1974 placent,
1177 1920 1207 1960 20

165 2013 210 2032 -
232 1981 379 2042 tralucere
398 1983 549 2058 quicquam
576 1987 628 2039 aut
650 1980 763 2058 pallere
783 1980 883 2039 vitium
906 1988 953 2040 est
977 2013 1014 2026 ·-
1035 1981 1167 2056 itemque
1204 1989 1206 1994 '

165 2064 244 2125 sales
265 2082 467 2141 verrucaeque
487 2080 546 2123 aon
567 2064 730 2123 eminentes
753 2063 806 2124 sed
826 2071 858 2122 ut
876 2065 906 2122 iu
927 2080 1055 2141 corpore
1078 2065 1168 2122 etiarn

164 2146 336 2230 plerumque
350 2146 484 2209 sessiles.
515 2146 612 2225 aliqua
628 2155 659 2207 et
672 2147 811 2207 inodora
826 2147 1037 2206 commendatio
1053 2154 1107 2206 est.

122 2243 159 2298 ιι
232 2231 294 2311 (9.)
310 2228 462 2290 Contraria
476 2230 543 2290 lruio
556 2247 644 2290 causa
660 2231 827 2308 crystallum
841 2231 911 2290 iacit
925 2231 994 2306 gelu
1009 2229 1168 2290 vehemen-

166 2317 244 2376 tiore
260 2322 410 2375 concreto.
430 2332 490 2375 non
499 2313 589 2374 aliubi
609 2323 693 2374 certe
707 2317 853 2393 reperitur
871 2332 956 2392 quam
970 2314 1018 2374 ubi
1032 2330 1166 2372 maxume
1178 2337 1206 2377 aa

165 2399 307 2459 hibernae
328 2398 413 2458 uires
437 2399 551 2474 rigent,
574 2395 758 2476 glaciemque
782 2417 851 2458 esse
871 2405 982 2458 certum
999 2405 1063 2471 est,
1086 2397 1167 2459 unde

166 2499 272 2544 nomeu
287 2481 391 2542 Graeci
408 2480 526 2542 dedere.
559 2482 660 2540 oricus
680 2490 711 2541 et
725 2481 797 2542 banc
812 2483 917 2559 mittit,
940 2482 1074 2559 quoniam
1089 2479 1167 2540 ludi-

166 2584 219 2628 oae
243 2565 321 2626 nulla
341 2566 517 2644 praefertur.
552 2565 681 2624 nascitur
704 2573 735 2625 et
755 2565 785 2623 in
808 2565 899 2643 Asia,
925 2564 1066 2625 vilissima
1086 2565 1167 2624 circa

166 2648 316 2711 Alabanda
342 2656 374 2710 et
398 2647 563 2708 Orthosiam
590 2648 794 2725 finitimisque,
822 2649 893 2708 item
914 2650 945 2708 in
964 2645 1081 2726 Cypro,
1111 2648 1167 2708 sed

123 2732 284 2798 aalaudata
306 2734 337 2793 in
358 2731 477 2809 Europa
500 2729 619 2809 Alpium
641 2732 727 2808 iugis.
762 2729 833 2792 luba
861 2740 1027 2792 auctorest
1045 2732 1076 2791 in
1096 2750 1200 2810 qua-so

167 2817 231 2878 dam
244 2815 337 2878 insula
350 2815 444 2876 liebri
457 2815 544 2875 maris
559 2823 627 2874 eote
641 2813 778 2883 Arabiam
793 2817 849 2875 sita
862 2816 941 2875 nasci
957 2819 1032 2892 quae
1044 2812 1167 2875 Necron

165 2908 305 2975 uocetur,
325 2908 358 2960 et
372 2901 402 2958 iu
416 2917 453 2959 ea
467 2916 542 2975 quae
559 2900 639 2958 iuxta
657 2915 797 2974 gemmam
819 2907 954 2977 topazum
968 2899 1062 2974 ierat,
1084 2899 1166 2958 eubi-

167 2983 311 3060 talemque
333 2981 469 3042 ellassam
490 2981 690 3059 al’gtbagora
709 2981 870 3043 Ptolemaei
892 2982 973 3059 regis
997 2981 1166 3060 praefecto,

41 3096 45 3100 “
167 3064 322 3128 Cornelius
335 3065 467 3127 Bocchus
483 3073 515 3126 et
530 3067 560 3126 io
570 3064 717 3126 Lusitania
733 3083 872 3145 perquam
885 3065 1007 3126 mirandi
1022 3063 1166 3143 mederis

165 3150 196 3208 in
220 3148 439 3210 Ammaeneibus
470 3151 564 3227 iugis,
598 3150 747 3227 depressis
776 3150 811 3210 ad
836 3148 1042 3212 libramentum
1069 3166 1202 3226 aquaeue

122 3242 158 3297 ²5
169 3233 276 3309 puteis.
303 3232 361 3292 boc
371 3235 488 3309 mirum,
505 3234 583 3312 quod
593 3231 777 3294 Xenocrates
789 3231 935 3312 Ephesius
950 3231 1050 3309 tradit,
1065 3243 1163 3290 aratro

167 3315 198 3374 ira
218 3314 290 3374 Asia
313 3323 343 3374 et
364 3314 463 3393 Cypro
487 3317 625 3392 excitari,
647 3334 705 3377 nou
732 3318 808 3377 eninr
827 3316 954 3394 reperiri
977 3316 1007 3374 in
1030 3323 1164 3391 terreno,

167 3414 223 3456 neo
236 3398 293 3458 nisi
306 3399 384 3460 inter
399 3400 491 3460 cautis
505 3399 646 3461 creditum
659 3401 764 3460 iuerat.
790 3399 911 3462 similius
928 3400 992 3458 reri
1008 3405 1066 3476 est,
1085 3396 1166 3476 qnod
