2484 3817
341 202 421 250 usu.
437 198 527 249 msr.
543 200 655 247 xuni.
675 200 702 251 5.
719 191 911 261 o.(18-21.)
1065 187 1127 251 295

128 355 277 418 adversari
293 355 477 433 serpentibus
491 372 575 433 quarn
593 370 730 430 cancros,
748 371 815 413 sues
831 370 986 431 percussas
1000 353 1062 415 boc
1077 371 1127 433 pa-

129 441 199 501 bulo
214 439 269 500 sibi
283 439 402 498 mederi.
432 456 496 499 curn
510 439 557 499 sol
573 442 610 497 sit
626 440 654 497 in
677 455 800 513 cancro,
824 440 969 515 serpentia
986 440 1126 517 torqueri.

127 524 235 585 letibus
253 526 438 602 scorpionum
451 540 553 582 carnes
570 531 600 581 et
612 521 790 581 fluviatilium
807 520 972 581 coclearum
988 524 1170 587 resistunt56

128 608 235 668 crudae
249 607 298 667 rel
309 616 423 666 coctae.
446 605 559 684 qnidam
571 605 611 666 ob
624 604 653 665 id
666 605 759 665 salsas
771 622 887 683 quoque
898 605 1064 665 adservant.
1086 607 1127 666 in-

104 699 238 771 sponunt
249 691 384 769 etplagis
395 691 478 768 ipsis.
500 688 635 749 coracini
650 689 747 767 pisces
757 688 824 747 Nilo
837 688 951 765 quidem
962 689 1127 767 peculiares

17 777 22 785 ’
128 784 205 850 sunt,
220 774 272 833 sed
289 790 344 832 nos
359 774 433 832 baec
449 772 580 833 omnibus
595 774 681 831 terris
697 772 933 835 demonstramus.
957 790 1060 833 carnes
1076 791 1125 833 eo·

127 877 190 918 rum
211 857 352 917 adversus
368 858 542 935 scorpiones
563 857 662 917 valent
681 856 835 934 inpositae.
861 854 939 915 luter·
954 873 1066 916 venena
1083 859 1126 935 pi·

129 946 220 1002 scium
237 950 302 1000 snut
322 942 406 1018 porci
421 942 520 1001 marini
535 942 637 1018 spinae
655 941 684 998 in
699 940 787 1000 dorso
804 938 932 999 cruciatu
947 957 1051 1016 magno
1067 940 1126 999 lac·

127 1042 236 1099 sorum,
251 1024 381 1083 remedio
397 1032 442 1083 est
457 1024 540 1083 limus
555 1042 593 1083 ex
606 1024 727 1101 reliquo·
737 1025 857 1101 piscium
872 1040 971 1083 eorunr
987 1040 1125 1103 corpore.

92 1124 120 1165 ro
193 1107 275 1187 (20.)
297 1106 384 1167 (lania
403 1107 494 1168 rabidi
514 1107 659 1167 morsibus
680 1116 778 1185 potum
801 1106 1064 1187 expavescentibus
1081 1108 1167 1172 fati

130 1195 203 1253 ciem
218 1200 383 1269 perungunt
395 1191 481 1270 adipe
497 1193 577 1251 rituli
591 1192 701 1267 marini,
717 1191 877 1267 efficacius,
895 1192 920 1251 si
936 1189 1060 1251 medulla
1075 1190 1125 1265 trr-

128 1294 219 1337 aenae
237 1284 267 1333 et
282 1276 378 1335 oleum
389 1294 407 1334 e
417 1276 542 1335 lentisco
554 1284 584 1335 et
595 1292 664 1335 cera
676 1276 838 1335 misceatur.
860 1292 997 1335 murenae
1012 1292 1125 1335 morsus

127 1362 253 1438 ipsarum
268 1360 372 1437 eapitis
391 1360 492 1419 cinere
516 1369 661 1419 sanantur.
694 1357 731 1419 Et
751 1361 898 1437 pastinaca
921 1368 1022 1419 contra
1044 1370 1168 1423 suumn&

129 1445 215 1502 ictum
226 1443 354 1502 remedio
369 1452 416 1502 est
431 1446 531 1504 cinere
546 1460 600 1503 suo
615 1462 653 1503 ex
668 1451 751 1502 aceto
763 1443 845 1503 inlito
856 1443 906 1502 vel
921 1442 1048 1502 alterius.
1069 1442 1125 1502 cibi

97 1543 216 1586 recensa
233 1527 345 1586 extrabi
366 1527 455 1587 debet
475 1526 596 1587 adoreo
618 1528 681 1587 cius
700 1525 838 1603 quidquid
860 1543 949 1585 croco
967 1526 1059 1585 simile
1081 1535 1125 1585 est

130 1618 272 1689 caputque
285 1619 384 1686 totum,
400 1620 429 1671 et
443 1610 517 1669 banc
527 1619 623 1669 autern
637 1618 668 1668 et
679 1610 772 1667 omnia
787 1617 917 1667 testacea
932 1608 1045 1668 modice
1056 1626 1124 1669 con·

129 1695 169 1754 lui
185 1695 213 1752 in
228 1692 310 1768 cibis,
327 1695 393 1770 qnia
407 1695 522 1770 saporis
538 1694 630 1767 gratia
646 1692 731 1768 perit.
754 1690 779 1749 E
796 1691 899 1767 lepore
914 1692 1025 1749 marino
1037 1709 1124 1751 vene·

128 1778 224 1837 licium
239 1778 400 1851 restingunt
417 1777 478 1852 poti
495 1774 689 1851 hippocampi.
719 1781 821 1833 eontra
842 1771 1010 1847 dorycnium
1031 1774 1125 1834 ecbini

128 1874 260 1920 maxume
275 1865 405 1934 prosunt,
425 1866 455 1915 ct
467 1858 503 1916 iis
514 1859 562 1934 qui
577 1874 677 1915 sucum
690 1856 819 1935 carpathi
829 1856 953 1915 biberint
965 1858 1124 1935 praecipue

92 1962 147 2003 soe
162 1945 224 2000 iure
240 1941 354 2017 sumpti.
377 1949 408 1998 et
422 1942 519 2000 cancri
535 1940 636 1999 manni
651 1940 766 2000 decocti
782 1942 826 2000 ius
842 1948 942 2001 contra
956 1942 1124 2015 dorycnium

129 2026 237 2087 ciboax
245 2023 375 2099 habetur,
384 2024 570 2101 peculiariter
581 2041 651 2083 vero
660 2032 759 2084 contra
768 2024 879 2103 leporis
890 2027 990 2085 marini
1001 2041 1123 2084 amena.

191 2108 220 2168 6.
242 2107 326 2187 (nt.)
346 2107 385 2167 Et
400 2116 498 2168 ostrea
518 2107 705 2167 adversantur
720 2109 827 2183 isdem,
845 2126 900 2167 nec
918 2118 1015 2187 potest
1031 2109 1166 2175 videri59

130 2194 201 2252 satis
213 2191 317 2250 dictum
330 2208 401 2251 esse
415 2192 452 2251 de
467 2192 523 2266 bis,
541 2210 603 2250 cum
614 2191 709 2269 palma
720 2204 882 2252 mensarum
895 2192 941 2252 diu
952 2195 1007 2251 iarn
1017 2192 1122 2253 tribua-

127 2287 175 2337 tur
184 2276 252 2336 illis.
273 2276 399 2351 gaudem
412 2275 545 2335 dulcibus
555 2276 638 2353 aquis
650 2284 679 2335 et
689 2276 737 2335 ubi
749 2276 871 2355 plurumi
884 2276 1002 2336 induunt
1012 2292 1122 2353 annues,

93 2376 120 2416 as
129 2360 197 2420 ideo
214 2358 330 2437 pelagia
345 2377 434 2437 parva
448 2368 480 2418 ot
489 2377 555 2420 rara
568 2368 644 2419 sunt.
664 2361 818 2437 manantur
832 2368 926 2419 tmen
940 2360 1011 2419 etin
1025 2369 1121 2437 petro·

129 2445 169 2502 sis
186 2442 406 2521 carentibusque
420 2461 556 2523 aquaram
569 2443 694 2503 dulcium
704 2438 848 2519 aduentu,
865 2444 940 2503 sicut
958 2444 1035 2503 circa
1051 2442 1120 2516 Gry·

128 2528 205 2585 nium
229 2534 258 2583 et
276 2526 423 2599 Myrinam.
447 2526 649 2604 ¹grandescunt
672 2526 776 2587 sideris
799 2526 912 2605 quidem
931 2527 1044 2587 ratione
1063 2542 1120 2585 ma·

129 2624 231 2683 nune,
253 2618 284 2667 ut
298 2611 327 2668 in
345 2621 444 2670 natura
459 2609 623 2687 aquatilium
636 2609 785 2686 diximum*
798 2609 852 2669 sed
862 2610 1002 2687 ¹privatim
1018 2609 1162 2669 circanam

129 2692 208 2750 initia
223 2694 341 2751 aestatis
354 2694 442 2752 multo
459 2693 536 2752 lacte
547 2694 715 2771 praegnatia
728 2703 813 2771 ncqrm
825 2692 874 2751 ubi
888 2694 932 2752 sol
948 2701 1080 2771 penetret
1092 2694 1120 2756 ln

94 2774 214 2835 aovuda.
244 2775 319 2833 haec
337 2776 450 2835 ridetur
470 2793 557 2835 causa
575 2792 665 2853 quare
685 2776 794 2837 minora
809 2778 837 2836 in
853 2777 913 2835 alto
926 2776 1116 2854 reperiantur,
1128 2784 1162 2840 60

129 2860 262 2939 opacitas
273 2856 388 2917 cohibet
399 2859 602 2919 incrementum
615 2868 644 2917 et
655 2860 767 2919 tristitia
776 2862 868 2919 minas
880 2860 1016 2938 adpetunt
1029 2858 1118 2918 cibos.

129 2944 276 3002 variamur
290 2940 452 3017 coloribus,
472 2942 535 3003 ruia
549 2942 721 3019 Hispaniae,
740 2943 823 3003 lusca
838 2941 973 3017 illyrico,
995 2943 1076 3018 nigra
1091 2952 1120 3002 et

129 3043 217 3085 carne
231 3033 261 3083 et
271 3022 476 3101 testailirceis‚
492 3026 649 3104 praecipua
663 3041 735 3085 vcro
746 3026 887 3087 habentur
898 3028 926 3085 in
940 3031 1118 3104 quacumque

130 3117 218 3185 gente
233 3109 328 3185 spissa
342 3123 398 3166 nec
411 3108 503 3167 salira
519 3126 571 3169 sua
585 3108 710 3185 lubrica,
731 3108 918 3169 crassitudine
935 3110 1031 3189 potius
1051 3124 1117 3187 spe-

95 3206 121 3249 se
130 3192 231 3252 ctanda
244 3208 327 3270 quarn
340 3190 497 3270 latitudine,
512 3208 607 3269 neque
623 3193 650 3250 in
664 3193 765 3253 lutosis
782 3200 865 3269 capta
879 3210 974 3271 neque
989 3192 1018 3251 in
1034 3191 1117 3251 bare·

129 3276 210 3333 sons
219 3275 273 3334 sed
285 3275 381 3335 solido
392 3275 475 3353 vado,
492 3275 637 3353 spondylo
652 3275 736 3336 brevi
745 3284 831 3353 atque
845 3292 902 3335 non
917 3291 1050 3351 carnoso,
1062 3292 1118 3335 nec

130 3358 211 3418 libris
225 3356 363 3419 laciniosa
381 3376 417 3419 ac
435 3368 496 3419 tota
512 3360 541 3416 in
561 3359 639 3418 alvo.
662 3356 767 3419 addunt
780 3360 933 3436 peritiores
947 3368 1042 3417 notam
1058 3374 1115 3417 am
1126 3370 1159 3423 61

130 3441 226 3501 biente
241 3458 388 3521 purpureo
406 3443 485 3503 crine
500 3441 602 3519 fibras,
617 3456 714 3519 eoquo
728 3451 896 3518 argumento
917 3458 1061 3520 gennesa
1075 3441 1116 3500 ia÷
