2484 3817
326 200 682 252 usu.arsr.xxxr.10.
699 200 740 253 11.
760 188 818 266 (46.
835 190 895 265 47.)
1047 190 1108 253 283

113 357 180 416 nitri
195 354 333 433 prodest,
357 354 505 432 strophis,
524 354 734 434 opisthotonis,
753 357 866 414 tetaois.
897 356 946 415 Sal
963 364 991 415 et
1006 357 1108 417 nitrum

114 439 224 517 sulpuri
242 446 413 499 concoctum
429 440 457 495 iu
472 438 597 518 lapidem
614 440 743 499 vertitur.

178 522 226 581 11.
248 523 331 601 (47.)
351 522 552 599 spongearum
562 540 673 599 genera
686 522 805 580 diximus
819 522 848 579 in
860 522 967 583 naturis
978 525 1086 601 aquati·
1099 535 1151 589 123

112 605 180 681 lium
190 608 371 665 marinorum.
396 605 509 683 quidam
523 607 562 665 ita
579 605 750 681 distingunt:
770 604 841 665 alias
853 622 890 664 ex
901 604 944 664 his
962 609 1048 666 maris
1077 608 1100 648 ⁹¹
1115 606 1149 641 ¹⁴⁸

89 691 189 749 otenui
203 688 298 749 fistula
315 690 545 767 spissioresque,
561 687 761 767 persorbentis
783 703 857 766 quae
875 696 904 747 et
921 690 1066 765 tinguatur
1080 693 1107 750 in

112 772 240 849 deliciis,
253 770 406 851 aliquando
421 780 453 830 et
465 789 606 851 purpura,
621 772 693 831 alias
708 772 829 831 feminas
839 772 994 832 maioribus
1005 774 1108 835 tistulis

111 874 147 918 ac
161 856 326 935 perpetuis,
347 854 473 915 maribus
488 856 559 916 alias
582 856 715 915 duriores
736 871 808 933 quas
831 854 980 933 appellant
998 865 1107 933 tragos,

110 940 285 1004 tenuissimis
308 939 409 999 tistulis
425 948 511 1017 atque
526 938 713 999 densissimis.
741 938 889 999 candidae
906 956 973 999 cura
991 940 1074 1011 liunt,
1091 960 1106 999 e

111 1023 287 1083 mollissimis
302 1030 437 1082 recentes
457 1040 510 1101 per
527 1031 665 1082 aestatem
681 1023 789 1083 tinctae
808 1022 879 1082 salis
892 1040 993 1101 spuma
1009 1022 1044 1082 ad
1066 1024 1106 1083 lu·
1171 1066 1175 1078 .

77 1124 175 1167 ronam
187 1115 217 1166 et
232 1108 349 1184 pruinas
361 1114 525 1167 sternuntur
535 1108 686 1183 inversae,
700 1107 757 1166 hoo
773 1113 819 1165 est
835 1122 890 1183 qua
906 1106 1107 1184 purteadbae·

110 1209 192 1266 sere,
219 1198 249 1249 ut
278 1189 434 1250 candorem
454 1189 563 1249 bibant.
607 1189 710 1250 animal
735 1206 802 1249 esse
829 1188 976 1249 docuimus
1004 1191 1088 1250 etiam
1098 1200 1149 1255 124

111 1291 215 1334 cruore
229 1273 407 1333 inhaerente.
437 1273 524 1352 aliqui
539 1283 654 1333 narrent
670 1281 699 1333 et
714 1273 811 1333 auditu
833 1274 896 1349 regi
914 1292 965 1333 eas
982 1290 1050 1333 cou-
1076 1274 1099 1315 ⁹=
1113 1273 1147 1307 ¹⁵⁰

108 1357 240 1436 trahique
253 1357 288 1417 ad
299 1374 399 1417 sonum
411 1359 599 1435 exprimentis
610 1356 809 1419 abundantiam
818 1358 938 1434 umoris,
954 1374 1008 1416 nec
1019 1357 1106 1417 avelli

111 1442 201 1522 petris
218 1459 322 1520 posse,
337 1442 405 1502 ideo
420 1441 547 1518 abscidi,
565 1459 600 1501 ao
617 1444 726 1501 saniem
739 1442 896 1501 remittere.
927 1443 994 1518 quin
1010 1450 1039 1501 et
1055 1459 1105 1500 eas

77 1540 102 1581 15
111 1542 185 1605 quae
203 1524 240 1585 ab
260 1526 396 1602 aquilone
416 1526 473 1584 sint
493 1526 610 1601 genitae
634 1525 802 1603 praeierunt
829 1525 954 1598 ceteris,
981 1540 1036 1583 uec
1059 1542 1105 1583 us·

111 1608 414 1687 quamdiutiusdurarc
427 1610 558 1687 spiritum
567 1607 673 1667 medici
684 1607 844 1666 adfirmant.
863 1605 906 1663 sic
921 1614 949 1663 et
964 1607 1106 1683 prodesse

111 1691 295 1770 corporibus,
310 1694 376 1768 quia
388 1700 489 1750 nostro
502 1706 583 1749 suum
593 1691 743 1764 misceant,
758 1697 787 1747 et
798 1686 865 1745 ideo
877 1688 969 1761 magis
980 1693 1106 1750 recentis

108 1777 259 1851 magisque
274 1773 399 1845 umidas,
421 1772 473 1831 sed
489 1773 581 1830 minus
596 1772 625 1830 in
640 1771 733 1830 calida
751 1787 824 1848 aqua
842 1770 991 1847 minusque
1006 1781 1105 1831 unctas

98 1866 158 1917 ‹aut
169 1857 261 1914 unctis
272 1853 444 1932 corporibus
452 1855 603 1931 inpositas,
613 1864 643 1913 et
654 1854 766 1932 spissas
779 1855 870 1913 miuus
882 1852 1103 1913 adhaerescere.

74 1953 103 1995 ao
112 1939 307 1998 mollissimum
324 1954 416 2015 genus
428 1954 525 1998 earum
539 1937 666 2015 penicilli
679 1938 827 1998 oculorum
839 1944 966 1996 tumores
984 1937 1145 2003 sedaut125

112 2042 150 2083 ex
165 2021 258 2081 mulso
273 2020 400 2101 inpositi.
434 2021 510 2080 idem
533 2020 745 2098 abstergendae
765 2018 929 2100 lippitudini
949 2021 1102 2094 utilissimi,

111 2106 416 2183 eosquetenuissimos
437 2113 467 2163 et
480 2105 666 2164 mollissimos
683 2123 750 2165 esse
773 2111 903 2183 oportet.
931 2106 1105 2183 inponuntur

111 2200 141 2251 et
157 2206 308 2267 spongeae
322 2191 405 2267 ipsae
422 2189 572 2267 epiphoris
589 2207 627 2248 ex
641 2206 734 2267 posca
751 2198 780 2248 et
797 2196 934 2248 exaucto
951 2188 1045 2248 calido
1068 2188 1103 2249 ad

112 2274 215 2350 capitis
230 2273 357 2333 dolores.
383 2271 419 2331 de
434 2282 534 2332 cetero
548 2282 682 2333 recentes
699 2272 871 2347 discutiunt,
893 2271 1038 2347 molliunt,
1053 2274 1102 2331 mi·

76 2372 104 2412 aa
113 2360 217 2433 tigant,
231 2366 349 2417 veteres
363 2373 421 2415 non
435 2356 577 2433 glutinant
595 2356 732 2433 uolnera,
747 2374 816 2415 usus
834 2372 930 2415 earum
941 2355 977 2415 ad
991 2355 1101 2415 abster-

111 2440 215 2518 genda,
232 2440 366 2515 fovenda,
383 2441 539 2517 operienda
554 2440 657 2516 aiotu,
677 2438 742 2498 dum
758 2438 836 2501 aliud
850 2440 1011 2516 inponatur.
1041 2438 1081 2498 ul·
1093 2448 1144 2501 126

113 2540 181 2583 cera
195 2540 311 2601 quoque
327 2523 420 2583 umida
436 2532 466 2582 et
481 2524 582 2583 senilia
597 2524 740 2602 inpositae
756 2526 885 2597 siccant,
907 2522 1051 2581 fracturae
1073 2529 1102 2581 et

112 2606 231 2664 volnera
246 2608 384 2685 spongeis
397 2607 546 2666 utilissime
562 2606 707 2669 ioveutur.
738 2607 855 2683 sanguis
876 2606 985 2683 rapitur
1006 2605 1034 2663 in
1055 2622 1101 2663 se·

114 2687 206 2748 cando
221 2698 251 2747 ut
266 2691 373 2749 curatio
385 2692 513 2768 perspici
526 2690 628 2767 possit,
645 2699 673 2748 et
691 2693 771 2767 ipsae
785 2688 936 2749 volnerum
948 2687 1102 2746 iniiamma-

77 2788 104 2830 so
118 2774 230 2846 tiones,
243 2774 268 2831 si
280 2790 336 2830 neo
348 2773 563 2849 inunguitur,**
577 2790 652 2831 nuno
666 2775 779 2851 siccae,
794 2788 868 2831 nunc
884 2780 968 2831 aceto
982 2770 1100 2847 adsper-

113 2856 341 2931 sae,nuncviuu,
354 2873 427 2915 nuuc
436 2854 630 2934 aquairigida.
647 2874 763 2934 exaqua
776 2870 847 2914 vero
858 2853 978 2913 caelesti
994 2854 1100 2931 iuposi-

112 2948 161 2999 tae
174 2940 308 2998 siccasve
316 2941 445 2997 recentia
455 2957 511 2998 non
525 2940 668 3014 patiuntur
679 2939 880 2998 intumescere.
906 2939 1079 3014 inponuntur
1093 2947 1141 3002 127

114 3032 144 3081 et
158 3022 277 3099 integris
295 3021 437 3098 partibus,
454 3021 506 3081 sed
523 3022 658 3081 ductione
674 3022 788 3081 occulta
809 3018 1005 3079 laborantibus
1027 3037 1100 3095 quae

114 3104 289 3164 discutienda
305 3105 358 3178 sit,
375 3113 403 3162 et
420 3104 455 3161 iis
473 3121 547 3181 quae
563 3114 739 3182 apostemata
756 3110 859 3162 vocant
876 3102 961 3161 melle
978 3102 1099 3161 decocto

78 3190 270 3266 spernacus.
299 3189 368 3246 item
382 3188 508 3246 articulis
524 3186 594 3245 alies
617 3198 700 3247 aceto
724 3187 801 3246 salso
824 3184 968 3260 madidae,
990 3185 1100 3245 aliase

113 3288 214 3349 posca,
232 3272 256 3330 si
269 3270 382 3330 ierveat
395 3270 537 3346 impetus,
547 3288 583 3327 ex
594 3287 678 3346 aqua.
705 3270 823 3329 eaedem
838 3267 913 3327 callo
929 3286 945 3327 e
961 3270 1048 3344 salsa,
1058 3300 1102 3313 -

113 3364 142 3414 at
153 3363 252 3413 eontra
263 3355 446 3432 scorpionum
455 3355 529 3411 ictus
541 3370 578 3410 ex
589 3361 673 3412 aceto
684 3386 735 3425 -,
751 3354 779 3409 in
791 3350 939 3409 volnerum
951 3352 1100 3410 curatione

114 3447 144 3497 et
159 3438 277 3497 sucidae
289 3438 372 3497 lause
386 3438 479 3495 vicem
495 3434 605 3513 inplent
624 3452 661 3493 ex
672 3434 792 3495 eadem.
831 3432 991 3493 differentia
1015 3432 1098 3509 haec,
