2484 3817
173 188 236 253 208
521 202 825 254 cemmsncunnr

174 354 304 416 Charmis
319 372 357 416 ex
372 356 473 417 eadem
486 356 614 419 llassilia
632 362 736 419 invasit
750 357 886 417 damnatis
900 372 957 416 uon
975 355 1068 417 solum
1083 356 1157 434 prio·

171 438 252 498 ribus
265 439 385 500 medicis
401 458 501 501 verum
515 452 545 502 et
559 443 692 517 balineis,
703 442 864 518 frigidaque
881 442 965 499 etiarn
979 439 1106 499 hibernis
1119 438 1157 499 al-

172 521 293 598 goribus
308 524 398 584 lavari
414 528 567 602 persuasit.
599 526 699 585 mersit
712 540 819 601 aegros
834 524 862 582 iu
877 522 968 582 lacus.
993 522 1158 581 videbamus

172 622 261 665 senes
275 607 435 666 consularis
449 624 543 685 usque
558 610 586 667 in
600 610 820 669 ostentationem
836 607 973 683 rigentis,
998 623 1052 683 qua
1073 605 1109 663 de
1126 622 1159 663 re

130 700 163 752 ll
176 696 270 747 exstat
291 691 375 749 etium
397 690 509 749 Annaei
524 694 655 751 Senecae
675 690 867 771 adstipulatio.
905 707 961 748 nec
982 687 1095 748 dubium
1116 696 1181 747 ests

173 772 265 831 omnis
284 773 358 832 istos
379 773 482 833 lamam
502 776 629 833 novitate
651 775 744 852 aliqua
768 774 936 851 aucupantis
956 774 1046 831 anima
1068 772 1160 829 statim

172 866 273 915 nostra
287 858 441 933 negotiari.
471 856 537 916 lriuc
551 857 619 917 illae
637 860 714 917 circa
735 873 841 933 aegros
862 856 985 915 miserae
1007 856 1159 913 sententia·

170 954 234 997 rum
248 940 491 1015 concertationes,
508 940 587 999 nullo
602 941 677 1001 idem
695 949 848 1015 censente,
868 956 904 997 ue
917 938 1046 998 videatur
1062 954 1159 995 acces·

172 1022 217 1080 sio
239 1021 366 1081 alterins.
413 1021 480 1080 hinc
499 1023 548 1082 illa
570 1022 673 1083 infelix
697 1024 868 1082 monumenti
891 1022 1054 1097 inscriptio,
1078 1020 1160 1079 turba

172 1122 205 1163 se
220 1104 395 1164 medicorum
409 1106 531 1182 perisse.
557 1106 680 1165 Mutatur
696 1125 742 1165 ars
758 1105 863 1166 cotidie
878 1106 983 1163 totiens
996 1104 1156 1181 interpolis,
1169 1125 1193 1165 ro

173 1195 203 1245 et
227 1188 405 1262 ingeniorum
428 1187 567 1248 Graeciae
589 1189 657 1249 datu
678 1189 855 1267 inpellimur,
878 1187 1029 1267 palamque
1046 1195 1105 1261 est,
1129 1197 1160 1246 nt

117 1306 123 1321 ·
174 1270 294 1347 quisquc
309 1272 384 1329 inter
403 1270 475 1329 istos
491 1272 638 1349 loquendo
655 1272 780 1350 polleat,
802 1273 1006 1349 imperatorem
1029 1270 1097 1329 ilico
1118 1272 1159 1329 vi·

172 1360 220 1412 tae
236 1360 353 1412 nostrae
367 1355 507 1431 uocisque
523 1356 605 1431 lieri,
629 1372 682 1415 ceu
698 1372 770 1414 vero
791 1372 849 1413 non
864 1354 941 1413 milia
958 1356 1084 1430 gentium
1098 1355 1160 1413 sine

172 1435 292 1493 medicis
307 1435 415 1513 degant
437 1454 492 1496 nee
505 1446 601 1497 tamen
623 1441 685 1497 sine
700 1438 850 1514 medicina,
866 1438 948 1497 sicuti
962 1437 1087 1516 populus
1102 1436 1160 1497 Ro-

171 1535 271 1577 nrauus
285 1518 360 1578 ultra
373 1522 613 1580 sexcentesimum
625 1539 737 1595 aunum,
748 1539 844 1599 neque
858 1522 922 1599 ipse
939 1521 967 1580 iu
982 1521 1159 1598 accipiendis
1171 1540 1193 1579 rs

173 1600 283 1660 artibus
295 1601 400 1679 lentus,
415 1603 577 1664 medicinae
592 1622 664 1664 vero
678 1606 761 1665 etiam
776 1604 886 1681 avidus,
902 1604 995 1666 donec
1011 1613 1159 1683 expertam

172 1683 323 1744 damnavit.

132 1778 166 1831 la
229 1768 292 1848 (6.)
314 1767 428 1829 Etenim
444 1788 623 1849 percensere
640 1771 762 1849 iusignia
784 1773 944 1851 priscorum
967 1772 995 1829 in
1014 1769 1059 1830 his
1074 1772 1159 1831 mori·

172 1849 227 1911 bus
248 1855 392 1913 convenit.
429 1852 547 1914 Cassius
564 1854 684 1915 Hemina
706 1873 744 1914 ex
765 1856 966 1932 antiquissimis
994 1862 1160 1913 auctorest

171 1938 293 2015 primum
308 1953 324 1993 e
338 1935 457 1995 medicis
471 1940 589 1997 venisse
599 1938 719 1998 Romam
730 1937 934 2015 Peloponneso
946 1936 1160 2013 Archagathum
1168 1957 1194 1997 ao
1239 1998 1240 2005 ,

171 2017 312 2090 Lysaniae
324 2018 410 2078 lilium
421 2019 452 2078 t.
462 2020 585 2080 Aemilio
597 2016 722 2081 aalide
736 2038 812 2080 coss.
824 2037 897 2080 auno
910 2020 988 2079 urbis
998 2019 1159 2095 DXXXV.,
1239 2028 1240 2043 ²

174 2102 260 2177 eique·
273 2101 318 2159 ius
329 2101 480 2175 Quiritium
496 2104 591 2163 datum
609 2113 638 2163 et
648 2104 794 2165 tabernam
809 2106 837 2163 iu
853 2105 978 2182 compito
990 2104 1084 2163 Acilio
1101 2120 1159 2163 em-

132 2193 167 2247 13
179 2192 255 2260 ptam
272 2182 311 2242 ob
334 2183 362 2243 id
384 2184 510 2262 publice.
548 2187 739 2247 vulnerarium
760 2205 823 2247 eum
843 2187 932 2247 inisse
953 2205 969 2246 e
989 2204 1022 2246 re
1043 2186 1159 2263 dictum,

173 2267 302 2342 mireque
316 2275 429 2342 gratum
440 2267 592 2328 adventurn
605 2272 668 2329 eius
682 2270 772 2348 initio,
788 2288 856 2330 mox
873 2288 889 2329 a
907 2271 1026 2330 saevitia
1041 2271 1160 2330 secandi

172 2348 332 2426 urendique
349 2352 488 2411 transisse
507 2369 613 2412 nomen
627 2354 656 2413 in
673 2355 836 2413 camilicem
853 2362 881 2413 et
892 2356 920 2412 iu
932 2352 1054 2413 taedium
1067 2362 1195 2411 artemas

173 2434 324 2509 omnisque
337 2432 476 2509 medicos,
493 2435 570 2513 quod
587 2435 746 2496 clarissime
762 2436 891 2514 intellegi
909 2444 1033 2516 poteste
1048 2436 1086 2496 ll.
1103 2433 1160 2495 Ga-

172 2524 252 2590 tone,
269 2515 348 2574 euius
361 2519 520 2577 auctoritati
531 2518 688 2597 triumphus
700 2528 785 2598 atque
798 2537 917 2580 censura
927 2521 1076 2578 minumum
1088 2536 1160 2579 cou-

173 2596 276 2674 iemnt,
291 2599 445 2678 tantoplus
459 2602 567 2679 inipso
581 2611 634 2680 est,
650 2602 833 2682 quamobrem
845 2603 933 2663 verba
949 2603 1011 2662 eius
1027 2602 1090 2682 ipsa
1105 2620 1160 2680 po·

172 2698 287 2739 nemus:

132 2772 166 2825 14
229 2763 290 2842 (7.)
313 2763 438 2824 Dicam
464 2765 506 2825 de
530 2768 611 2827 istis
639 2768 790 2829 Graecis
816 2785 879 2829 suo
904 2768 1005 2845 loco,
1033 2768 1198 2829 llarceao

173 2846 243 2905 iili.
283 2847 367 2926 quid
395 2848 553 2909 Athenis
578 2853 804 2929 exquisitum
830 2851 977 2912 habeam
1005 2861 1041 2911 et
1061 2854 1160 2931 quod

173 2928 300 2990 bonum
323 2931 373 2990 sit
399 2931 547 2991 illorum
567 2933 717 2994 litteras
742 2934 953 3013 inspicere,
985 2950 1054 2994 uon
1074 2953 1159 3014 per-

174 3011 343 3088 discere,
367 3016 517 3073 vincum.
559 3018 824 3095 nequissimum
845 3028 881 3078 et
902 3018 1064 3095 indocile
1092 3037 1159 3095 ge·

172 3112 235 3154 nus
257 3096 422 3173 illorum,
451 3108 486 3157 et
506 3098 576 3158 hoc
596 3108 684 3177 puta
706 3109 825 3160 vatem
846 3101 1011 3161 dixisse:
1046 3118 1159 3178 quau·

173 3177 376 3255 doqueista
397 3198 489 3257 gens
514 3200 596 3241 suas
615 3182 765 3243 litteras
791 3182 907 3261 dabit,
936 3184 1052 3244 omnia
1072 3201 1198 3252 cor-ss

171 3270 325 3339 rumpet,
355 3272 423 3322 tum
451 3265 558 3323 etiam
582 3266 713 3345 magis,
743 3268 773 3325 si
794 3268 955 3327 medicos
980 3284 1064 3327 suos
1087 3267 1160 3328 lrue

172 3344 302 3404 mittet.
338 3347 503 3407 iurarunt
524 3349 620 3408 iuter
637 3366 674 3408 se
688 3348 868 3411 barbaros
886 3366 1022 3409 necare
1038 3352 1161 3411 omnis

171 3427 373 3508 medicina,
397 3430 514 3493 ethoc
529 3430 643 3508 ipsum
662 3433 987 3495 mercedeiaciunt
1004 3434 1160 3495 utiides
