2484 3817
192 114 251 179 180
295 126 325 174 c.
345 125 442 174 rursu
459 125 612 174 succum
633 125 712 174 unu.
733 125 824 174 rusa.
844 129 981 178 xxxvn.
1000 129 1041 183 13.
1057 120 1200 198 (nn-73),

190 284 384 358 excitatione,
399 298 551 341 serverum
566 281 727 356 exercitio,
742 297 897 358 corporum
911 281 1096 347 bumanorum
1110 287 1188 348 duri·
1211 293 1212 360 l

147 370 267 444 bollini,
288 365 471 456 vehementia
492 364 599 423 cordis.
637 364 718 443 (78.)
740 363 848 423 Rerum
870 373 965 428 autem
986 368 1115 446 ipsarum
1131 389 1189 432 ma.

188 469 302 511 xumum
326 457 373 509 est
400 449 522 528 pretium
548 449 577 506 in
601 449 671 506 mari
694 447 873 508 nascentium
890 453 1071 530 margaritis,
1102 463 1212 515 extra

188 535 323 595 tellurem
352 531 515 608 crystallis,
553 533 629 591 intra
657 531 815 607 adamanti,
847 534 1021 612 zmaragdis,
1052 541 1189 615 gemmis,

188 617 360 694 mystirium,
386 635 403 674 e
426 624 505 674 terra
524 633 598 674 vern
621 614 796 675 exeuntibus
822 616 852 674 in
875 633 984 694 ccccc,
1012 619 1130 697 lasere,
1159 619 1212 686 incl

187 701 291 761 irende
313 699 420 775 nardo,
440 697 549 758 Sericis
572 699 722 774 vestibus,
746 699 775 756 iu
796 699 903 758 arbore
920 701 1012 778 citro,
1031 703 1059 762 in
1079 704 1189 766 frutice

188 787 334 859 cinnamo,
356 784 451 859 casia,
472 800 601 859 amomo,
622 783 737 842 arboris
752 790 801 841 aut
815 783 926 842 fruticis
943 803 1013 844 succ
1028 788 1058 846 in
1073 790 1188 867 sucino,
1211 801 1212 848 ὲ

189 867 396 948 opobalsamo,
417 885 529 943 murra,
551 875 632 941 ture,
652 868 681 925 in
703 865 848 925 radicibus
865 873 958 926 costo.
996 888 1035 928 ex
1054 872 1089 930 iis
1110 890 1187 949 quae
1211 879 1212 894 ¹

188 954 300 1030 spirare
316 952 452 1010 convenit
473 950 642 1010 animalibus
658 951 686 1008 in
703 957 781 1036 terra
798 968 957 1010 maxumum
976 952 1109 1014 dentibus
1125 956 1188 1016 cle-

188 1036 376 1115 phantorum,
396 1035 424 1093 in
442 1035 512 1094 mari
530 1034 705 1094 testudinum
725 1035 845 1110 certici,
866 1035 895 1092 in
912 1033 1040 1112 'tergore
1058 1038 1186 1116 pellibus
1198 1051 1212 1106 nl

189 1137 259 1198 quas
275 1117 363 1178 Seres
378 1117 506 1177 inliciunt
521 1126 551 1176 ct
567 1118 693 1178 Arabiae
711 1135 860 1195 caprarum
874 1117 945 1178 villo
963 1122 1041 1197 quod
1056 1122 1187 1183 ladanum

147 1227 174 1266 n,
189 1225 212 1260 n
227 1203 411 1276 vocavimus,
432 1220 470 1260 ex
490 1203 527 1260 iis
542 1219 616 1278 quae
635 1210 750 1261 terrena
771 1210 800 1261 et
817 1203 903 1261 maris
922 1203 1097 1283 conchyliis,
1118 1225 1187 1284 pur-

188 1299 288 1362 purae,
320 1283 468 1343 volucrum
487 1293 605 1344 naturae
624 1295 741 1363 praeter
758 1302 850 1344 conos
870 1285 995 1347 bellicos
1010 1297 1040 1348 et
1057 1287 1186 1350 Comma·

187 1386 292 1446 genum
311 1384 445 1426 anserum
463 1367 575 1444 adipem
589 1368 697 1428 nullum
712 1368 864 1428 adnotatur
878 1371 1001 1446 insigne.
1031 1391 1089 1434 non
1102 1393 1187 1453 prae-

189 1450 358 1510 tereundum
380 1460 426 1515 est
452 1469 522 1510 auro
544 1452 621 1512 circa
653 1452 730 1530 quod
753 1469 853 1511 omnes
874 1453 1012 1512 mortales
1038 1458 1212 1520 insaniuntn

188 1534 336 1595 decumum
350 1535 401 1593 vix
415 1554 483 1595 esse
498 1537 527 1596 in
542 1537 640 1613 pretio
656 1537 767 1614 locum,
784 1542 903 1611 argento
921 1552 995 1594 vere
1009 1553 1067 1613 quc
1083 1555 1187 1597 aurum

189 1620 293 1677 emitur
307 1635 399 1695 paene
414 1621 610 1680 vicensimum.
791 1609 794 1623 ’

145 1711 197 1765 205
250 1701 354 1776 Salve,
374 1720 480 1780 parens
502 1721 597 1762 rerum
623 1704 746 1763 omnium
760 1701 885 1778 Natura,
907 1711 992 1779 teque
1012 1702 1097 1762 nobis
1113 1701 1187 1774 Qui-

187 1786 283 1846 ritium
299 1785 371 1844 solis
386 1786 562 1846 celebratam
578 1807 646 1848 esse
660 1789 786 1847 numeris
804 1781 937 1864 omnibus
951 1787 1006 1846 tuis
1021 1787 1097 1846 lave.
