2484 3817
377 159 457 205 nau.
473 157 564 204 nisu.
581 157 713 204 xxxvii.
733 153 759 209 9.
776 141 927 225 (ta-sa.)
1069 140 1128 204 167

136 314 202 375 buic
217 315 292 373 intua
309 331 326 372 a
342 318 443 371 centro
459 309 545 370 stella
561 307 641 368 lucet
655 309 772 388 fulgore
788 309 876 387 pleno
892 311 987 372 lunae.
1018 308 1131 388 quidam

137 415 250 458 causam
268 397 390 456 nominis
410 393 534 454 reddunt
559 391 635 469 quod
657 395 743 454 astris
769 396 905 472 opposita
927 395 1073 473 fulgorem
1087 411 1131 453 ra«

137 482 196 560 piat
215 488 245 540 et
260 487 386 557 regerat.
425 485 568 562 optumam
583 477 612 534 in
630 474 778 538 Carmania
796 479 877 555 gigni
899 478 996 538 dicunt
1013 476 1130 538 nullam·

137 582 192 642 que
213 566 305 623 minus
328 562 482 622 obnoxiam
498 561 589 635 vitio,
610 563 775 620 cerauniam
797 579 860 620 eam
881 563 980 621 uocari
1002 562 1131 640 quaesit

114 649 277 723 tdeterion
292 662 454 725 pessumam
467 643 661 704 lanternarum
677 644 774 704 lumini
790 645 919 704 similem.

196 729 277 810 (49.)
302 728 461 790 Celebrant
476 736 507 788 et
528 729 688 804 astrioten,
710 729 856 806 mirasque
878 728 978 788 laudes
996 730 1059 788 eius
1081 730 1111 787 in
1123 738 1175 792 133

134 816 255 892 Magicis
270 815 380 874 artibus
394 810 572 872 Zoroastren
583 812 729 872 cecinisse
743 811 855 890 quidam
869 810 1035 889 diligentius
1048 811 1084 870 de
1097 829 1132 871 ea
1228 891 1229 894 Ἴ

156 899 269 959 rodunt.

134 918 153 978 p
197 983 279 1060 (50.)
299 979 483 1041 Astrobolon
504 978 627 1038 Sudines
653 979 723 1039 dicit
750 978 841 1040 oculis
865 979 985 1057 piscium
1011 978 1133 1037 similem

103 1079 126 1119 10
137 1085 217 1141 esse,
232 1065 345 1124 radiare
364 1063 481 1140 fulgore
497 1062 618 1122 candido
637 1064 666 1122 in
683 1062 757 1122 sole,

197 1150 281 1227 (51.)
299 1147 354 1208 Est
375 1150 452 1207 inter
467 1146 600 1207 candidas
617 1155 648 1206 et
663 1164 736 1224 quae
751 1148 884 1206 ceraunia
899 1155 1036 1222 vocatur,
1059 1145 1175 1209 iul-134

133 1251 238 1310 gorem
253 1231 379 1292 siderum
394 1232 523 1309 rapiens,
538 1232 601 1309 ipsa
615 1230 794 1306 crystallina,
809 1229 976 1308 splendoris
992 1228 1132 1304 caerulei,

134 1319 163 1375 in
182 1315 330 1376 Carmania
350 1333 480 1374 nascens.
516 1312 704 1374 Zenothemis
725 1316 833 1374 fatetur
862 1314 955 1374 albam
971 1333 1058 1390 esse,
1080 1314 1133 1372 sed

134 1401 244 1461 habere
258 1402 335 1458 intus
350 1398 463 1459 stellam
477 1407 687 1458 coruscantem.
720 1399 783 1458 lieri
800 1406 830 1457 et
842 1397 967 1459 hebetes
982 1398 1132 1458 cerauniae

100 1495 203 1562 ¹⁵quas
220 1486 250 1543 in
270 1485 347 1543 nitro
363 1491 394 1542 et
408 1491 493 1542 aceto
507 1491 667 1541 maceratas
688 1500 742 1558 per
765 1480 960 1558 aliquot'dies
974 1483 1131 1559 concipere

133 1567 247 1628 stellam
260 1586 322 1628 eam
337 1585 412 1644 quae
428 1575 496 1644 post
510 1565 631 1624 totidem
650 1581 767 1623 menses
785 1563 995 1641 relanguescat.
1027 1565 1176 1627 Sota-135

131 1671 182 1712 cus
203 1661 234 1712 et
253 1651 309 1710 alia
325 1651 382 1709 duo
400 1666 512 1724 genera
528 1649 599 1705 lecit
620 1648 792 1723 cerauniae,
814 1647 911 1723 nigras
930 1648 1130 1726 rubentisque,
1180 1691 1181 1700 r

132 1735 233 1794 similis
252 1751 302 1793 eas
320 1751 389 1790 esse
405 1729 575 1804 securibus,
592 1746 630 1787 ex
646 1729 691 1788 his
707 1747 783 1807 quae
798 1729 899 1806 nigrae
915 1732 972 1790 siut
986 1749 1019 1790 ac
1033 1741 1132 1791 rotun-

109 1844 113 1853 =
132 1819 186 1877 dac
200 1834 296 1875 sacras
309 1832 389 1890 esse,
405 1812 486 1872 urbis
503 1830 556 1890 per
570 1811 635 1870 illas
649 1813 809 1889 expugnari
823 1821 853 1872 et
866 1813 979 1891 classis,
996 1815 1130 1875 baetulos
1154 1819 1155 1826 ’

18 1925 29 1934 ⁸
98 1902 244 1972 rovocari,
260 1914 419 1976 quaerero
434 1895 542 1972 longae
557 1897 615 1954 siut
632 1897 791 1955 ceraunius.
819 1897 927 1957 faciunt
942 1907 972 1958 et
988 1899 1071 1958 aliam
1087 1918 1130 1959 ra-

132 2002 192 2042 ram
208 1981 357 2055 admodum
368 1979 518 2056 Magorum
532 1979 635 2038 studiis
647 1981 815 2057 expetitam,
828 1983 961 2058 quoniam
973 2001 1031 2042 nou
1043 1983 1130 2042 aliubi

132 2068 295 2126 inveniatur
312 2082 395 2142 quam
411 2066 441 2123 in
458 2063 525 2123 loco
539 2063 658 2123 fulmine
675 2064 744 2122 icto.

195 2149 272 2228 (52.)
291 2148 464 2209 Proxumum
480 2149 634 2207 cerauniae
651 2165 756 2207 nomen
771 2148 846 2226 apud
863 2165 916 2208 eos
931 2149 1019 2210 habet
1035 2168 1112 2228 quae
1124 2159 1173 2214 136

133 2243 253 2294 vocatur
268 2234 328 2291 iris.
371 2231 508 2291 effoditur
523 2232 553 2291 in
578 2231 697 2309 quadam
719 2232 812 2292 insula
833 2231 923 2292 Rubri
947 2236 1033 2294 maris
1056 2251 1129 2312 quae

97 2318 219 2379 aedistat
237 2317 411 2377 aBerenice
427 2315 498 2374 urbe
515 2316 568 2382 171'
582 2333 670 2393 pass,
692 2323 790 2375 cetera
806 2317 850 2375 sui
864 2325 947 2394 parte
965 2317 1128 2394 crystallus.
1154 2356 1164 2371 a

132 2405 229 2479 itaque
244 2399 357 2478 quidam
373 2417 434 2458 eam
450 2397 576 2458 radicem
591 2398 719 2474 crystalli
738 2417 806 2459 esse
823 2399 967 2460 dixerunt.
990 2420 1029 2460 ex
1046 2419 1130 2478 argu·

133 2494 230 2544 mento
252 2491 372 2543 vocatur
386 2484 455 2559 iris,
479 2498 543 2542 nam
563 2481 616 2542 sub
637 2491 715 2542 tecto
732 2500 871 2561 percussa
886 2485 950 2544 sole
967 2487 1084 2561 species
1100 2493 1130 2543 et

133 2567 251 2627 colores
267 2585 350 2626 arcus
365 2566 504 2626 caelestis
519 2567 549 2625 in
562 2583 720 2644 proxumos
736 2568 864 2644 parietes
881 2567 1050 2645 eiaculatur,
1060 2567 1129 2627 sub·

132 2650 200 2710 inde
219 2659 330 2709 mutans
356 2667 517 2728 magnaque
536 2651 680 2709 varietate
705 2650 922 2710 admirationem
936 2652 986 2710 sui
1008 2669 1126 2728 augens.

99 2741 124 2782 ³⁰
133 2733 319 2810 sexangulam
334 2752 402 2793 esse
416 2742 448 2792 ut
459 2732 626 2809 crystallum
641 2742 765 2810 constat,
779 2733 830 2793 sed
846 2733 934 2813 aliqui
946 2735 1057 2795 scabris
1069 2735 1170 2799 la·137

133 2818 244 2877 teribus
268 2825 298 2875 et
319 2815 430 2892 angulis
454 2816 653 2895 inaequalibus
677 2816 774 2878 dicunt
798 2819 827 2875 iu
848 2816 913 2877 sole
934 2827 1039 2896 aperto
1059 2835 1127 2897 pro·

132 2903 236 2961 iectam
258 2900 355 2959 radios
374 2900 453 2960 inse
474 2899 604 2960 cadentis
619 2898 784 2976 discutere,
805 2898 902 2978 aliquo
920 2917 992 2960 uero
1008 2909 1075 2961 ante
1094 2921 1127 2960 se

104 2979 110 2984 ’
132 2986 268 3064 proiecto
284 2985 382 3042 nitore
396 2983 555 3043 adiacentia
569 2982 734 3043 inlustrare.
760 2982 877 3044 colores
891 2977 1056 3044 autemnon
1072 2987 1127 3045 nisi

133 3087 172 3130 ex
187 3085 291 3146 opaco,
308 3074 338 3125 ut
352 3064 485 3143 diximus,
501 3067 641 3142 reddunt,
657 3084 712 3126 nec
727 3075 761 3126 ut
771 3069 853 3145 ipsae
867 3067 1010 3144 babeant,
1027 3067 1079 3128 sed
1094 3077 1124 3128 ut
1137 3088 1171 3134 aas

39 3219 45 3236 ι
99 3162 310 3230 ttrepercussu
328 3151 470 3228 parietum
492 3149 616 3226 elidant,
642 3158 758 3227 optuma
779 3168 853 3228 quae
867 3168 1018 3212 maxumus
1043 3169 1126 3211 arcus

132 3237 202 3295 facit
217 3232 436 3312 simillimosque
448 3234 636 3294 caelestibus.
665 3231 720 3294 Est
734 3242 765 3294 et
779 3233 835 3293 alia
851 3236 938 3312 initis,
953 3243 1052 3295 cetera
1068 3236 1106 3294 si·
1117 3243 1170 3299 138

138 3324 271 3385 milissed
279 3322 428 3401 praedura.
442 3317 615 3379 banellorus
626 3323 779 3395 crematam
786 3324 953 3392 tunsumque
961 3312 995 3372 ad
1004 3313 1119 3372 icbueu·

138 3425 252 3467 monum
266 3424 379 3467 morsus
390 3403 519 3482 remedio
533 3419 603 3462 esse
613 3397 741 3480 scripsit,
753 3399 831 3460 nasci
846 3405 939 3457 autem
950 3398 979 3456 iu
987 3392 1117 3456 Perside.
