2484 3817
148 231 193 293 55
491 243 521 292 e.
536 242 632 291 surm
650 242 801 291 suenum

152 405 233 458 tctar
253 405 348 457 tamen
371 404 496 475 propter
516 395 690 456 miraculum.
717 395 837 454 scobem
860 395 924 453 eius
946 393 1040 453 oculis
1063 397 1147 456 unice

151 480 262 540 mederi
277 480 385 554 dicunt,
403 479 542 557 lignoque
558 479 594 538 ad
608 485 704 538 cotem
719 480 789 536 trito
809 495 873 537 cum
890 493 977 555 passo
993 477 1146 554 caliginem

151 564 272 639 discuti,
295 581 334 623 ex
354 580 426 640 aqua
450 579 523 622 vero
546 562 642 621 radice
658 561 810 638 albugines
827 560 987 634 oculorum,
1002 563 1073 620 item
1090 570 1147 621 tus·

151 649 206 706 sim
222 648 285 726 pari
301 646 386 705 modo
403 644 565 706 dracunculi
584 645 688 704 radicis
711 644 826 703 adiecto
848 661 911 703 cnm
930 643 1027 704 melle.
1058 644 1147 705 hebe-

150 747 217 789 num
227 730 329 789 medici
347 738 378 789 et
391 731 468 788 inter
482 728 634 788 erodentia
649 728 805 787 adsumunt.
987 793 991 799 ‚
1157 741 1176 781 5

109 824 146 878 90
219 813 302 891 (53.)
330 810 561 872 Rhododoadros
577 829 615 870 ne
630 828 736 870 nomen
749 809 863 887 quidem
878 810 954 887 apud
969 829 1023 870 nos
1036 813 1147 871 invenit

152 895 301 971 Latinum,
320 894 546 972 rhododaphnen
562 900 667 952 vocant
682 901 730 952 aut
744 895 863 952 nerium.
879 895 981 954 mirum
997 894 1068 954 15115
1084 896 1147 954 5155

153 979 360 1057 quadripedum
383 995 526 1036 uenenum
550 995 631 1052 esse,
651 976 758 1035 bomini
779 994 852 1035 vero
874 984 975 1035 contra
999 979 1147 1054 serpentis

153 1062 328 1140 praesidium
348 1069 410 1119 ruta
432 1060 526 1118 addita
541 1079 558 1119 e
572 1061 641 1118 vino
656 1067 733 1136 pota.
763 1077 854 1136 pecus
879 1061 966 1119 etiam
982 1069 1013 1119 et
1029 1077 1146 1139 caprae,

153 1147 178 1204 si
194 1161 295 1222 aquam
312 1144 439 1202 biberint
453 1145 481 1200 in
498 1161 553 1220 qua
568 1143 638 1202 lolia
654 1159 688 1200 ea
702 1142 873 1217 maduerint,
891 1144 964 1201 mori
981 1143 1121 1203 dicuutur.
1156 1161 1189 1201 ro

110 1240 144 1292 91
210 1228 291 1305 (54.)
320 1225 383 1285 Noc
397 1225 465 1284 rhus
485 1225 613 1286 Latinum
628 1243 733 1284 nomen
749 1225 854 1300 babet,
867 1243 931 1284 cum
944 1227 973 1285 15
988 1244 1070 1286 usum
1085 1225 1149 1304 plu·

154 1311 234 1370 ribus
253 1309 344 1368 modis
364 1311 470 1367 veniat.
501 1327 564 1368 nam
584 1308 1148 1387 515551155515111551515,15111555511,
1222 1337 1226 1346 ·

153 1392 302 1453 cauliculis
322 1392 471 1466 brevibus,
488 1411 561 1470 quae
575 1393 685 1452 taenias
701 1391 801 1470 pellit,
832 1400 863 1451 et
882 1392 981 1452 frutex
1004 1394 1148 1452 coriarius

154 1475 337 1554 appellatur,
353 1475 529 1551 subrutilus,
546 1475 696 1551 cubitalis,
714 1474 905 1534 crassitudine
920 1475 1051 1552 digitali,
1065 1477 1147 1534 cuius

110 1569 146 1624 55
158 1560 246 1618 aridis
268 1558 347 1617 toliis
369 1566 399 1618 ut
419 1558 568 1619 malicorio
594 1561 673 1618 coria
694 1559 890 1635 perficiuntur.
922 1559 1026 1618 medici
1052 1567 1191 1618 antemio

153 1642 262 1701 rhoicis
284 1641 875 1718 515515551155515555,11515555115555
895 1650 926 1701 et
949 1642 1029 1702 sedis
1048 1642 1149 1702 ulcera

154 1733 205 1785 aut
230 1742 303 1802 quae
324 1725 527 1802 phagedaenas
554 1733 659 1785 vocant
681 1723 722 1758 ³²*
738 1727 805 1784 trita
828 1743 891 1784 oum
912 1725 1000 1786 melle
1021 1734 1051 1785 et
1067 1725 1150 1785 inlita

154 1825 218 1868 cum
238 1817 332 1868 aceto.
362 1809 512 1869 decoctum
534 1825 634 1869 eorum
655 1808 811 1868 instillatur
838 1809 954 1868 auribus
976 1808 1148 1887 purulentis.

155 1893 187 1952 111
202 1900 233 1952 51
248 1895 398 1952 stomatice
415 1893 545 1952 decoctis
561 1895 646 1952 ramis
661 1893 697 1951 ad
714 1894 814 1952 eadem
828 1909 903 1970 quae
921 1911 960 1952 ex
975 1893 1077 1967 moris,
1095 1891 1149 1951 sed

156 1976 305 2034 efficacior
328 1976 454 2034 admixto
482 1975 613 2036 alumine.
646 1976 774 2057 inlinitur
799 1977 900 2035 eadem
924 1975 1148 2054 hydropicorum
1159 1999 1193 2041 20

155 2059 267 2117 tumori.

111 2153 148 2206 93
219 2141 301 2218 (55.)
330 2139 410 2198 Rbus
428 2141 474 2217 qui
493 2140 629 2214 erythros
644 2141 806 2218 appellatur
825 2159 924 2200 semen
935 2149 981 2199 est
995 2141 1148 2200 115155155-

155 2225 229 2283 11515.
262 2224 319 2279 vim
342 2221 430 2282 habet
448 2221 644 2298 adstringendi
666 2223 925 2300 refrigerandique.
963 2223 1151 2302 adspergitur

156 2321 211 2383 pro
229 2304 291 2364 sale
311 2307 441 2382 opsoniis
457 2303 524 2363 alvo
544 2305 649 2380 soluta,
669 2308 819 2381 omnisque
836 2309 930 2384 parnis
954 2323 1016 2364 cum
1041 2306 1149 2384 silphio

155 2389 308 2447 suaviores
334 2389 410 2446 iacit.
445 2387 576 2447 medetur
600 2387 747 2447 ulceribus
768 2387 945 2457 manantibus
971 2388 1193 2464 5555511555

154 2472 306 2548 asperitati
329 2471 458 2548 linguae,
488 2472 655 2548 percussis,
685 2470 796 2546 lividis,
825 2471 1017 2547 desquamatis
1044 2472 1151 2532 eodem

154 2553 263 2630 modo,
284 2557 385 2632 capitis
405 2554 525 2613 uolnera
542 2553 577 2612 ad
590 2555 754 2613 cicatricem
770 2553 922 2613 celerrime
940 2554 1090 2632 perducit,
1106 2557 1152 2615 15-

138 2694 140 2700 .
155 2640 293 2696 minarum
308 2637 505 2697 abundantiam
522 2638 598 2696 sistit
613 2637 689 2696 cibo.

112 2729 150 2784 st
219 2721 301 2798 (56.)
333 2720 398 2779 Alia
413 2737 461 2778 res
478 2719 705 2797 erythrodanus,
720 2738 803 2797 quam
816 2720 903 2797 aliqui
921 2718 1150 2779 ereuthodanum

157 2811 281 2879 uocant,
296 2821 349 2863 nos
361 2803 488 2880 rubiam,
505 2823 559 2882 qua
577 2805 724 2880 tinguntur
737 2804 818 2862 lanae
829 2802 983 2880 pellesque
995 2804 1152 2880 perficiuu·
1162 2825 1195 2866 55

158 2893 213 2945 tur.
245 2889 274 2946 15
289 2887 428 2946 medicina
444 2888 551 2946 urinam
564 2889 640 2959 ciet,
656 2887 785 2945 morbum
800 2888 911 2963 regium
926 2895 1007 2945 sanat
1021 2903 1060 2946 ex
1074 2904 1152 2963 aqua

156 2969 264 3046 mulsa,
279 2980 308 3030 et
323 2969 450 3029 lichenas
470 2987 507 3028 ex
522 2978 605 3028 aceto
620 2969 699 3028 inlita
715 2978 745 3027 et
759 2969 942 3046 ischiadicos,
958 2970 1151 3048 paralyticos,

159 3054 199 3111 ita
223 3060 255 3110 ut
277 3053 412 3113 bibentes
441 3052 572 3112 laventur
596 3053 712 3113 cotidie.
742 3053 825 3111 radix
850 3071 1007 3129 semenque
1031 3052 1151 3111 trahunt

122 3162 124 3167 ·
158 3153 286 3212 menses,
301 3137 395 3196 alvom
410 3137 513 3195 sistunt
528 3143 557 3194 et
572 3136 764 3208 collection&
779 3135 942 3195 discutiunt.
972 3143 1073 3195 contra
1085 3153 1151 3194 ser·

158 3220 257 3295 5155115
273 3222 341 3278 rami
357 3237 418 3278 cum
434 3218 513 3279 151115
528 3220 710 3296 inponuntur.
737 3218 808 3281 folia
822 3228 853 3278 et
864 3219 996 3297 capillum
1008 3217 1147 3277 inliciunt.
1160 3233 1196 3276 55

158 3303 277 3361 inuenio
307 3304 381 3380 apud
404 3302 540 3380 quosdam
562 3303 692 3362 morbum
708 3305 819 3378 regium
841 3303 934 3362 sanari
951 3301 1008 3360 hoc
1027 3301 1149 3378 frutice,

159 3385 272 3444 etiamsi
286 3386 427 3462 adligatus
442 3393 591 3464 spectetur
605 3393 719 3445 tanturn.

113 3479 153 3535 st
226 3469 308 3548 (57.)
341 3470 435 3530 Distat
453 3471 539 3530 abeo
556 3472 603 3547 qui
623 3470 741 3546 alysson
756 3479 877 3530 uocatur
894 3467 974 3528 loliis
991 3474 1098 3526 tantum
1115 3476 1149 3527 et
