2484 3817
336 200 417 249 nar.
434 200 525 251 ausu.
541 201 638 251 xxrx.
655 201 680 253 1.
702 189 816 269 (1—5.)
844 170 847 177 ’
1008 189 1070 255 207

144 352 209 432 (3.)
231 352 339 413 Horum
352 353 458 433 placita
474 354 655 435 Chrysippus
671 356 781 431 ingenti
798 356 964 433 garrulitate
980 365 1097 421 muta-5

80 439 122 497 vit
136 438 354 515 plurumumqoe
376 447 405 497 et
425 456 463 497 ex
477 437 642 519 Chrysippo
659 439 817 517 discipulus
836 442 898 501 eius
913 439 1069 500 Erasistra·

81 531 127 580 tus
139 521 307 580 Aristotelis
323 521 381 580 lilia
395 524 519 596 genitus.
556 522 605 583 hic
617 522 765 581 Antiocho
781 541 855 599 rege
870 532 971 583 sanato
988 522 1010 582 G
1028 533 1069 583 ta·

81 605 167 664 lentis
184 604 307 663 donatus
324 613 369 663 est
384 622 401 663 a
417 623 490 680 rege
505 604 673 667 Ptolemaeo
689 605 749 665 lilio
764 606 842 683 eius,
854 610 907 667 ut'
898 608 1069 683 rocipiamus

57 697 111 747 ιιι
129 690 258 765 praemia
274 689 343 746 artis
358 680 524 748 ostendere.

141 772 205 848 (4.)
227 771 294 831 Alia
308 769 455 831 iactio-
475 770 511 829 ab
531 772 737 850 experimentis
759 774 962 847 cognominant
981 773 1068 850 empi-

78 855 216 912 riceu—
236 854 333 932 coepit
354 855 384 913 in
401 854 515 930 Sicilia,
535 853 651 914 Acrone
667 852 866 931 Agragantino
881 854 1069 932 Empedoclis

79 938 191 1015 physici
206 939 378 997 auctoritate
393 936 600 997 commendato.
625 938 686 1015 (5.)
702 938 940 1016 dissederuntque
954 938 1009 997 hae
1023 937 1097 1002 diua

80 1021 210 1097 scholae,
224 1030 254 1078 et
268 1020 360 1079 omnis
375 1038 426 1080 ιιι
445 1020 587 1081 damnarit
600 1020 777 1100 Herophilus
791 1021 820 1079 in
837 1023 962 1081 musicos
978 1021 1069 1099 pedes

46 1123 214 1164 scaenarum
231 1103 316 1182 pulsu
331 1103 478 1183 descripto
492 1122 546 1183 per
557 1114 679 1165 aetatum
694 1104 809 1180 gradus.
829 1105 951 1165 Deserta
964 1104 1071 1164 deiude

80 1197 109 1247 et
122 1187 196 1248 haec
212 1195 295 1246 secta
316 1195 372 1263 est,
388 1189 519 1264 quoniam
534 1205 657 1247 neccsse
675 1197 736 1247 erat
754 1189 781 1247 iu
802 1206 836 1247 ca
853 1188 963 1247 litteras
980 1190 1067 1247 scire.

79 1280 183 1331 motata
195 1280 224 1330 et
236 1288 320 1348 qnam
329 1278 433 1348 postea
442 1270 684 1348 Asclepiades,ut
694 1271 852 1347 retulimus,
864 1273 1022 1331 invenerat.
1036 1292 1065 1333 ιι,
1078 1287 1100 1322 ιι
1129 1318 1133 1331 .

80 1354 193 1414 auditor
209 1356 273 1412 eius
286 1354 440 1413 Themison
453 1354 522 1428 init,
540 1372 632 1431 seque
648 1356 722 1413 inter
742 1356 819 1414 initia
841 1355 994 1433 adscripsit
1014 1356 1067 1431 illi,

79 1456 154 1513 mox,
170 1436 352 1516 procedente
369 1436 427 1496 vita
445 1454 506 1513 sua,
525 1447 554 1497 et
571 1437 676 1515 placita
692 1440 818 1512 mutavit,
835 1439 932 1498 sedet
949 1439 997 1498 illa
1008 1439 1068 1497 hu·

48 1524 173 1581 latonius
187 1521 269 1581 llusa
282 1519 409 1579 eiusdem
425 1522 594 1581 auctoritate
609 1521 667 1581 divi
682 1518 806 1596 Augusti
823 1538 906 1598 quem
924 1525 1068 1582 contraria

79 1605 219 1665 medicina
242 1604 324 1680 gravi
340 1604 471 1681 periculo
491 1612 649 1663 exemerat.
681 1602 786 1662 lilultos
810 1612 962 1681 prqetereo
980 1605 1095 1666 medi-7

80 1705 132 1747 cos
147 1686 416 1763 celeberrimosque
431 1703 469 1746 ex
484 1686 528 1745 his
544 1685 680 1762 Cassios,
698 1685 888 1762 Calpetanos,
904 1686 1067 1761 Arruntios,

78 1771 218 1831 Rubrius.
240 1771 350 1829 ducena
370 1770 572 1846 quinquagena
583 1768 641 1827 llS.
666 1784 756 1827 auuua
770 1769 805 1825 iis
821 1767 971 1827 mercedes
985 1767 1068 1827 lucre

79 1854 157 1931 apud
170 1854 326 1931 principes.
350 1850 386 1924 Q.
399 1852 551 1911 Stertinius
568 1850 708 1928 inputavit
724 1849 901 1928 principibus
920 1850 996 1927 quod
1010 1851 1066 1910 HS.

41 1961 71 2002 so
82 1938 236 2014 quingenis
250 1937 350 1997 annuis
364 1943 515 1994 contentus
530 1943 627 2011 esset,
646 1939 772 1993 sexcena
785 1935 859 1994 enirn
877 1933 931 1993 sibi
947 1943 1067 2011 quaestu

80 2019 163 2079 urbis
184 2018 270 2078 luisse
293 2019 465 2078 enumeratis
486 2016 616 2076 domibus
642 2016 821 2077 ostendebat.
862 2034 915 2095 par
937 2027 965 2077 et
984 2018 1096 2081 fratrib

79 2107 145 2163 eius
162 2120 274 2164 merces
288 2120 305 2162 a
321 2101 440 2161 Claudio
456 2100 583 2161 Caesare
597 2100 691 2159 inlusa
707 2109 761 2176 est,
777 2118 956 2179 censusque,
971 2120 1066 2181 quarn
1188 2100 1190 2103 ’

80 2205 165 2265 quam
186 2184 317 2245 exhausti
338 2184 476 2262 operibus
496 2183 622 2262 Neapoli
644 2193 800 2260 exornata,
820 2184 920 2244 heredi
935 2186 991 2245 HS.
1007 2188 1067 2252 Μ

79 2271 244 2347 reliquere,
267 2277 401 2344 quantum
420 2277 516 2328 aetate
537 2267 638 2327 eadem
652 2266 803 2327 Arruntius
824 2268 913 2327 sulus.
946 2280 1068 2330 exortus

43 2352 185 2413 esdeinde
208 2360 255 2410 est
268 2351 382 2410 Vettius
399 2350 509 2411 Valens
523 2351 662 2412 adulterio
678 2350 851 2413 Messalinae
875 2351 976 2412 Claudi
993 2353 1065 2413 Cae·

80 2439 154 2496 saris
168 2434 335 2494 nobilitatos
350 2436 515 2513 pariterque
529 2433 712 2512 eloquentiae
726 2434 901 2495 adsectator.
932 2438 957 2495 is
971 2446 999 2495 et
1013 2454 1065 2513 po-

79 2522 198 2579 tentiam
210 2525 331 2577 nanctus
345 2534 447 2577 novam
467 2518 585 2577 instituit
601 2526 718 2578 sectam.
759 2518 859 2577 eadem
880 2527 959 2578 aetas
973 2518 1092 2580 Nero-9

78 2604 124 2662 uis
139 2603 303 2681 principatu
316 2600 352 2659 ad
370 2599 538 2661 Thessalum
559 2600 709 2661 transilivit
724 2600 865 2660 delentem
888 2610 989 2663 cuncta
1005 2601 1064 2678 pla·

80 2688 136 2746 cita
158 2694 188 2745 ιι
213 2683 295 2743 rabie
322 2684 443 2760 quadarn
464 2686 492 2743 iu
511 2684 603 2743 omnis
630 2686 694 2743 aevi
716 2682 845 2743 medicos
870 2693 1064 2762 perorantem,

46 2769 156 2848 aequali
175 2768 348 2847 prudentia
339 2768 513 2845 ingenioque
528 2767 672 2827 aestimari
690 2766 737 2825 vel
758 2784 813 2827 uno
834 2776 1000 2842 argomento
1015 2765 1064 2825 ab·

78 2852 153 2911 unde
169 2858 278 2931 potest,
295 2868 358 2909 cum
374 2852 545 2911 monimento
560 2867 628 2925 suo,
651 2849 728 2926 quud
739 2859 783 2909 est
796 2849 891 2928 dppia
908 2851 964 2923 via,
979 2850 1063 2907 iatro-

78 2938 163 2995 nicen
179 2953 212 2993 se
227 2934 419 3031 inscripserit
446 2933 550 2993 nullius
571 2933 737 2993 histrionum
754 2948 948 3010 equorumque
963 2933 1064 3006 trigeri

80 3019 243 3078 comitatior
258 3034 396 3092 egressus
410 3017 438 3075 iu
452 3015 569 3094 publico
586 3024 662 3089 erat,
683 3034 745 3076 cum
762 3015 861 3075 Crinas
877 3014 1064 3074 Massiliensis

80 3112 143 3161 arte
155 3104 317 3178 geminata,
337 3108 369 3159 ιιι
388 3103 498 3160 cautior
517 3098 756 3176 religiosiorque,
784 3099 818 3158 ad
834 3096 957 3157 siderum
970 3106 1064 3157 mutus

44 3203 118 3246 asex
146 3182 333 3263 ephemeride
353 3182 549 3243 mathematica
570 3181 652 3241 cibos
675 3180 767 3241 dando
791 3181 936 3257 horasque
963 3180 1062 3241 obser·

78 3268 174 3327 vando
197 3266 369 3329 auctoritate
396 3284 460 3325 eum
483 3266 660 3343 praecessit,
686 3282 835 3341 nuperque
857 3266 1018 3324 sestertium
1039 3262 1063 3324 G

77 3352 195 3429 reliquit
211 3352 298 3409 muris
319 3350 428 3427 patriae
455 3345 665 3423 moenibusque
686 3346 748 3405 aliis
771 3362 863 3425 paene
884 3362 939 3405 non
961 3348 1063 3407 minori

77 3452 188 3495 summa
204 3434 368 3494 exstructis.
400 3431 436 3492 lli
450 3428 589 3506 regebant
602 3429 678 3504 iata,
700 3446 763 3487 cum
778 3438 898 3507 repente
916 3431 1059 3497 civitatem
1071 3440 1104 3491 10
