2484 3817
271 158 353 205 sau.
374 129 465 205 ms'u.
488 156 628 205 xxxnu.
651 156 693 208 ιι.
715 156 767 209 12.
781 144 920 225 (ae-ar.)
1050 147 1091 208 55
1144 125 1146 134 ’

96 322 185 375 stata
205 311 322 373 cadmea
337 311 414 389 quod
435 311 486 373 illa
503 329 592 389 super
612 318 719 370 terram
740 329 779 372 ex
799 310 978 373 subdialibus
995 313 1097 391 patrie

96 397 236 474 caeditur,
251 396 323 456 haec
338 413 376 455 ex
391 394 522 473 obrutis,
540 396 611 454 item
625 392 703 470 quod
716 393 847 455 chalcitis
861 394 929 455 iriat
942 414 976 456 se
996 398 1092 457 statim

96 480 193 541 mollis
210 489 319 559 natura,
336 486 367 537 ut
381 477 630 554 videaturlauugc
644 487 791 541 concreta
821 486 867 537 est
881 486 912 538 et
920 478 983 539 alia
992 480 1093 540 distin·

18 578 20 585 “
97 566 156 625 ctio
178 564 255 642 quod
270 562 400 623 chalcitis
421 563 476 621 tria
494 577 612 641 genepa.
606 561 768 637 continet,
793 562 871 621 aeris
888 570 920 621 et
936 564 1045 638 misyos
1062 572 1093 623 et

75 663 221 723 ssoreos,
244 647 280 708 de
298 646 401 725 quibus
419 644 541 722 singulis
558 642 686 703 dicemus
704 646 764 703 suis
778 643 871 722 locis,
893 643 983 705 hahet
996 639 1134 724 autenti?

97 732 173 791 aeris
188 749 278 791 venas
294 729 445 806 oblongus.
469 726 609 805 probatur
622 724 721 785 mellei
736 727 857 804 coloris,
872 728 975 805 gracili
986 742 1135 796 vena-118

96 834 159 874 rum
180 814 329 891 discursu,
350 812 492 887 friabilis,
519 828 574 870 nec
593 808 735 887 lapidosa
772 818 878 889 putant
892 819 923 872 et
943 820 1093 871 recentem

95 898 242 958 utiliorem
263 915 351 974 esse,
381 897 514 973 quoniam
535 895 696 975 inveterata
720 911 791 971 sory
811 894 869 954 liat.
903 896 950 954 vis
972 896 1036 956 eius
1058 894 1093 955 ad

97 982 300 1042 excrescentia
330 982 360 1038 in
393 978 557 1055 ulceribus,
591 978 760 1054 sauguinem
788 979 914 1056 sistere,
947 980 1093 1056 gingivas,

58 1081 195 1162 rouvam,
218 1062 350 1123 tonsillas
366 1063 458 1122 larina
478 1079 677 1139 conpescere,
696 1057 802 1121 volvae
825 1063 935 1121 vitius
926 1081 957 1121 ru
978 1062 1093 1126 vellere
1123 1067 1126 1073 '

95 1147 211 1224 inponi,
239 1163 303 1205 cum
330 1162 400 1205 suco
429 1164 501 1205 vero
531 1146 611 1223 porri
635 1143 828 1240 verendorqm
854 1144 967 1205 additur
986 1145 1114 1224 empla·
1172 1185 1174 1199 .

95 1230 173 1289 stris.
213 1237 373 1289 maceratur
389 1236 484 1289 autem
499 1226 530 1289 in
550 1228 631 1287 fictili
654 1245 693 1287 ex
718 1236 802 1288 aceto
824 1229 984 1289 circumlito
1005 1230 1073 1289 limo
1083 1239 1135 1294 119

96 1312 199 1372 diebus
213 1310 280 1390 XL,
303 1321 332 1372 et
350 1312 481 1373 colorem
501 1312 579 1371 croci
599 1309 698 1372 trahit.
732 1320 792 1371 tum
812 1311 939 1372 admixto
957 1312 1093 1373 cadmeae

94 1413 157 1473 pari
150 1396 303 1473 pondere
320 1397 556 1456 medicamentum
573 1395 663 1455 ellicit
679 1397 819 1473 psoricon
832 1395 946 1455 dictum.
977 1396 1091 1474 quod
1066 1416 1091 1457 su

60 1479 167 1539 aeduae
189 1488 288 1556 partes
306 1478 468 1539 chalcitidis
493 1481 581 1539 tertia
602 1478 739 1538 cadmeae
759 1486 977 1555 temperentur,
996 1482 1092 1540 acrius

27 1620 29 1629 .
94 1562 150 1622 hoc
162 1562 238 1623 idem
252 1564 312 1639 liat,
329 1565 482 1623 etiamnum
492 1562 693 1622 vehementius
708 1562 733 1620 si
748 1568 833 1619 aceto
846 1578 929 1637 quam
939 1564 1009 1622 vino
1021 1571 1092 1623 tem·

93 1655 231 1724 peretur,
250 1655 326 1705 tosta
341 1663 414 1705 vero
432 1646 582 1704 efficacior
599 1644 631 1703 lit
646 1643 682 1702 ad
697 1642 798 1704 eadem
813 1645 915 1703 omnia.

156 1729 237 1807 (30.)
260 1730 338 1803 Sory
354 1728 531 1805 Aegyptiam
550 1743 681 1786 maxume
700 1726 830 1787 laudatur
850 1726 966 1787 multum
986 1741 1135 1807 supe-luo

94 1821 158 1872 rato
176 1809 284 1890 Cyprio
303 1809 546 1888 hispaniensique
562 1818 592 1868 et
607 1808 728 1888 Africo,
751 1827 917 1889 quamquam
942 1812 1091 1874 oculorum
1139 1867 1142 1880 ,

58 1896 237 1957 accuratioui
270 1894 383 1973 quidam
411 1892 510 1953 utilius
533 1891 808 1972 putentcyprium,
834 1894 887 1955 sed
909 1897 940 1955 in
960 1914 1093 1974 quacum·

95 1996 152 2056 que
175 1978 294 2038 natione
317 1986 462 2055 optumum
483 1978 528 2037 cui
550 1994 711 2038 maxumum
730 1979 811 2037 virus
832 1978 956 2056 ollactu,
983 1982 1091 2041 tritum·

96 2079 153 2139 que
184 2062 331 2139 pinguiter
360 2062 531 2138 nigrescens
558 2068 589 2121 et
616 2078 822 2139 spongeosum.
863 2063 1012 2125 stomacho
1040 2083 1090 2125 res

95 2146 239 2205 contraria
257 2147 286 2203 iu
298 2152 417 2203 tantum
430 2153 462 2203 ut
477 2144 646 2222 quibusdam
661 2144 797 2205 ollactum
811 2146 898 2207 modo
915 2149 1090 2209 vomitiones

94 2236 218 2288 moveat.
246 2228 284 2288 Et
299 2229 476 2306 Aegyptium
492 2229 607 2306 quidem
623 2228 693 2305 tale,
708 2228 828 2293 alterius
842 2231 967 2290 nationis
982 2234 1090 2292 coutri-

58 2336 84 2374 ιι
94 2320 152 2371 tum
170 2311 349 2389 splendescit
370 2320 399 2370 ut
413 2313 487 2387 misy
501 2320 532 2371 et
546 2320 593 2371 est
607 2312 775 2390 lapidosius.
809 2314 932 2392 prodest
947 2324 1044 2375 autem
1059 2325 1091 2376 et

94 2394 220 2455 dentium
231 2394 337 2473 dolori,
354 2396 379 2457 si
394 2397 576 2456 contineatur
593 2405 681 2473 atque
695 2396 803 2473 coluat,
819 2405 851 2457 et
864 2397 1012 2457 ulceribus
1029 2400 1089 2459 oris

93 2477 231 2553 gravibus
247 2496 381 2556 quaeque
395 2488 524 2557 serpant
557 2481 650 2539 uritur
664 2480 838 2544 carbonibus
852 2489 884 2539 ut
899 2480 1038 2541 chalcitis.

158 2559 239 2638 (31.)
254 2561 330 2638 Misy
344 2562 431 2641 aliqui
446 2562 625 2623 tradiderunt
639 2564 702 2623 lieri
716 2572 822 2624 exusto
836 2562 977 2642 lapidem
990 2576 1129 2630 sero-121

95 2641 199 2719 bibus,
223 2643 295 2703 ilore
319 2648 381 2705 eius
408 2646 488 2706 luteo
514 2648 654 2706 miscente
677 2666 718 2707 sc
737 2647 807 2725 ligni
832 2648 938 2725 pineae
962 2648 1088 2710 iavillae.

59 2743 198 2791 sorevera
213 2735 338 2787 auteme
354 2725 533 2806 supradicto
552 2730 583 2789 su
597 2728 710 2807 lapide,
733 2739 900 2791 concretum
917 2740 1017 2792 natura
1031 2733 1089 2793 dis·
1144 2747 1148 2753 ’

95 2818 263 2887 cretumque
277 2812 322 2887 vi,
345 2815 513 2889 optumum
505 2831 534 2872 ιιι
550 2810 722 2890 Cypriorum
735 2814 876 2891 cilicinis,
903 2816 984 2875 cuius
996 2826 1087 2878 notae

95 2900 160 2952 suut
176 2893 254 2953 iriati
271 2909 377 2953 aureae
389 2894 532 2955 scintillae
545 2904 585 2970 et,
602 2914 668 2955 cum
681 2904 802 2973 teratrn,
820 2896 962 2958 harenosa
976 2908 1087 2977 natura,

95 2976 140 3035 sin
155 2984 311 3054 torreatur,
323 2974 466 3037 chalcitidi
478 2979 590 3039 similis.
611 2978 676 3040 lloc
685 2980 843 3039 admiscent
853 2982 901 3058 qui
912 2998 1011 3040 aurum
1020 3000 1088 3059 pur·

94 3065 173 3135 gant.
196 3059 345 3120 utilitas
317 3077 380 3119 etus
392 3061 478 3119 inlusi
490 3079 552 3120 cum
567 3077 691 3123 rosaceo
701 3061 818 3123 auribus
834 3064 996 3142 purulentis
1012 3068 1066 3125 et
1057 3084 1087 3126 ιιι

59 3141 157 3207 oolam
172 3144 291 3222 inpositi
307 3144 409 3221 capitis
428 3142 583 3205 ulceribus.
619 3153 757 3205 extenuat
773 3154 804 3206 et
818 3146 971 3207 scabritias
986 3147 1086 3208 oculo·

95 3242 156 3289 tum
171 3227 366 3303 inveteratas,
387 3228 545 3305 praecipue
559 3228 631 3288 utile
646 3227 773 3289 tonsillis
790 3238 949 3308 contraque
966 3232 1084 3308 anginas

95 3314 125 3367 et
144 3317 307 3387 suppurata.
341 3312 415 3371 ratio
438 3318 469 3370 ut
489 3310 616 3371 sedecim
637 3309 818 3374 machmas
809 3332 839 3373 m
855 3312 968 3374 hemina
988 3317 1064 3375 aceti
1076 3325 1127 3379 lta

93 3400 262 3481 coquantur
275 3392 370 3454 addito
387 3394 474 3455 melle
495 3394 589 3457 donec
609 3394 760 3456 lentescat.
795 3398 839 3458 sic
852 3397 888 3459 ad
904 3415 991 3477 supra
1009 3398 1086 3460 dicta
