2484 3817
301 184 380 230 aar.
401 183 491 245 rursu.
511 183 628 231 xxxva
648 180 731 234 7-9.
751 168 899 251 (ta—14.)
1039 172 1097 230 117

107 340 269 418 scalpturae
287 337 355 398 illae
371 337 542 414 effigiesque
562 355 632 414 quas
647 335 776 399 videmus
792 335 957 415 Aegyptiae
972 346 1038 398 sunt
1053 337 1098 398 lit·

107 433 199 483 terae.
230 423 274 502 [21
289 421 396 481 Postea
408 421 497 480 etalii
513 419 650 480 excidere
665 438 762 496 reges.
782 422 881 478 statuit
896 438 948 480 eos
964 423 994 481 in
1008 440 1094 500 supra
1106 432 1139 486 65

107 509 181 567 dicta
195 508 267 568 urbe
281 504 422 566 Sesothes
439 513 574 580 quattuor
589 520 720 577 numero,
737 503 949 579 quadragenum
964 513 1098 565 octonum

107 591 267 650 cubitorum
282 589 472 666 longitudine,
483 587 623 646 Rhamses
638 588 663 644 is
679 595 773 644 autem
788 603 845 664 qno
863 597 1004 664 regnante
1016 587 1098 648 llium

86 675 159 733 afuit
170 682 282 753 captum
295 681 340 732 est
352 669 488 731 GXXXX
502 671 674 730 cubitorum.
712 668 787 727 idem
803 669 951 745 digressus
968 670 1033 730 inde
1047 672 1096 731 ubi

105 756 247 818 Mneuidis
263 758 344 832 regia
360 755 458 833 posuit
477 753 562 812 aliam
577 750 756 828 longitudIne
768 752 882 828 quidem
897 751 976 812 CXX
987 753 1098 814 cubito-

53 874 56 879 ·
107 839 238 917 rum,'sed
251 839 421 917 prodigiosa
433 835 634 911 crassitudine,
645 835 764 895 undenis
773 853 827 913 per
839 836 1051 896 lateraeubitis.
1068 838 1096 898 9.

107 924 186 1003 Opus
202 923 231 982 id
247 923 355 982 iecisse
372 923 503 982 dicuntur
515 921 593 986 (ῖχῖ
606 919 758 979 hominum.
785 921 849 997 ipse
866 938 935 996 rex,
951 939 1015 979 cum
1033 939 1094 984 sur·
1105 927 1143 986 66'

106 1016 238 1066 recturus
259 1014 340 1065 esset
366 1012 579 1080 verereturque
599 1021 636 1063 ne
657 1003 805 1064 machinae
828 1004 949 1083 ponderi
967 1022 1025 1064 uon
1040 1005 1098 1064 sui·

74 1106 98 1145 ro
108 1092 244 1164 licerent,
269 1105 326 1165 quo
347 1089 438 1146 maius
460 1087 618 1164 periculum
639 1105 725 1146 curae
748 1086 887 1147 artificum
904 1088 1097 1164 denuntiaret,
1155 1111 1157 1126 ·

107 1174 193 1232 lilium
209 1190 289 1230 suom
303 1170 469 1246 adalligavit
484 1171 621 1230 cacumini
637 1179 667 1230 ut
685 1171 761 1230 salus
784 1171 845 1230 eius
864 1171 938 1249 apud
952 1172 1097 1234 molientis

102 1255 264 1333 'prodesset
289 1263 319 1314 et
342 1253 438 1332 lapidi.
474 1252 534 1312 llac
556 1254 744 1314 admiratione
769 1257 868 1332 operis
893 1255 1027 1316 ellectum
1052 1265 1097 1315 est

107 1349 154 1415 ut,
176 1357 238 1397 cum
259 1338 393 1417 oppidum
418 1337 446 1396 id
468 1347 649 1414 expugnaret
673 1335 830 1413 Cambyses
855 1357 908 1398 rex
921 1348 1096 1416 ventumque

108 1431 189 1481 esset
203 1423 342 1482 incendiis
358 1421 393 1480 ad
409 1421 573 1499 crepidines
588 1421 729 1501 obelisci,
746 1423 891 1496 exstingui
906 1423 1021 1482 iuberet
1038 1440 1097 1482 mo-

75 1506 142 1568 ralis
158 1508 321 1566 reverentia
339 1507 385 1583 qui
402 1505 506 1564 nullam
521 1503 659 1576 habuerat
674 1505 762 1564 urbis.
808 1503 850 1580 [3]
876 1504 947 1563 Sunt
963 1505 1010 1565 alii
1027 1506 1094 1584 duo,
1106 1514 1139 1570 ot

107 1609 178 1650 ursus
197 1608 211 1648 a
229 1589 345 1649 Zmarre
364 1590 495 1668 positus,
517 1588 591 1648 alter
611 1606 627 1646 a
644 1587 716 1647 Phio
736 1589 800 1667 sine
822 1589 918 1664 notis,
940 1589 1097 1666 quadrage-

107 1692 170 1733 num
192 1683 325 1732 octonum
347 1672 515 1731 cubitorum.
554 1670 760 1731 Alexandreae
777 1671 876 1730 statuit
895 1685 979 1738 unum
1000 1671 1097 1733 Ptole-

106 1775 204 1816 maeus
216 1755 419 1832 Philadelphus
436 1755 584 1831 octoginta
597 1755 765 1814 cubitorum.
782 1754 931 1815 exciderat
948 1773 1010 1814 enm
1021 1755 1096 1816 Nee·

109 1841 204 1899 thebis
220 1858 273 1898 rex
290 1855 401 1915 purum,
419 1840 568 1915 maiusque
583 1857 656 1915 opus
674 1841 702 1898 in
718 1838 889 1898 devehendo
906 1840 1096 1900 statuendove

73 1923 196 1986 eomnlto
213 1940 295 2000 quam
311 1925 341 1980 in
357 1922 526 1982 excidendo.
565 1921 701 1997 aSatyro
723 1922 880 1982 architecto
903 1922 989 2006 aliqui
1010 1923 1095 1984 deve·

108 2015 182 2065 ctum
207 2005 419 2081 tradunt‘rate,
447 2003 613 2065 Gallixenus
641 2025 656 2066 a
681 2004 827 2066 Phoenice
854 2007 934 2066 fossa
954 2007 1095 2084 perducto
1198 2061 1208 2082 ,

31 2117 39 2131 =
107 2108 198 2167 nsque
213 2089 247 2148 ad
261 2090 403 2148 iacentem
418 2088 574 2149 obeliscum
589 2088 673 2168 Nilo,
689 2092 827 2167 navisque
842 2090 911 2149 duas
926 2090 955 2150 in
970 2090 1093 2150 latitudi·
1104 2102 1139 2158 68

108 2192 172 2232 nem
195 2173 306 2251 patulas
328 2172 477 2251 pedalibus
501 2191 539 2232 ex
556 2174 659 2232 eodem
678 2172 773 2251 lapide
789 2173 826 2232 ad
844 2175 987 2234 rationem
1006 2177 1095 2252 gemi-

107 2259 164 2316 nati
181 2275 233 2335 per
244 2255 386 2334 duplicem
400 2275 560 2316 mensuram
572 2257 709 2334 ponderis
722 2265 854 2317 oneratas
870 2259 910 2316 ita
922 2267 952 2316 ut
965 2259 1095 2319 subirent

74 2341 270 2405 uobeliscum,
281 2340 455 2418 pendentem
477 2341 707 2402 extremitatibus
730 2343 789 2401 suis
808 2343 836 2400 in
852 2341 923 2419 ripis
941 2342 1094 2420 utrimque,

108 2432 212 2499 postea
234 2425 345 2499 egestis
369 2424 517 2484 laterculis
540 2423 689 2484 'adlevatas
707 2426 796 2486 ,navis
828 2427 982 2504 excepisse
1011 2443 1094 2504 onus,

109 2513 243 2564 statutum
257 2515 351 2566 autem
366 2509 395 2567 in
409 2526 463 2567 sex
478 2507 542 2567 talis
560 2516 688 2567 emonta
713 2508 831 2586 eodem,
847 2517 877 2569 et
892 2510 1029 2570 artificem
1045 2509 1094 2569 do-

108 2597 204 2647 natum
218 2589 335 2648 talentis
355 2593 568 2669 quinquaginta.
602 2592 650 2652 hic
665 2594 718 2652 luit
741 2593 770 2652 in
784 2593 931 2652 Arsinoeo
950 2595 1094 2670 positusa

108 2688 180 2747 rege
196 2689 282 2749 supra
292 2672 387 2749 dieto,
401 2693 501 2734 munus
517 2676 622 2734 amoris
634 2677 663 2734 in
678 2677 803 2753 coniuge
819 2674 976 2752 eademque
989 2693 1093 2736 sorore

74 2754 246 2814 soArsinoe.
271 2755 338 2814 inda
357 2774 420 2814 eam
436 2759 583 2818 navalibus
601 2758 808 2819 incommodum
817 2757 963 2817 Maxumus
979 2761 1090 2837 quidam
1102 2772 1135 2829 69

108 2838 273 2915 praefectus
286 2836 416 2915 Aegypti
429 2842 572 2901 transtulit
584 2845 612 2901 in
627 2843 731 2918 lorum,
744 2844 841 2902 reciso
857 2843 1013 2923 cacumine,
1029 2844 1093 2903 dum

109 2921 199 2980 voluit
213 2922 358 2997 fastigium
373 2920 479 2982 addere
494 2931 638 3002 auratum,
656 2926 733 3004 qnod
749 2933 851 3002 postea
867 2926 970 2985 omisit.
995 2927 1038 3007 [4]
1053 2927 1091 2986 Et

108 3002 155 3062 alii
167 3005 223 3063 duo
235 3013 300 3063 sunt
312 3004 514 3066 Alexandreae
527 3007 563 3066 ad·
572 3016 686 3086 portum
696 3012 725 3068 in
738 3007 871 3068 Caesaris
885 3010 1004 3088 templo,
1020 3029 1092 3088 quos

108 3086 376 3166 exciditllespbres
396 3105 449 3146 rex
467 3090 677 3168 quadragenum
693 3093 787 3150 binum
803 3092 971 3153 cubitorum.
998 3093 1092 3172 Super

26 3172 37 3193 ⁶
71 3172 345 3251 uomnialaccessit
366 3170 517 3230 difficultas
537 3176 605 3233 mari
628 3175 747 3235 Romam
771 3175 933 3236 devehendi
954 3179 1092 3256 spectatis

107 3253 254 3313 admodum
276 3254 406 3317 navibus,
443 3253 527 3326 divos
550 3256 699 3332 Augustus
719 3277 781 3318 eam
800 3277 873 3336 quae
895 3262 1022 3337 priorem
1043 3261 1135 3327 adio

105 3344 227 3396 vexerat
242 3337 374 3405 miraculi
387 3339 481 3415 gratia
498 3336 627 3399 Puteolis
646 3333 803 3420 perpetuis¹
815 3342 963 3404 navalibus
979 3345 1091 3406 dicave-

105 3429 166 3498 rat,
186 3419 320 3480 incendio
335 3431 502 3501 consumpta
522 3441 565 3492 ea¹
581 3432 634 3484 est.
667 3426 750 3487 divos
766 3423 899 3486 Claudius
916 3427 1023 3506 aliquot
1038 3447 1092 3508 per
