2484 3817
316 245 396 294 nar.
415 245 506 296 urar.
523 247 642 296 xxnn.
656 242 684 295 t.
704 237 859 314 (la-ae.)
1049 237 1091 300 tt

96 397 199 458 dolore
211 397 322 461 bibitur
332 402 362 459 in
372 401 444 460 rino
454 408 485 460 et
498 407 600 462 contra
613 401 811 463 dificultatem
823 403 941 479 aduae,
960 412 1093 465 raanan

97 482 203 542 leniter
218 481 343 560 emollit,
358 501 498 544 venerem
509 487 626 544 excitat.
1082 519 1094 528 -

156 566 241 643 (19.)
271 565 377 626 Piceae
397 575 427 626 et
443 567 541 628 laricis
557 568 629 628 lolia
640 566 675 602 ²⁹*
691 569 758 628 trita
775 577 806 629 et
822 571 853 628 in
865 576 951 630 aceto
967 570 1088 631 decocta
1099 581 1136 636 28
1218 611 1223 627 .

97 649 224 709 dentium
240 649 346 710 dolori.
362 651 484 728 prodest
501 653 573 712 cinis
593 653 735 712 corticum
756 652 933 730 intertrigini
948 661 982 712 et
994 653 1091 713 amha-

76 735 157 799 astis.
190 740 280 810 potus
301 733 396 793 alvom
411 736 505 811 sistit,
521 735 632 794 urinam
643 743 761 812 movet,
776 735 874 795 suldtn
888 735 990 796 volsas
1000 740 1093 796 corri-

96 818 146 892 git
179 818 285 894 piceae
298 817 370 876 lolia
386 819 520 895 privatim
534 819 657 879 iocineri
673 816 756 879 utilia
771 827 839 877 sunt
852 817 1004 879 drachmae
1019 837 1091 897 pon·

97 899 167 958 dere
181 900 211 958 in
225 917 299 977 aqua
315 899 406 962 mulsa
422 910 498 979 pota.
531 901 621 963 silvas
638 919 689 961 aas
703 901 850 962 dumtaxat
864 917 939 978 qnae
955 903 1032 979 picis
1045 921 1092 962 re·

97 984 236 1060 sinusque
262 985 356 1060 gratia
377 985 512 1044 radantur
532 986 700 1046 utilissimas
717 1004 787 1046 csse
805 983 959 1063 phthisicis
977 993 1027 1045 ant
1040 987 1089 1062 qui

96 1064 182 1143 longa
197 1067 382 1142 aegritudine
397 1086 455 1128 non
470 1069 645 1146 recolligant
657 1070 728 1128 viris
744 1070 815 1128 satis
829 1076 955 1145 constat,
968 1075 1000 1128 ct
1012 1067 1096 1128 illum

68 1150 168 1214 uncaeli
184 1167 254 1209 aera
268 1150 333 1228 plus
356 1153 397 1210 ita
414 1169 497 1229 qnam
511 1153 728 1230 navigationem
740 1152 916 1230 Aegyptiam
932 1152 1091 1230 prolicere,

96 1233 158 1311 plus
176 1250 261 1310 ῳιιιιι
275 1232 357 1294 lactis
370 1233 509 1296 herbidos
529 1253 583 1314 per
599 1237 739 1296 montium
753 1237 869 1296 aestiva
882 1243 979 1314 potus.

155 1315 240 1394 (20.)
268 1315 472 1396 Chamaepitys
493 1318 594 1380 latine
619 1320 705 1397 abiga
725 1317 847 1379 vocatur
862 1327 985 1397 propter
1003 1317 1134 1382 ahor-29

96 1409 156 1476 tus,
183 1400 220 1459 ah
247 1400 312 1460 aliis
337 1410 383 1461 tus
405 1411 520 1479 terrae,
539 1401 714 1462 cubitalibus
737 1404 840 1479 ramis,
863 1402 937 1462 llore
958 1403 1043 1480 pirus
1060 1411 1091 1462 ct

98 1484 194 1544 odore.
213 1483 307 1544 altera
322 1483 442 1546 brevior
457 1495 488 1545 et
503 1488 640 1546 incurvae
651 1486 762 1547 similis.
778 1488 865 1546 tertia
879 1486 985 1546 eodem
996 1485 1089 1546 odore

7 1619 8 1644 y
67 1575 126 1632 net
140 1567 208 1626 ideo
233 1569 506 1647 neminemque,
532 1569 670 1647 parvola,
698 1569 840 1630 cauliculo
860 1568 990 1645 digitali,
1009 1567 1090 1628 foliis

97 1650 224 1728 scabris,
248 1651 394 1729 exilibus,
416 1651 509 1731 albis,
533 1655 563 1712 in
578 1656 673 1731 petris
690 1670 831 1726 nascens,
853 1668 954 1712 omnes
968 1651 1090 1727 herhas,

7 1741 8 1806 l
97 1733 147 1794 sed
170 1743 296 1812 propter
309 1738 514 1813 cognationem
532 1738 657 1797 nominis
670 1753 734 1795 non
753 1733 941 1794 differendae.
968 1744 1091 1810 prosunt

7 1811 8 1878 ἶ
97 1817 234 1877 adversus
250 1821 436 1896 scorpionum
451 1821 542 1896 ictus,
563 1821 634 1879 item
654 1819 778 1877 iocineri
794 1815 896 1875 inlitae
909 1833 974 1874 cnm
989 1815 1092 1893 palmis

97 1908 145 1959 aut
159 1905 309 1979 cotoneis,
326 1903 445 1962 renibus
463 1912 493 1962 et
509 1904 628 1962 vesicae
642 1901 794 1962 decoctum
809 1915 907 1960 aarum
922 1915 985 1958 curn
998 1898 1091 1958 farina

66 1982 266 2045 rohordeacea.
295 1984 399 2046 morbo
417 2003 533 2064 quoque
549 1987 635 2063 regio
655 1993 686 2044 st
701 1985 802 2044 annas
817 1982 1031 2043 dillicnltatihus
1050 1995 1136 2049 arao

99 2083 171 2144 aqua
192 2066 328 2129 decoctae
350 2069 494 2130 bibuntur.
528 2069 694 2130 Novissima
718 2075 820 2128 contra
842 2068 988 2144 serpentia
1010 2065 1091 2126 valet

8 2153 10 2188 ²
97 2167 160 2210 cnm
182 2152 277 2212 melle.
308 2154 352 2213 sic
374 2161 403 2214 et
425 2152 559 2231 adpositu
575 2153 679 2212 volvas
695 2159 808 2230 purgat.
838 2149 1090 2227 sauguinemden·
1158 2162 1161 2167 ⁴

97 2242 187 2294 satum
202 2236 330 2297 extrahit
345 2243 422 2314 pota.
455 2237 578 2297 sudores
593 2237 662 2295 lacit
673 2236 821 2313 perunctis
835 2251 887 2309 ca,
902 2232 1090 2312 peculiariter

96 2319 215 2378 mnibus
231 2319 318 2379 utilis.
353 2321 425 2380 liunt
442 2337 480 2379 cx
495 2334 530 2380 ea
548 2327 579 2379 et
594 2318 762 2396 hydropicis
777 2317 885 2396 pilulae
897 2335 961 2376 cum
978 2317 1035 2376 lico
1049 2315 1090 2375 al·

97 2419 161 2461 vom
175 2402 333 2463 trahentes.
350 2403 510 2464 lumborum
524 2402 657 2462 dolorem
670 2402 817 2461 victoriati
829 2400 961 2479 pondere
976 2401 1006 2458 in
1019 2401 1090 2458 vino

95 2484 155 2544 fluit
171 2494 202 2546 et
216 2488 319 2546 tussim
340 2495 495 2548 recentem.
525 2494 656 2546 mortuos
671 2492 771 2562 partus
794 2500 833 2544 er
854 2491 939 2543 aceto
955 2487 1039 2544 cocta
1059 2487 1092 2538 et

96 2576 161 2644 pota
180 2570 281 2630 eicere
299 2571 431 2647 protinus
447 2571 560 2630 dicitur.

152 2651 238 2731 (21.)
276 2651 347 2712 Gum
368 2653 482 2714 honore
507 2661 537 2714 et
554 2654 669 2731 pityusa
693 2650 778 2710 simili
802 2649 840 2709 de
854 2665 942 2708 causa
961 2646 1084 2719 dicetur,
1095 2653 1129 2708 31

93 2753 176 2814 quam
194 2736 309 2813 quidam
324 2738 353 2796 in
369 2737 507 2813 tithymali
523 2753 637 2813 genere
661 2742 820 2794 numeram.
861 2733 960 2794 irutcx
978 2735 1025 2787 est
1050 2728 1088 2784 si-

62 2820 168 2879 mmilis
184 2822 308 2898 piceae,
333 2819 406 2880 llore
427 2837 518 2898 parvo
541 2833 698 2898 purpureo.
730 2816 819 2876 hilcm
838 2823 870 2875 et
889 2813 1019 2892 pituitam
1034 2826 1090 2906 per

92 2903 191 2963 alvom
213 2903 342 2964 detrahit
361 2903 442 2963 radix
461 2903 576 2962 decocti
595 2902 709 2961 hemina
729 2908 778 2959 aut
803 2899 921 2958 seminis
936 2891 1088 2967 lingulam

11 3043 12 3054 ,
91 2987 214 3046 balanis.
234 2985 306 3046 lolia
319 2988 349 3046 in
361 2995 445 3047 aceto
460 2987 581 3046 decocta
593 2985 720 3044 iuriuras
734 2985 808 3043 ontis
825 2977 987 3050 emendant,
1003 2991 1086 3034 mam·

90 3088 150 3130 uras
167 3085 291 3149 quoque
311 3071 401 3130 mixto
428 3078 510 3129 rutae
532 3069 657 3128 decocto
677 3075 708 3126 et
724 3065 847 3126 tormina
864 3068 894 3118 et
909 3060 1088 3137 serpentium

11 3161 12 3197 l
91 3155 167 3214 ictus
185 3161 217 3214 st
233 3154 265 3211 in
280 3160 372 3212 totum
386 3153 578 3214 collectiones
596 3150 770 3227 incipientis.

12 3255 13 3270 ι
61 3249 83 3294 aa
153 3236 241 3317 (22.)
275 3233 412 3296 Resinam
428 3251 516 3313 supra
532 3235 616 3294 dictis
632 3231 786 3291 arboribus
796 3223 877 3305 gigni
889 3223 1037 3284 docuimus
1052 3229 1128 3284 stet

89 3339 204 3398 genera
221 3321 288 3380 eius
304 3327 335 3379 et
350 3321 482 3378 nationes
498 3319 528 3378 in
544 3315 746 3387 reticuerim,
760 3329 794 3370 ac
806 3305 1045 3388 posteainarho·
1057 3301 1129 3384 ¹1⁴0?ss

90 3404 183 3464 rihus.
214 3419 345 3464 summae
361 3403 477 3480 species
493 3400 584 3476 duae,
602 3398 680 3458 sicca
695 3403 726 3454 ct
741 3392 855 3468 liquida.
889 3390 966 3447 sicca
985 3389 1085 3462 splnu
1114 3421 1119 3431 -

91 3495 122 3548 et
135 3490 225 3568 picea
244 3488 294 3564 lit,
311 3484 420 3564 liquida
439 3483 623 3557 terebintho,
647 3477 754 3552 larice,
772 3473 912 3554 lentisco,
932 3483 1083 3546 cupresso.
