2484 3817
346 160 427 207 nsu.
442 158 533 207 ausu.
548 160 646 207 xxm.
661 158 688 212 3.
703 148 758 227 (ιι.
774 149 832 228 12.)
1016 149 1077 221 215

93 332 114 375 e
126 311 207 372 vino.
245 310 372 373 scabiem
388 329 542 391 corporum
557 331 593 374 ac
605 315 743 391 pruritum
759 314 826 374 oleo
848 323 876 375 et
892 314 987 375 cedria
1011 317 1081 375 mix·

94 399 133 456 tis
149 396 262 471 tollunt,
277 395 375 455 ulcera
391 397 610 473 quoqueumida
625 398 761 475 incapite
778 397 935 471 cyclamino
947 399 1080 459 admixta.

96 480 133 539 ad
149 480 230 555 puris
245 487 276 537 et
289 481 435 555 sanguinis
450 483 669 539 exscreationes
688 497 774 539 ovom
795 481 909 541 crudum
925 499 987 539 cum
1003 483 1081 560 porri

96 562 201 621 sectivi
216 578 287 620 suco
303 564 421 639 parique
435 581 568 623 mensura
588 564 682 623 mellis
699 562 802 623 Graeci
824 563 993 623 calefactum
1013 564 1080 624 hau·

71 648 178 708 uritur.
203 644 303 703 dantur
318 654 348 704 et
361 646 545 705 tussientibus
558 655 642 705 cocta
658 656 686 705 et
701 647 765 705 trita
778 664 840 705 curn
854 646 939 706 melle
952 656 981 706 et
996 647 1081 707 cruda

96 746 160 789 curn
176 745 265 805 passo
280 728 395 805 oleique
419 730 480 806 pari
500 728 596 789 modo.
635 730 814 788 infunduntur
837 738 865 787 ct
880 730 1020 789 virilitatis
1040 732 1081 789 vi·

80 814 144 871 -tiis
169 810 282 887 singula
307 829 371 869 cum
391 814 479 871 ternis
499 814 578 889 passi
600 813 711 886 cyathis
734 813 876 889 amylique
900 815 1082 873 semunciae

95 894 229 967 balineis,
244 894 382 953 adversus
399 896 472 953 ictus
488 897 662 973 serpentium
675 903 759 953 cocta
771 896 894 971 tritaque
907 896 1020 955 adiecto
1033 915 1081 955 na·

94 978 198 1037 sturtio
213 977 375 1036 inlinuntur.
415 976 488 1037 (libo
505 987 576 1055 quot
589 979 680 1037 modis
699 980 798 1039 'iuvent
821 988 916 1037 notum
941 988 1000 1053 est,
1019 988 1124 1043 cumas

61 1070 271 1122 retransmeant
286 1060 409 1119 faucium
424 1071 561 1121 tumorem
572 1062 753 1137 calfactuque
765 1062 858 1121 obiter
873 1061 999 1121 foveant.
1022 1062 1082 1121 nul·

94 1146 140 1205 lus
151 1152 197 1203 est
208 1142 281 1201 alius
298 1143 379 1202 cibus
388 1145 435 1220 qui
450 1146 478 1203 in
493 1144 671 1220 aegritudine
690 1144 747 1203 alat
761 1162 855 1222 neque
873 1154 973 1204 oneret
987 1145 1081 1204 simul·

95 1246 153 1305 que
168 1228 225 1285 viru
238 1235 324 1303 potus
345 1234 374 1284 et
388 1226 444 1286 cibi
459 1227 573 1286 babeat.
599 1228 809 1289 lllaceratorum
829 1229 857 1285 in
878 1238 960 1288 aceto
976 1228 1081 1287 molliri
1090 1238 1123 1293 49

3 1385 4 1392 ἵ
95 1312 218 1371 diximus
242 1318 384 1387 putamen.
413 1310 516 1371 talibus
539 1328 602 1370 curu
621 1312 713 1371 lerina
737 1310 765 1368 in
787 1328 889 1387 panem
912 1311 1037 1371 subactis
1051 1330 1123 1372 umor

3 1423 4 1426 ¹
96 1394 220 1453 coeliaci
247 1401 438 1464 recreantur„
465 1394 577 1472 quidam
597 1396 636 1453 ita
658 1393 783 1453 resoluta
804 1395 832 1451 in
852 1395 954 1471 patinis
969 1404 1082 1454 torrere

66 1477 193 1537 inutilius
216 1484 328 1553 putant,
350 1493 405 1553 quo
427 1494 536 1553 genere
555 1496 612 1536 non
631 1478 713 1536 alvos
727 1486 835 1535 tantum
854 1477 950 1537 sedet
966 1495 1081 1537 menses

95 1561 263 1621 feminarum
275 1560 386 1635 sistunt,
402 1569 449 1619 aut
466 1563 489 1619 si
503 1563 594 1620 maior
608 1562 645 1619 sit
661 1562 793 1637 impetus,
810 1560 897 1617 cruda
912 1576 975 1617 cum
990 1560 1081 1619 lorica

95 1653 125 1703 ct
138 1660 213 1720 aqua
227 1641 400 1717 hauriuntur,
419 1652 447 1701 et
462 1661 515 1719 per
532 1663 564 1702 se
581 1644 657 1702 lutea
679 1642 716 1700 ex
736 1642 780 1700 luis
802 1641 923 1700 decocta
944 1642 971 1699 in
997 1651 1080 1701 aceto

95 1728 192 1787 donec
205 1725 405 1802 indurescant,
419 1727 579 1807 iterumque
594 1743 657 1783 cum
672 1725 737 1783 trito
754 1726 856 1801 pipere
870 1732 1031 1782 torreantur
1046 1722 1081 1783 ad

96 1808 274 1869 cohibendas
299 1808 392 1868 alvos.
428 1808 474 1866 Fit
500 1818 528 1865 et
551 1807 730 1880 dysintericis
756 1804 910 1865 remedium
934 1806 1080 1881 singulare
1089 1818 1123 1875 50

61 1912 88 1951 ao
100 1909 158 1953 ovo
174 1892 263 1950 elluso
278 1892 306 1949 in
320 1890 410 1950 lictile
423 1908 530 1964 novom
544 1888 727 1966 eiusdemque
743 1890 790 1948 ovi
801 1907 944 1964 mensura,
960 1897 990 1947 ut
1001 1891 1081 1966 paria

99 1976 158 2035 siut
170 1974 270 2050 omnia,
287 1974 390 2049 melle,
413 1992 481 2033 mox
495 1982 595 2049 aceto,
615 1974 682 2031 item
695 1972 761 2032 oleo
778 1972 904 2031 confusis
920 1971 1081 2049 crebroque

3 2111 4 2118 ,
96 2056 256 2138 permixtis.
288 2075 344 2136 quo
359 2057 464 2117 fuerint
487 2075 522 2117 ea
538 2056 747 2155 excellenqora
760 2054 817 2115 hoc
833 2056 1013 2133 praesentius
1035 2076 1081 2115 re·

94 2141 220 2217 medium
236 2140 298 2199 erit.
338 2140 387 2200 alii
401 2140 500 2201 eadem
517 2159 650 2199 mensura
666 2156 719 2217 pro
736 2138 802 2197 oleo
819 2146 847 2197 et
863 2148 946 2199 aceto
957 2142 1081 2199 resinam

96 2224 223 2287 adiciunt
245 2222 393 2283 rubentem
415 2226 567 2302 vinumque
587 2232 616 2283 et
637 2223 693 2283 alio
714 2222 800 2281 modo
822 2230 996 2300 temperant,
1023 2222 1081 2282 olei

61 2318 205 2369 atantnm
225 2324 356 2367 mensura
375 2310 436 2384 pari
458 2309 592 2385 pineique
614 2306 730 2366 corticis
758 2305 866 2365 duabus
890 2306 1079 2383 sexagesimis

96 2392 295 2465 denariorum,
310 2408 364 2449 uua
391 2391 452 2449 eius
471 2390 547 2469 quod
568 2390 650 2449 rhum
671 2389 807 2463 diximus,
828 2389 921 2449 mellis
941 2388 1113 2448 oboliscum

96 2476 223 2554 quinque
241 2471 322 2532 simul
337 2473 481 2549 decoctis,
505 2474 544 2532 ita
561 2482 591 2531 ut
606 2474 685 2533 cibus
704 2482 771 2550 post
787 2482 917 2550 quattuor
931 2472 1018 2531 horas
1034 2488 1079 2528 su·

94 2567 198 2619 matur.
227 2556 394 2615 torminibus
409 2574 523 2634 quoque
537 2556 615 2615 multi
632 2556 779 2615 medentur
803 2572 857 2615 ova
875 2555 939 2613 bina
960 2572 1022 2611 cum
1043 2550 1079 2609 ali

94 2643 188 2719 spicis
199 2648 332 2717 quattuor
342 2658 397 2698 una
407 2640 525 2698 terendo
537 2641 650 2717 vinique
665 2640 776 2699 hemina
788 2637 984 2699 calefaciendo
994 2645 1079 2713 atquc

63 2728 136 2791 suita
148 2722 288 2803 potando.
315 2722 363 2796 Et,
379 2740 414 2781 ne
431 2722 498 2800 quid
514 2721 588 2783 desit
601 2741 721 2783 ovorum
733 2724 859 2797 gratiae,
878 2719 1024 2781 candidum
1041 2735 1078 2776 ex
1088 2728 1120 2781 51

94 2809 140 2869 bis
156 2806 311 2867 admixtum
329 2805 402 2865 calci
422 2806 505 2864 vivae
524 2806 643 2882 glutinat
663 2805 728 2864 vitri
748 2805 915 2883 fragmenta.
944 2803 989 2861 vis
1008 2818 1079 2861 vero

95 2900 173 2950 tanta
186 2898 231 2948 est
243 2898 273 2946 ut
285 2889 389 2964 lignum
405 2888 550 2966 perfusum
563 2906 620 2949 ovo
637 2907 693 2947 nou
708 2889 806 2949 ardeat
821 2905 855 2947 ao
870 2904 906 2945 ne
917 2886 1005 2945 vestis
1019 2886 1079 2964 qul·

94 2974 161 3033 dem
176 2980 310 3049 contacta
324 2972 465 3031 aduratur.
491 2972 536 3031 De
546 2973 715 3048 gallinarum
730 2981 823 3031 autem
839 2970 901 3037 ovis
916 2976 1019 3027 tantum
1037 2968 1078 3027 lo·

96 3058 155 3117 cuti
170 3072 284 3127 sumus,
304 3072 366 3133 cqm
381 3062 410 3112 et
424 3055 596 3131 reliquarum
609 3054 705 3115 alitum
720 3062 829 3115 restent
842 3068 962 3127 magnae
977 3049 1077 3109 utilita-

63 3150 152 3215 tates,
167 3141 242 3197 sicut
256 3138 317 3195 suis
332 3136 405 3195 locis
420 3137 556 3197 dicemus.
934 3180 936 3187 .

160 3220 245 3299 (12.)
267 3220 420 3279 Praeterea
435 3229 480 3279 est
490 3236 607 3279 ovorum
623 3238 713 3295 genus
726 3220 753 3276 in
770 3234 873 3295 magna
887 3215 960 3275 lama
973 3216 1075 3285 Gallia·
1088 3226 1121 3281 52

94 3324 175 3381 rum,
202 3304 338 3363 omissum
358 3301 486 3362 Graecis.
516 3320 624 3378 angues
646 3302 782 3361 innumeri
804 3306 913 3359 aestate
935 3300 1079 3359 convoluti

94 3389 196 3451 saliuis
209 3387 334 3447 faucium
350 3402 559 3475 corpqrumque
575 3386 682 3463 spumis
698 3384 798 3443 artifici
813 3382 956 3462 conplexu
970 3382 1079 3459 glome-
