2484 3817
166 140 215 203 ⁹8
511 147 652 196 cnnmr
669 147 819 198 ancuunr

167 307 250 366 undis
266 311 297 364 et
310 303 465 364 fortiorem
482 301 607 378 cotidie,
624 303 724 379 utique
745 304 770 364 oi
785 300 911 362 cumano
929 303 1086 364 misceatur
1106 323 1174 367 cae·
1223 375 1224 380 η

105 401 177 468 Ι167
188 385 311 448 mento?
345 385 454 446 Eadem
470 394 516 445 est
533 393 632 446 terrae
654 394 753 447 natura
775 387 852 446 etin
870 384 1013 462 Cyzicena
1032 389 1173 468 regione,

167 472 221 534 sed
242 472 283 531 ibi
300 489 359 532 non
372 469 486 548 pulvis,
503 487 604 529 varum
617 472 682 548 ipsa
699 477 777 531 terra
795 487 850 548 qua
865 470 956 529 libeat
970 473 1173 547 magnitudine

168 559 267 618 excisa
282 564 312 616 et
324 555 457 614 demersa
472 555 502 613 in
516 571 596 613 unare
612 553 725 632 lapidea
741 553 909 614 extrahitur.
933 553 989 614 boc
1005 555 1174 618 idemcirca

60 635 77 703 ⁴.
170 638 378 700 Cassandream
388 637 513 716 produnt
528 638 604 712 lieri,
621 647 652 697 et
667 639 696 699 in
707 639 789 698 fonte
802 635 904 696 Cnidio
920 637 995 696 dulci
1010 639 1088 698 intra
1103 651 1193 701 octos
1223 659 1224 722 3

168 742 283 784 menses
301 731 408 783 terram
423 721 614 801 lapidescere.
658 721 693 781 ab
711 720 810 800 Oropo
828 719 944 800 quidem
957 720 1064 782 Aulida
1077 740 1173 802 usquc
1223 727 1224 762 l

169 805 305 887 quidquid
325 807 478 881 attingitur
497 807 566 864 mari
582 813 679 865 terrae
697 814 821 865 mutatur
840 807 870 863 in
887 821 967 865 saxa.
1010 803 1078 865 Non
1102 810 1175 868 rnul-

169 899 256 950 tuma
276 891 399 969 pulvere
417 889 579 948 Puteolano
593 888 681 947 distat
700 882 799 949 eNilo
813 887 920 948 harena
937 891 1111 952 tenuissima
1130 896 1174 952 sni
1223 929 1224 962 1

168 982 271 1053 parte,
302 991 361 1033 non
377 972 413 1034 ad
429 971 596 1031 sustinenda
614 973 703 1031 maria
719 972 880 1049 fluctusque
899 972 1098 1050 frangendos,
1122 977 1174 1036 sed

125 1070 178 1124 168
190 1057 226 1119 ad
240 1055 412 1117 debellanda
425 1072 550 1132 corpora
564 1054 727 1132 palaestrae
743 1055 854 1115 studiis.
884 1055 951 1117 inde
967 1064 1050 1116 certe
1068 1057 1172 1120 Patro·
1184 1081 1202 1122 o
1223 1049 1224 1060 ¹

167 1143 218 1202 bio
234 1140 361 1199 Neronis
382 1139 522 1216 principis
540 1137 649 1198 liberto
667 1139 873 1199 advehebatur.
914 1140 981 1216 quin
996 1149 1027 1198 ct
1044 1138 1174 1204 Cratero

168 1234 200 1285 et
218 1223 369 1282 Leonnato
390 1238 426 1280 ac
444 1218 597 1298 Meleagro
618 1221 778 1282 Alexandri
801 1219 897 1301 Magni
918 1222 1038 1282 ducibus
1059 1227 1175 1287 sablum

83 1353 86 1358 .
167 1309 225 1366 boc
256 1306 366 1384 portari
393 1322 457 1364 cum
480 1304 602 1381 reliquis
631 1305 801 1365 militaribus
831 1308 1010 1366 commerciis
1036 1312 1174 1388 reperio,

169 1390 252 1469 plura
268 1388 305 1448 de
322 1388 376 1448 hac
391 1395 476 1466 parte
489 1405 549 1447 non
564 1387 706 1464 dicturus,
718 1407 788 1465 non,
803 1388 955 1466 Hercules,
976 1393 1071 1467 magis
1088 1411 1175 1470 qnam

167 1473 205 1533 de
218 1481 316 1533 terrae
328 1491 381 1532 usn
397 1473 427 1531 in
442 1474 609 1549 ceromatis,
620 1473 725 1550 quibus
737 1473 904 1534 exercendo
917 1475 1052 1534 iuventus
1070 1486 1175 1539 nostra
1184 1495 1200 1536 c

167 1558 302 1636 corporis
319 1557 388 1616 viris
407 1557 504 1634 perdit
514 1559 683 1616 animorum.

128 1649 178 1705 loa
238 1643 286 1700 14.
305 1637 383 1722 (48.)
402 1636 498 1710 Quid?
513 1658 571 1700 non
582 1641 611 1699 in
624 1640 724 1700 Africa
738 1639 932 1720 Hispaniaque
947 1660 963 1701 e
978 1649 1060 1702 terra
1077 1648 1176 1722 parie-
1223 1641 1224 1684 ³

170 1734 216 1784 tes
234 1742 308 1802 qnos
323 1723 470 1802 appellant
484 1724 665 1802 forneuous,
688 1727 822 1804 qnoniam
836 1726 865 1783 in
880 1725 972 1784 forma
985 1726 1176 1789 circumdatis

169 1807 279 1868 dnabns
302 1810 445 1884 utrimque
461 1808 567 1884 tabulis
582 1809 773 1868 inferciuntur
787 1811 886 1869 verius
906 1825 988 1885 quarn
1007 1817 1175 1890 struuntur,

169 1894 250 1952 aevis
267 1891 386 1966 durant,
402 1892 562 1970 incorrupti
577 1892 735 1968 imbribus,
752 1894 863 1968 ventis,
880 1893 1015 1968 ignibus,
1032 1898 1203 1974 omniquen

169 1983 320 2036 caemento
336 1972 499 2034 firmiores?
531 1983 646 2053 spectat
661 1977 747 2034 etiarn
762 1994 837 2035 nunc
852 1975 984 2053 speculas
999 1974 1176 2040 Hannibalis

168 2058 307 2137 Hispania
318 2065 508 2136 terrenasque
521 2060 609 2118 turris
626 2059 701 2135 iugis
715 2061 853 2118 montium
869 2060 1022 2137 inpositas.
1053 2062 1127 2123 bino
1147 2074 1176 2124 et

169 2145 329 2219 caespitum
350 2149 451 2200 natura
472 2150 633 2202 castrorum
652 2141 735 2201 vallis
754 2142 983 2220 adcommodata,
1006 2155 1177 2226 contraque

171 2225 317 2285 fluminum
333 2227 458 2302 impetus
480 2225 651 2303 aggeribus.
677 2225 761 2285 inlini
784 2226 899 2304 quidem
918 2230 1005 2287 cratis
1024 2233 1178 2306 parietum

170 2308 231 2368 luto
248 2316 278 2369 et
293 2308 433 2368 lateribus
449 2311 545 2369 crudis
561 2311 673 2368 exstrui
690 2311 753 2387 quis
768 2307 905 2386 ignorat?
1185 2330 1204 2369 a

128 2403 181 2457 170
236 2391 314 2471 (49.)
335 2389 455 2452 Lateres
468 2410 527 2452 non
540 2401 606 2451 sunt
623 2410 660 2451 ex
674 2394 812 2453 sabuloso
828 2411 922 2471 neque
937 2393 1088 2457 harenoso
1101 2400 1179 2460 mul·

170 2485 261 2554 toque
282 2476 374 2535 minus
397 2477 545 2536 calculoso
561 2475 683 2535 ducendi
698 2477 782 2551 solo,
801 2476 885 2536 sede
907 2485 1026 2536 cretoso
1044 2489 1078 2540 et
1099 2482 1177 2542 albi·

169 2568 254 2620 cante
270 2567 318 2618 ant
332 2578 371 2618 ex
385 2560 500 2620 rubrica
519 2558 669 2618 ueletiam
686 2579 702 2619 e
718 2560 839 2636 sabulo,
853 2560 981 2620 masculo
996 2570 1094 2624 oe'rte.
1122 2567 1178 2628 fin·

170 2651 276 2720 guntur
296 2651 413 2722 optume
432 2659 521 2716 rere,
546 2661 610 2701 nam
633 2643 761 2703 solstitio
783 2644 881 2702 rimosi
904 2644 982 2703 liunt.
1024 2647 1178 2710 aediliciis

171 2744 230 2785 nou
247 2727 302 2786 nisi
320 2728 413 2787 bimos
430 2724 562 2803 probant.
593 2728 660 2803 quin
676 2734 706 2785 et
721 2727 846 2784 intritam
862 2729 952 2805 ipsam
968 2745 1071 2789 eornm
1088 2737 1206 2811 prinsn

128 2819 275 2887 mquam
295 2811 597 2888 fingantur‘macerari
620 2817 749 2886 oportet.
794 2808 908 2869 Genera
923 2828 1023 2870 eornm
1044 2818 1098 2891 qui
1120 2821 1178 2878 tria

169 2891 298 2971 budion,
322 2909 379 2971 quo
401 2894 524 2968 utimur,
552 2892 669 2968 longum
691 2892 912 2970 sesquipedem,
935 2893 1023 2953 latum
1046 2900 1176 2977 pedem,

170 2975 292 3036 alterum
309 2975 498 3051 tetradoron,
520 2977 636 3035 tertium
654 2976 850 3053 pentadoron,
873 2975 974 3036 Graeci
997 2981 1075 3040 enim
1099 2988 1178 3044 anti·

164 3061 218 3135 'qui
230 3060 323 3119 doron
339 3059 460 3136 palmum
473 3059 617 3119 vocabant
631 3066 661 3117 et
675 3059 742 3118 ideo
759 3059 829 3119 dora
844 3077 979 3138 munera,
1001 3065 1070 3141 quia
1084 3084 1179 3128 manu

170 3143 315 3202 darentur.
359 3160 433 3218 ergo
453 3160 469 3201 a
486 3151 621 3220 quattuor
643 3150 673 3202 et
694 3144 820 3229 quinque
839 3142 957 3220 palmis,
979 3156 1070 3223 prout
1091 3161 1210 3229 sunt,³⁵

170 3227 359 3284 nominantur.
388 3225 489 3286 eadem
501 3235 585 3284 estet
597 3224 728 3286 latitudo.
751 3229 992 3304 minoreprivatis
1009 3234 1178 3312 operibus,

171 3309 281 3366 maiore
298 3308 328 3365 in
343 3306 466 3384 publicis
485 3314 601 3367 utuntur
614 3308 645 3367 in
660 3305 789 3369 Graecia.
819 3307 938 3369 Pitanae
957 3313 986 3370 in
1001 3313 1076 3375 Asia
1093 3327 1130 3377 et
1148 3322 1180 3378 in

170 3389 312 3450 ulteriora
329 3388 483 3466 Hispania,
503 3390 667 3450 civitatibus
688 3390 812 3452 Maxilua
829 3400 859 3451 et
878 3389 1017 3473 Calento,
1035 3397 1114 3460 liunt
1135 3403 1181 3462 la.
