2484 3817
310 183 390 231 nau.
406 183 495 231 mon.
511 185 620 233 xxvn.
637 185 719 237 1-4.
738 179 850 248 (1—4.)
1009 179 1065 241 131

77 338 240 417 pellarere.
268 344 297 397 at
318 335 383 397 illas
398 338 492 398 statim
507 338 625 400 liberari
639 350 732 401 morte
752 350 999 404 excrementorum
1016 345 1067 405 ho·

76 424 159 481 minis
173 428 261 498 gustu
276 420 509 483 demonstratum.
543 424 623 501 quod
643 433 725 484 certe
745 442 814 485 casu
837 436 985 524 repertum
1004 430 1067 528 quis
1137 412 1147 429 ’

77 505 189 565 dubitet
202 513 233 563 et
245 506 378 582 quotiens
397 506 447 565 liat
460 507 546 567 etiam
559 524 636 567 nunc
650 516 681 567 ut
694 523 798 568 novom
812 510 909 585 nasci,
936 514 1068 589 quoniam

77 590 148 649 ieris
162 588 238 648 ratio
253 596 284 647 et
300 606 369 648 usus
385 590 460 649 inter
474 608 508 649 se
523 590 597 651 tradi
611 608 670 651 non
685 589 799 669 possit?
826 592 855 653 3.
871 592 917 652 hio
930 612 1002 671 ergo
1020 614 1066 655 ca·
1056 607 1096 659 -8

58 691 138 748 rsus,
154 671 205 732 hic
220 680 266 731 est
281 671 330 732 ille
346 674 394 751 qui
409 672 561 751 pluruma
551 691 580 733 ιιι
600 675 658 734 vita
673 676 781 737 invenit
795 672 882 751 deus,
904 676 960 735 hoe
982 678 1069 738 hahet

76 773 182 817 nomen
208 774 262 835 per
282 773 366 834 quern
384 757 564 833 intellegitur
587 757 732 819 cademot
753 774 860 837 parens
878 776 973 819 rerum
990 777 1068 820 omn·

77 843 184 900 iamet
206 840 358 915 magistra,
378 849 501 918 utraque
522 842 688 901 coniectura
708 843 788 920 pari,
811 842 873 901 sive
894 842 949 902 ista
963 843 1069 903 cotidie

77 927 155 985 ieras
177 924 309 981 invenire
330 923 394 983 sive
415 941 532 1002 semper
551 925 629 984 scire
648 924 816 985 iudicemus.
847 924 1069 1005 pudendumque

77 1025 175 1067 rursus
191 1005 286 1066 omnia
301 1006 432 1068 animalia
448 1024 523 1085 quae
538 1008 594 1068 sint
607 1008 743 1068 salutaria
757 1008 830 1087 ipsis
843 1026 932 1069 nosse
948 1018 1066 1087 praeter

50 1091 230 1151 inhominem.
263 1088 315 1149 sed
331 1092 455 1150 maiores
471 1090 619 1152 oculorum
641 1108 755 1169 quoque
771 1091 985 1152 medicamentis
1000 1104 1097 1158 aco-9

78 1177 163 1235 nitnrn
181 1174 300 1233 misceri
315 1172 504 1234 saluberrime
517 1174 741 1252 promulgavere
763 1184 865 1253 aperta
883 1176 1068 1254 professione

76 1258 179 1317 melum
194 1256 311 1335 quidem
324 1256 432 1316 nullum
448 1274 515 1316 esse
526 1259 589 1317 sine
603 1257 702 1335 aliquo
714 1256 803 1318 hono.
833 1258 878 1319 lae
895 1276 967 1337 ergo
982 1260 1067 1319 nohis

77 1343 131 1400 erit
145 1341 195 1418 qui
210 1338 288 1399 nulla
302 1339 423 1399 diximus
439 1358 550 1400 venena
567 1350 729 1401 monstrare
746 1341 832 1419 quale
855 1343 893 1403 sit
912 1343 1066 1417 aconitum,

78 1424 124 1484 vel
139 1422 379 1501 deprehendendi
400 1425 501 1499 gratia
536 1424 606 1484 lolia
629 1423 717 1485 hahet
737 1425 889 1499 cyclamini
912 1436 960 1486 aut
981 1444 1066 1486 oucu-

48 1507 163 1567 umeris
177 1522 237 1565 non
250 1505 333 1583 plura
349 1516 492 1585 quattuor,
509 1506 546 1568 ah
559 1507 660 1569 radice
672 1509 777 1568 leniter
791 1508 909 1568 hirsuta.
940 1508 1067 1570 radicem

76 1590 217 1651 modicam
232 1606 375 1650 cammaro
390 1590 510 1650 similem
524 1593 652 1667 marino,
669 1608 760 1669 quare
776 1591 890 1667 qnidam
906 1607 1068 1651 cammaron

76 1674 284 1753 appellavere,
299 1673 347 1732 alii
365 1673 580 1753 thelyphonon,
595 1691 634 1732 ex
652 1691 707 1751 qna
722 1673 844 1733 diximus
861 1688 957 1732 causa.
986 1673 1093 1733 radixs

77 1758 242 1818 incurvatur
256 1756 372 1834 paulum
388 1759 574 1834 scorpionum
588 1754 689 1831 modo,
711 1772 800 1832 quare
816 1763 846 1814 et
860 1756 997 1832 scorpion
1018 1756 1068 1815 ali-

77 1842 127 1918 qui
150 1856 308 1899 vocavere.
343 1857 399 1899 nee
420 1839 541 1900 deluere
562 1840 611 1916 qui
631 1846 808 1913 myoctonon
827 1837 977 1918 appellare
989 1838 1069 1914 ¹mal·

42 1924 157 1997 solent,
182 1924 314 1999 quoniam
342 1922 444 2001 procul
467 1931 497 1981 et
522 1940 539 1981 e
562 1922 721 1998 longinquo
747 1920 837 1983 odore
861 1924 949 1983 muris
973 1932 1068 1982 necat.

78 2006 210 2067 nascitur
232 2007 260 2065 in
285 2004 369 2066 nudis
388 2004 519 2066 cautihns
544 2022 616 2084 qnae
640 2022 746 2065 aeonas
767 2006 925 2080 nominant,
950 2016 980 2067 et
998 2005 1065 2066 ideo
1077 2018 1111 2070 10

78 2090 223 2150 aconitum
242 2088 331 2169 aliqui
351 2090 469 2164 dixere,
489 2089 569 2149 nullo
582 2089 660 2148 iuxta
680 2107 716 2148 ne
739 2088 859 2166 pulvere
883 2090 996 2167 quidem
1015 2108 1064 2149 nu·

77 2176 191 2233 triente.
220 2172 294 2234 hanc
308 2173 400 2251 aliqui
412 2175 553 2234 rationem
570 2172 692 2232 nominis
707 2172 843 2249 attulere,
859 2172 916 2248 alii,
931 2175 1065 2252 quoniam

78 2256 121 2315 vis
136 2254 239 2316 eadem
253 2258 353 2316 esset
345 2275 372 2315 ιιι
382 2265 475 2318 morte
487 2275 561 2335 qnae
576 2255 713 2315 cotibus
704 2273 732 2313 m
743 2255 814 2315 ferri
823 2256 887 2316 acie
898 2255 1068 2332 deterenda,

44 2359 72 2400 ns
81 2340 231 2419 statimque
245 2339 360 2400 admota
370 2340 515 2399 velocitas
531 2340 697 2399 sentiretur.

137 2425 170 2484 4.
192 2423 256 2501 (3.)
279 2422 431 2501 Aethiopis
446 2422 517 2482 lolia
535 2422 624 2483 hahet
637 2421 755 2500 phlomo
770 2420 889 2498 similia,
912 2400 1015 2498 magna
1031 2438 1066 2479 ac
1077 2433 1107 2483 11

79 2506 164 2566 multa
182 2514 212 2565 et
232 2505 341 2565 hirsuta
355 2523 372 2564 a
385 2506 501 2581 radice,
520 2506 630 2566 caulem
651 2503 902 2582 quadriangulum,
924 2503 1067 2576 scabrum,

78 2589 198 2650 similem
215 2589 327 2665 arctio,
330 2587 445 2649 moltis
466 2606 625 2649 concavom
646 2589 716 2664 alis,
749 2604 849 2647 semen
871 2606 942 2648 ervo
966 2586 1066 2662 simile,

79 2672 238 2748 candidum,
249 2674 402 2749 geminum,
414 2672 528 2733 radices
538 2688 719 2749 numerosas,
738 2670 851 2748 longas,
869 2672 979 2751 plenas,
995 2669 1066 2728 mol·

44 2756 131 2831 celis,
153 2754 315 2832 glutinosas
336 2764 431 2832 gustu.
468 2757 566 2815 siccae
587 2757 756 2831 nigrescunt
776 2755 1018 2832 indurescuntque
1039 2760 1069 2809 ut

80 2856 186 2897 cornua
206 2839 300 2899 rideri
326 2840 447 2916 possint.
478 2848 595 2914 praeter
615 2836 798 2916 Aethiopiam
821 2846 975 2897 nascuntur
989 2843 1018 2894 et
1037 2836 1065 2893 in
1077 2845 1110 2898 ln

79 2920 127 2981 lda
136 2930 237 2981 monte
251 2920 372 2981 Troadis
387 2923 459 2981 etin
473 2921 628 2982 Messenia
659 2920 835 2997 colliguntur
852 2928 996 3021 autpmno,
1011 2919 1067 2977 sic-

82 3015 179 3065 cantur
199 3006 231 3065 in
247 3004 313 3065 sole
332 3005 442 3083 aliquot
458 3005 559 3066 diebus
583 3023 619 3064 ne
644 3005 726 3063 situm
749 3004 883 3063 sentiant.
903 3002 1069 3061 'medentur

81 3088 173 3147 rolris
189 3098 277 3168 potae
294 3089 325 3147 in
337 3088 404 3148 rino
420 3088 504 3163 albo,
529 3086 710 3161 ischiadicis,
732 3084 909 3163 pleuriticis,
935 3085 1067 3144 lancibus

41 3170 192 3231 sescahris
205 3171 350 3231 decoctae
365 3181 434 3249 potu
453 3172 568 3247 dantur,
589 3170 643 3231 sed
664 3186 740 3247 quae
761 3186 799 3227 ex
815 3167 971 3285 Aethiopia
988 3170 1067 3227 venit

82 3255 182 3314 eximie
197 3264 286 3333 atque
302 3254 371 3314 ilico
387 3254 517 3333 prodest

138 3339 203 3416 (4.)
227 3337 376 3427 Ageraton
397 3338 546 3399 ferulacea
566 3345 627 3413 est,
654 3334 772 3394 duorum
792 3334 950 3411 palmorum
970 3330 1060 3391 altitu·
1073 3344 1109 3395 13

83 3418 155 3498 dine,
170 3403 292 3499 origano
309 3420 426 3497 similis,
447 3421 520 3481 llere
534 3418 620 3478 hullis
644 3418 748 3478 aurcis.
780 3416 962 3558 huius9qqtae
984 3412 1066 3470 nidor
