<?xml version="1.0" encoding="UTF-8"?>
<!DOCTYPE html PUBLIC "-//W3C//DTD XHTML 1.0 Transitional//EN"
    "http://www.w3.org/TR/xhtml1/DTD/xhtml1-transitional.dtd">
<html xmlns="http://www.w3.org/1999/xhtml" xml:lang="en" lang="en">
 <head>
  <title>
</title>
<meta http-equiv="Content-Type" content="text/html;charset=utf-8" />
  <meta name='ocr-system' content='tesseract 3.04.00' />
  <meta name='ocr-capabilities' content='ocr_page ocr_carea ocr_par ocr_line ocrx_word'/>
</head>
<body>
  <div class='ocr_page' id='page_1' title='image "./cplinisecundina24plingoog_0272.png"; bbox 0 0 2484 3817; ppageno 0'>
   <div class='ocr_carea' id='block_1_1' title="bbox 174 153 815 215">
    <p class='ocr_par' dir='ltr' id='par_1_1' title="bbox 174 153 815 215">
     <span class='ocr_line' id='line_1_1' title="bbox 174 153 815 215; baseline -0.011 -1"><span class='ocrx_word' id='word_1_1' title='bbox 174 153 236 215; x_wconf 77' lang='lat'><strong>200</strong></span> <span class='ocrx_word' id='word_1_2' title='bbox 281 192 285 201; x_wconf 73' lang='lat'><strong>·</strong></span> <span class='ocrx_word' id='word_1_3' title='bbox 514 161 544 210; x_wconf 88' lang='lat' dir='ltr'><strong>o.</strong></span> <span class='ocrx_word' id='word_1_4' title='bbox 558 160 654 209; x_wconf 80' lang='lat' dir='ltr'><strong>emur</strong></span> <span class='ocrx_word' id='word_1_5' title='bbox 669 159 815 211; x_wconf 84' lang='lat' dir='ltr'><strong>sncnnm</strong></span> 
     </span>
    </p>
   </div>
   <div class='ocr_carea' id='block_1_2' title="bbox 98 313 1238 2138">
    <p class='ocr_par' dir='ltr' id='par_1_2' title="bbox 133 313 1238 978">
     <span class='ocr_line' id='line_1_2' title="bbox 175 313 1155 392; baseline -0.005 -14"><span class='ocrx_word' id='word_1_6' title='bbox 175 319 236 378; x_wconf 88' lang='lat' dir='ltr'><strong>licit</strong></span> <span class='ocrx_word' id='word_1_7' title='bbox 248 319 342 377; x_wconf 87' lang='lat' dir='ltr'><strong>limum</strong></span> <span class='ocrx_word' id='word_1_8' title='bbox 350 315 507 377; x_wconf 91' lang='lat' dir='ltr'><strong>bubulum</strong></span> <span class='ocrx_word' id='word_1_9' title='bbox 498 316 637 374; x_wconf 77' lang='lat' dir='ltr'><strong>incinere</strong></span> <span class='ocrx_word' id='word_1_10' title='bbox 653 313 821 374; x_wconf 79' lang='lat' dir='ltr'><strong>calefactum</strong></span> <span class='ocrx_word' id='word_1_11' title='bbox 831 320 878 374; x_wconf 90' lang='lat' dir='ltr'><strong>aut</strong></span> <span class='ocrx_word' id='word_1_12' title='bbox 890 313 1034 392; x_wconf 88' lang='lat' dir='ltr'><strong>caprinum</strong></span> <span class='ocrx_word' id='word_1_13' title='bbox 1050 313 1078 372; x_wconf 94' lang='lat' dir='ltr'><strong>in</strong></span> <span class='ocrx_word' id='word_1_14' title='bbox 1089 322 1155 373; x_wconf 83' lang='lat' dir='ltr'><strong>tce·</strong></span> 
     </span>
     <span class='ocr_line' id='line_1_3' title="bbox 177 396 1156 474; baseline -0.004 -13"><span class='ocrx_word' id='word_1_15' title='bbox 177 412 207 461; x_wconf 88' lang='lat' dir='ltr'><strong>to</strong></span> <span class='ocrx_word' id='word_1_16' title='bbox 225 399 304 461; x_wconf 89' lang='lat' dir='ltr'><strong>v&#39;el</strong></span> <span class='ocrx_word' id='word_1_17' title='bbox 295 420 324 461; x_wconf 93' lang='lat' dir='ltr'><strong>m</strong></span> <span class='ocrx_word' id='word_1_18' title='bbox 338 402 404 459; x_wconf 92' lang='lat' dir='ltr'><strong>vino</strong></span> <span class='ocrx_word' id='word_1_19' title='bbox 420 400 587 474; x_wconf 87' lang='lat' dir='ltr'><strong>decoctum,</strong></span> <span class='ocrx_word' id='word_1_20' title='bbox 602 399 631 455; x_wconf 94' lang='lat' dir='ltr'><strong>iu</strong></span> <span class='ocrx_word' id='word_1_21' title='bbox 645 397 803 456; x_wconf 82' lang='lat' dir='ltr'><strong>furunculis</strong></span> <span class='ocrx_word' id='word_1_22' title='bbox 818 396 917 473; x_wconf 82' lang='lat' dir='ltr'><strong>sebum</strong></span> <span class='ocrx_word' id='word_1_23' title='bbox 935 396 1070 455; x_wconf 87' lang='lat' dir='ltr'><strong>bubulum</strong></span> <span class='ocrx_word' id='word_1_24' title='bbox 1092 416 1156 457; x_wconf 89' lang='lat' dir='ltr'><strong>cum</strong></span> 
     </span>
     <span class='ocr_line' id='line_1_4' title="bbox 175 465 1238 561; baseline -0.005 -17"><span class='ocrx_word' id='word_1_25' title='bbox 175 485 245 545; x_wconf 85' lang='lat' dir='ltr'><strong>sale</strong></span> <span class='ocrx_word' id='word_1_26' title='bbox 242 494 307 560; x_wconf 90' lang='lat' dir='ltr'><strong>aut,</strong></span> <span class='ocrx_word' id='word_1_27' title='bbox 323 503 347 543; x_wconf 89' lang='lat' dir='ltr'><strong>sr</strong></span> <span class='ocrx_word' id='word_1_28' title='bbox 340 482 480 543; x_wconf 91' lang='lat' dir='ltr'><strong>dolores</strong></span> <span class='ocrx_word' id='word_1_29' title='bbox 496 484 566 557; x_wconf 86' lang='lat' dir='ltr'><strong>sint,</strong></span> <span class='ocrx_word' id='word_1_30' title='bbox 588 499 652 540; x_wconf 89' lang='lat' dir='ltr'><strong>cnm</strong></span> <span class='ocrx_word' id='word_1_31' title='bbox 667 481 733 540; x_wconf 89' lang='lat' dir='ltr'><strong>oleo</strong></span> <span class='ocrx_word' id='word_1_32' title='bbox 749 465 969 558; x_wconf 80' lang='lat' dir='ltr'><strong>liquefactum</strong></span> <span class='ocrx_word' id='word_1_33' title='bbox 946 478 1095 557; x_wconf 83' lang='lat' dir='ltr'><strong>sunesale,</strong></span> <span class='ocrx_word' id='word_1_34' title='bbox 1118 482 1156 540; x_wconf 91' lang='lat' dir='ltr'><strong>si·</strong></span> <span class='ocrx_word' id='word_1_35' title='bbox 1237 546 1238 561; x_wconf 46' lang='lat'><strong>,</strong></span> 
     </span>
     <span class='ocr_line' id='line_1_5' title="bbox 133 561 1238 645; baseline -0.002 -20"><span class='ocrx_word' id='word_1_36' title='bbox 133 569 253 633; x_wconf 76' lang='lat' dir='ltr'><strong>235mili</strong></span> <span class='ocrx_word' id='word_1_37' title='bbox 266 565 351 625; x_wconf 92' lang='lat' dir='ltr'><strong>modo</strong></span> <span class='ocrx_word' id='word_1_38' title='bbox 369 568 523 645; x_wconf 88' lang='lat' dir='ltr'><strong>caprinam.</strong></span> <span class='ocrx_word' id='word_1_39' title='bbox 546 565 660 642; x_wconf 83' lang='lat'>(71)</span> <span class='ocrx_word' id='word_1_40' title='bbox 652 582 680 621; x_wconf 90' lang='grc' dir='ltr'><strong>ιιι</strong></span> <span class='ocrx_word' id='word_1_41' title='bbox 702 563 836 625; x_wconf 78' lang='lat' dir='ltr'><strong>ambustis</strong></span> <span class='ocrx_word' id='word_1_42' title='bbox 857 565 970 622; x_wconf 90' lang='lat' dir='ltr'><strong>ursinus</strong></span> <span class='ocrx_word' id='word_1_43' title='bbox 991 561 1072 641; x_wconf 90' lang='lat' dir='ltr'><strong>adips</strong></span> <span class='ocrx_word' id='word_1_44' title='bbox 1093 582 1157 623; x_wconf 86' lang='lat' dir='ltr'><strong>curu</strong></span> <span class='ocrx_word' id='word_1_45' title='bbox 1237 564 1238 567; x_wconf 69' lang='grc'>’</span> 
     </span>
     <span class='ocr_line' id='line_1_6' title="bbox 175 647 1180 726; baseline -0.007 -16"><span class='ocrx_word' id='word_1_46' title='bbox 175 652 217 711; x_wconf 89' lang='lat' dir='ltr'><strong>lili</strong></span> <span class='ocrx_word' id='word_1_47' title='bbox 234 649 395 725; x_wconf 75' lang='lat' dir='ltr'><strong>radicibus,</strong></span> <span class='ocrx_word' id='word_1_48' title='bbox 416 667 553 726; x_wconf 88' lang='lat' dir='ltr'><strong>aprunum</strong></span> <span class='ocrx_word' id='word_1_49' title='bbox 568 657 615 706; x_wconf 90' lang='lat' dir='ltr'><strong>aut</strong></span> <span class='ocrx_word' id='word_1_50' title='bbox 631 647 742 707; x_wconf 91' lang='lat' dir='ltr'><strong>suillum</strong></span> <span class='ocrx_word' id='word_1_51' title='bbox 758 648 851 707; x_wconf 85' lang='lat' dir='ltr'><strong>dmum</strong></span> <span class='ocrx_word' id='word_1_52' title='bbox 866 648 1070 722; x_wconf 88' lang='lat' dir='ltr'><strong>inveteratum,</strong></span> <span class='ocrx_word' id='word_1_53' title='bbox 1093 664 1180 707; x_wconf 78' lang='lat' dir='ltr'><strong>sne-⁵</strong></span> 
     </span>
     <span class='ocr_line' id='line_1_7' title="bbox 175 729 1159 811; baseline -0.005 -18"><span class='ocrx_word' id='word_1_54' title='bbox 175 743 265 793; x_wconf 87' lang='lat' dir='ltr'><strong>tarum</strong></span> <span class='ocrx_word' id='word_1_55' title='bbox 279 752 317 794; x_wconf 88' lang='lat' dir='ltr'><strong>ex</strong></span> <span class='ocrx_word' id='word_1_56' title='bbox 334 734 378 793; x_wconf 90' lang='lat' dir='ltr'><strong>bis</strong></span> <span class='ocrx_word' id='word_1_57' title='bbox 393 752 410 793; x_wconf 89' lang='lat' dir='ltr'><strong>e</strong></span> <span class='ocrx_word' id='word_1_58' title='bbox 423 732 568 811; x_wconf 80' lang='lat' dir='ltr'><strong>penicillis</strong></span> <span class='ocrx_word' id='word_1_59' title='bbox 581 731 710 789; x_wconf 87' lang='lat' dir='ltr'><strong>tectoriis</strong></span> <span class='ocrx_word' id='word_1_60' title='bbox 728 731 798 789; x_wconf 90' lang='lat' dir='ltr'><strong>cinis</strong></span> <span class='ocrx_word' id='word_1_61' title='bbox 814 747 877 789; x_wconf 90' lang='lat' dir='ltr'><strong>cum</strong></span> <span class='ocrx_word' id='word_1_62' title='bbox 890 729 974 808; x_wconf 91' lang='lat' dir='ltr'><strong>adipe</strong></span> <span class='ocrx_word' id='word_1_63' title='bbox 993 732 1090 806; x_wconf 91' lang='lat' dir='ltr'><strong>tritus,</strong></span> <span class='ocrx_word' id='word_1_64' title='bbox 1108 730 1159 790; x_wconf 84' lang='lat' dir='ltr'><strong>tali</strong></span> 
     </span>
     <span class='ocr_line' id='line_1_8' title="bbox 174 812 1159 889; baseline -0.005 -13"><span class='ocrx_word' id='word_1_65' title='bbox 174 816 273 876; x_wconf 90' lang='lat' dir='ltr'><strong>bubuli</strong></span> <span class='ocrx_word' id='word_1_66' title='bbox 293 818 364 875; x_wconf 86' lang='lat' dir='ltr'><strong>cinis</strong></span> <span class='ocrx_word' id='word_1_67' title='bbox 386 834 449 875; x_wconf 90' lang='lat' dir='ltr'><strong>cum</strong></span> <span class='ocrx_word' id='word_1_68' title='bbox 470 833 538 873; x_wconf 87' lang='lat' dir='ltr'><strong>cera</strong></span> <span class='ocrx_word' id='word_1_69' title='bbox 561 821 590 872; x_wconf 90' lang='lat' dir='ltr'><strong>et</strong></span> <span class='ocrx_word' id='word_1_70' title='bbox 608 812 732 873; x_wconf 81' lang='lat' dir='ltr'><strong>medulla</strong></span> <span class='ocrx_word' id='word_1_71' title='bbox 753 815 868 872; x_wconf 91' lang='lat' dir='ltr'><strong>cervina</strong></span> <span class='ocrx_word' id='word_1_72' title='bbox 886 812 935 871; x_wconf 89' lang='lat' dir='ltr'><strong>vel</strong></span> <span class='ocrx_word' id='word_1_73' title='bbox 955 813 1044 889; x_wconf 88' lang='lat' dir='ltr'><strong>tauri,</strong></span> <span class='ocrx_word' id='word_1_74' title='bbox 1065 814 1159 873; x_wconf 84' lang='lat' dir='ltr'><strong>dmum</strong></span> 
     </span>
     <span class='ocr_line' id='line_1_9' title="bbox 175 896 1158 995; baseline -0.005 -36"><span class='ocrx_word' id='word_1_75' title='bbox 175 900 302 978; x_wconf 89' lang='lat' dir='ltr'><strong>leporis,</strong></span> <span class='ocrx_word' id='word_1_76' title='bbox 322 899 375 958; x_wconf 88' lang='lat' dir='ltr'><strong>sed</strong></span> <span class='ocrx_word' id='word_1_77' title='bbox 396 915 546 995; x_wconf 78' lang='lat' dir='ltr'><strong>caprarum</strong></span> <span class='ocrx_word' id='word_1_78' title='bbox 566 897 660 955; x_wconf 89' lang='lat' dir='ltr'><strong>limum</strong></span> <span class='ocrx_word' id='word_1_79' title='bbox 681 897 743 955; x_wconf 87' lang='lat' dir='ltr'><strong>siue</strong></span> <span class='ocrx_word' id='word_1_80' title='bbox 768 898 903 957; x_wconf 76' lang='lat' dir='ltr'><strong>cicatrice</strong></span> <span class='ocrx_word' id='word_1_81' title='bbox 922 913 1023 955; x_wconf 81' lang='lat' dir='ltr'><strong>sonare</strong></span> <span class='ocrx_word' id='word_1_82' title='bbox 1045 896 1158 957; x_wconf 91' lang='lat' dir='ltr'><strong>dicitur.</strong></span> 
     </span>
    </p>

    <p class='ocr_par' dir='ltr' id='par_1_3' title="bbox 132 979 1238 1472">
     <span class='ocr_line' id='line_1_10' title="bbox 132 979 1238 1059; baseline -0.01 -11"><span class='ocrx_word' id='word_1_83' title='bbox 132 993 184 1048; x_wconf 72' lang='lat'><strong>236</strong></span> <span class='ocrx_word' id='word_1_84' title='bbox 196 982 335 1043; x_wconf 85' lang='lat' dir='ltr'><strong>Glutinum</strong></span> <span class='ocrx_word' id='word_1_85' title='bbox 350 982 621 1059; x_wconf 88' lang='lat' dir='ltr'><strong>praestantissimum</strong></span> <span class='ocrx_word' id='word_1_86' title='bbox 636 979 666 1037; x_wconf 90' lang='lat' dir='ltr'><strong>iit</strong></span> <span class='ocrx_word' id='word_1_87' title='bbox 685 996 722 1037; x_wconf 87' lang='lat' dir='ltr'><strong>ex</strong></span> <span class='ocrx_word' id='word_1_88' title='bbox 744 979 857 1039; x_wconf 91' lang='lat' dir='ltr'><strong>auribus</strong></span> <span class='ocrx_word' id='word_1_89' title='bbox 872 987 1014 1039; x_wconf 87' lang='lat' dir='ltr'><strong>taurorum</strong></span> <span class='ocrx_word' id='word_1_90' title='bbox 1036 988 1064 1037; x_wconf 90' lang='lat' dir='ltr'><strong>et</strong></span> <span class='ocrx_word' id='word_1_91' title='bbox 1077 980 1159 1055; x_wconf 92' lang='lat' dir='ltr'><strong>geui-</strong></span> <span class='ocrx_word' id='word_1_92' title='bbox 1237 984 1238 1055; x_wconf 47' lang='lat' dir='ltr'><strong>l</strong></span> 
     </span>
     <span class='ocr_line' id='line_1_11' title="bbox 175 1056 1238 1141; baseline -0.005 -16"><span class='ocrx_word' id='word_1_93' title='bbox 175 1065 289 1141; x_wconf 85' lang='lat' dir='ltr'><strong>talibus,</strong></span> <span class='ocrx_word' id='word_1_94' title='bbox 303 1082 358 1123; x_wconf 87' lang='lat' dir='ltr'><strong>nec</strong></span> <span class='ocrx_word' id='word_1_95' title='bbox 373 1065 524 1141; x_wconf 78' lang='lat' dir='ltr'><strong>quicquam</strong></span> <span class='ocrx_word' id='word_1_96' title='bbox 536 1063 683 1121; x_wconf 80' lang='lat' dir='ltr'><strong>efficacius</strong></span> <span class='ocrx_word' id='word_1_97' title='bbox 699 1062 817 1139; x_wconf 88' lang='lat' dir='ltr'><strong>prodest</strong></span> <span class='ocrx_word' id='word_1_98' title='bbox 833 1062 984 1137; x_wconf 75' lang='lat' dir='ltr'><strong>ambustis,</strong></span> <span class='ocrx_word' id='word_1_99' title='bbox 1006 1062 1058 1121; x_wconf 87' lang='lat' dir='ltr'><strong>sed</strong></span> <span class='ocrx_word' id='word_1_100' title='bbox 1077 1062 1158 1123; x_wconf 89' lang='lat' dir='ltr'><strong>adul·</strong></span> <span class='ocrx_word' id='word_1_101' title='bbox 1147 1082 1192 1121; x_wconf 86' lang='grc' dir='ltr'><strong>-ιο</strong></span> <span class='ocrx_word' id='word_1_102' title='bbox 1237 1056 1238 1117; x_wconf 80' lang='lat' dir='ltr'><strong>l</strong></span> 
     </span>
     <span class='ocr_line' id='line_1_12' title="bbox 174 1144 1159 1224; baseline -0.003 -16"><span class='ocrx_word' id='word_1_103' title='bbox 174 1158 284 1209; x_wconf 89' lang='lat' dir='ltr'><strong>teratur</strong></span> <span class='ocrx_word' id='word_1_104' title='bbox 297 1147 366 1206; x_wconf 90' lang='lat' dir='ltr'><strong>nihil</strong></span> <span class='ocrx_word' id='word_1_105' title='bbox 379 1165 488 1224; x_wconf 84' lang='lat' dir='ltr'><strong>aeque,</strong></span> <span class='ocrx_word' id='word_1_106' title='bbox 505 1146 654 1224; x_wconf 85' lang='lat' dir='ltr'><strong>quibusvis</strong></span> <span class='ocrx_word' id='word_1_107' title='bbox 670 1144 816 1223; x_wconf 88' lang='lat' dir='ltr'><strong>pellibus</strong></span> <span class='ocrx_word' id='word_1_108' title='bbox 807 1146 973 1206; x_wconf 80' lang='lat' dir='ltr'><strong>inveteratis</strong></span> <span class='ocrx_word' id='word_1_109' title='bbox 988 1146 1159 1205; x_wconf 86' lang='lat' dir='ltr'><strong>calciamen-</strong></span> 
     </span>
     <span class='ocr_line' id='line_1_13' title="bbox 174 1227 1160 1309; baseline -0.004 -18"><span class='ocrx_word' id='word_1_110' title='bbox 174 1234 269 1309; x_wconf 81' lang='lat' dir='ltr'><strong>tisque</strong></span> <span class='ocrx_word' id='word_1_111' title='bbox 284 1231 369 1289; x_wconf 88' lang='lat' dir='ltr'><strong>etiam</strong></span> <span class='ocrx_word' id='word_1_112' title='bbox 385 1229 525 1289; x_wconf 82' lang='lat' dir='ltr'><strong>decoctis.</strong></span> <span class='ocrx_word' id='word_1_113' title='bbox 544 1227 721 1289; x_wconf 84' lang='lat' dir='ltr'><strong>Rhodiacum</strong></span> <span class='ocrx_word' id='word_1_114' title='bbox 733 1228 938 1303; x_wconf 83' lang='lat' dir='ltr'><strong>fidelissimum,</strong></span> <span class='ocrx_word' id='word_1_115' title='bbox 958 1245 1051 1305; x_wconf 90' lang='lat' dir='ltr'><strong>eoque</strong></span> <span class='ocrx_word' id='word_1_116' title='bbox 1067 1230 1160 1305; x_wconf 87' lang='lat' dir='ltr'><strong>picto·</strong></span> 
     </span>
     <span class='ocr_line' id='line_1_14' title="bbox 175 1310 1238 1391; baseline 0.005 -19"><span class='ocrx_word' id='word_1_117' title='bbox 175 1332 223 1372; x_wconf 88' lang='lat' dir='ltr'><strong>res</strong></span> <span class='ocrx_word' id='word_1_118' title='bbox 240 1322 270 1372; x_wconf 87' lang='lat' dir='ltr'><strong>et</strong></span> <span class='ocrx_word' id='word_1_119' title='bbox 281 1312 385 1371; x_wconf 91' lang='lat' dir='ltr'><strong>medici</strong></span> <span class='ocrx_word' id='word_1_120' title='bbox 396 1321 520 1371; x_wconf 89' lang='lat' dir='ltr'><strong>utuntur.</strong></span> <span class='ocrx_word' id='word_1_121' title='bbox 548 1311 577 1371; x_wconf 92' lang='lat' dir='ltr'><strong>id</strong></span> <span class='ocrx_word' id='word_1_122' title='bbox 592 1328 707 1390; x_wconf 84' lang='lat' dir='ltr'><strong>quoquc</strong></span> <span class='ocrx_word' id='word_1_123' title='bbox 721 1328 777 1391; x_wconf 90' lang='lat' dir='ltr'><strong>quo</strong></span> <span class='ocrx_word' id='word_1_124' title='bbox 790 1312 935 1372; x_wconf 90' lang='lat' dir='ltr'><strong>candidius</strong></span> <span class='ocrx_word' id='word_1_125' title='bbox 951 1327 986 1370; x_wconf 89' lang='lat' dir='ltr'><strong>eo</strong></span> <span class='ocrx_word' id='word_1_126' title='bbox 1000 1310 1159 1390; x_wconf 86' lang='lat' dir='ltr'><strong>probatius,</strong></span> <span class='ocrx_word' id='word_1_127' title='bbox 1237 1312 1238 1377; x_wconf 69' lang='lat' dir='ltr'><strong>l</strong></span> 
     </span>
     <span class='ocr_line' id='line_1_15' title="bbox 174 1382 1238 1472; baseline -0.003 -18"><span class='ocrx_word' id='word_1_128' title='bbox 174 1397 286 1472; x_wconf 85' lang='lat' dir='ltr'><strong>nigrum</strong></span> <span class='ocrx_word' id='word_1_129' title='bbox 305 1404 335 1454; x_wconf 88' lang='lat' dir='ltr'><strong>et</strong></span> <span class='ocrx_word' id='word_1_130' title='bbox 349 1396 492 1471; x_wconf 82' lang='lat' dir='ltr'><strong>lignosum</strong></span> <span class='ocrx_word' id='word_1_131' title='bbox 508 1395 665 1455; x_wconf 88' lang='lat' dir='ltr'><strong>damnatur.</strong></span> <span class='ocrx_word' id='word_1_132' title='bbox 1237 1382 1238 1471; x_wconf 76' lang='lat' dir='ltr'><strong>l</strong></span> 
     </span>
    </p>

    <p class='ocr_par' dir='ltr' id='par_1_4' title="bbox 133 1476 1238 1557">
     <span class='ocr_line' id='line_1_16' title="bbox 133 1476 1192 1555; baseline -0.008 -11"><span class='ocrx_word' id='word_1_133' title='bbox 133 1488 183 1544; x_wconf 78' lang='lat'><strong>237</strong></span> <span class='ocrx_word' id='word_1_134' title='bbox 248 1479 331 1555; x_wconf 81' lang='lat'><strong>(72.)</strong></span> <span class='ocrx_word' id='word_1_135' title='bbox 353 1478 513 1537; x_wconf 86' lang='lat' dir='ltr'><strong>Nervorum</strong></span> <span class='ocrx_word' id='word_1_136' title='bbox 528 1478 678 1538; x_wconf 88' lang='lat' dir='ltr'><strong>doloribus</strong></span> <span class='ocrx_word' id='word_1_137' title='bbox 693 1478 787 1537; x_wconf 89' lang='lat' dir='ltr'><strong>limum</strong></span> <span class='ocrx_word' id='word_1_138' title='bbox 803 1479 948 1555; x_wconf 89' lang='lat' dir='ltr'><strong>caprinum</strong></span> <span class='ocrx_word' id='word_1_139' title='bbox 962 1476 1116 1537; x_wconf 87' lang='lat' dir='ltr'><strong>decoctum</strong></span> <span class='ocrx_word' id='word_1_140' title='bbox 1131 1478 1159 1537; x_wconf 90' lang='lat' dir='ltr'><strong>in</strong></span> <span class='ocrx_word' id='word_1_141' title='bbox 1170 1496 1192 1537; x_wconf 72' lang='grc' dir='ltr'><strong>ιι</strong></span> 
     </span>
    </p>

    <p class='ocr_par' dir='ltr' id='par_1_5' title="bbox 98 1559 1238 1889">
     <span class='ocr_line' id='line_1_17' title="bbox 98 1559 1238 1639; baseline -0.001 -17"><span class='ocrx_word' id='word_1_142' title='bbox 98 1572 121 1608; x_wconf 84' lang='grc'><strong>’-</strong></span> <span class='ocrx_word' id='word_1_143' title='bbox 175 1570 259 1622; x_wconf 86' lang='lat' dir='ltr'><strong>aceto</strong></span> <span class='ocrx_word' id='word_1_144' title='bbox 284 1580 348 1621; x_wconf 90' lang='lat' dir='ltr'><strong>cum</strong></span> <span class='ocrx_word' id='word_1_145' title='bbox 366 1561 452 1620; x_wconf 89' lang='lat' dir='ltr'><strong>melle</strong></span> <span class='ocrx_word' id='word_1_146' title='bbox 467 1562 642 1621; x_wconf 86' lang='lat' dir='ltr'><strong>utilissimum</strong></span> <span class='ocrx_word' id='word_1_147' title='bbox 664 1569 763 1639; x_wconf 87' lang='lat' dir='ltr'><strong>putant</strong></span> <span class='ocrx_word' id='word_1_148' title='bbox 786 1559 834 1619; x_wconf 96' lang='lat' dir='ltr'><strong>vel</strong></span> <span class='ocrx_word' id='word_1_149' title='bbox 855 1569 1040 1639; x_wconf 82' lang='lat' dir='ltr'><strong>putrescente</strong></span> <span class='ocrx_word' id='word_1_150' title='bbox 1057 1578 1160 1621; x_wconf 87' lang='lat' dir='ltr'><strong>nervo.</strong></span> <span class='ocrx_word' id='word_1_151' title='bbox 1237 1588 1238 1599; x_wconf 49' lang='grc' dir='ltr'>ι</span> 
     </span>
     <span class='ocr_line' id='line_1_18' title="bbox 175 1644 1160 1723; baseline -0.002 -17"><span class='ocrx_word' id='word_1_152' title='bbox 175 1648 324 1723; x_wconf 84' lang='lat' dir='ltr'><strong>spasmata</strong></span> <span class='ocrx_word' id='word_1_153' title='bbox 345 1655 374 1704; x_wconf 91' lang='lat' dir='ltr'><strong>et</strong></span> <span class='ocrx_word' id='word_1_154' title='bbox 395 1663 535 1722; x_wconf 86' lang='lat' dir='ltr'><strong>percussu</strong></span> <span class='ocrx_word' id='word_1_155' title='bbox 554 1646 652 1705; x_wconf 87' lang='lat' dir='ltr'><strong>vitiata</strong></span> <span class='ocrx_word' id='word_1_156' title='bbox 673 1645 738 1705; x_wconf 87' lang='lat' dir='ltr'><strong>fimo</strong></span> <span class='ocrx_word' id='word_1_157' title='bbox 764 1661 872 1721; x_wconf 86' lang='lat' dir='ltr'><strong>apruno</strong></span> <span class='ocrx_word' id='word_1_158' title='bbox 893 1653 991 1704; x_wconf 87' lang='lat' dir='ltr'><strong>curant</strong></span> <span class='ocrx_word' id='word_1_159' title='bbox 1011 1662 1082 1703; x_wconf 90' lang='lat' dir='ltr'><strong>vere</strong></span> <span class='ocrx_word' id='word_1_160' title='bbox 1099 1644 1160 1705; x_wconf 92' lang='lat' dir='ltr'><strong>col·</strong></span> 
     </span>
     <span class='ocr_line' id='line_1_19' title="bbox 175 1727 1238 1806; baseline -0.002 -17"><span class='ocrx_word' id='word_1_161' title='bbox 175 1730 253 1789; x_wconf 87' lang='lat' dir='ltr'><strong>lecto</strong></span> <span class='ocrx_word' id='word_1_162' title='bbox 273 1737 303 1789; x_wconf 88' lang='lat' dir='ltr'><strong>ct</strong></span> <span class='ocrx_word' id='word_1_163' title='bbox 324 1728 462 1787; x_wconf 82' lang='lat' dir='ltr'><strong>arefacto.</strong></span> <span class='ocrx_word' id='word_1_164' title='bbox 496 1729 540 1787; x_wconf 86' lang='lat' dir='ltr'><strong>sin</strong></span> <span class='ocrx_word' id='word_1_165' title='bbox 561 1737 591 1787; x_wconf 88' lang='lat' dir='ltr'><strong>ct</strong></span> <span class='ocrx_word' id='word_1_166' title='bbox 615 1727 903 1806; x_wconf 21' lang='lat' dir='ltr'><strong>quadrigasyagentis</strong></span> <span class='ocrx_word' id='word_1_167' title='bbox 929 1736 1037 1787; x_wconf 83' lang='lat' dir='ltr'><strong>tructos</strong></span> <span class='ocrx_word' id='word_1_168' title='bbox 1057 1737 1161 1788; x_wconf 87' lang='lat' dir='ltr'><strong>rotuve</strong></span> <span class='ocrx_word' id='word_1_169' title='bbox 1237 1730 1238 1735; x_wconf 75' lang='grc'>’</span> 
     </span>
     <span class='ocr_line' id='line_1_20' title="bbox 174 1806 1238 1889; baseline 0 -20"><span class='ocrx_word' id='word_1_170' title='bbox 174 1812 340 1870; x_wconf 88' lang='lat' dir='ltr'><strong>volneratos</strong></span> <span class='ocrx_word' id='word_1_171' title='bbox 356 1821 385 1870; x_wconf 91' lang='lat' dir='ltr'><strong>et</strong></span> <span class='ocrx_word' id='word_1_172' title='bbox 400 1829 515 1889; x_wconf 86' lang='lat' dir='ltr'><strong>quoquo</strong></span> <span class='ocrx_word' id='word_1_173' title='bbox 531 1811 616 1871; x_wconf 93' lang='lat' dir='ltr'><strong>modo</strong></span> <span class='ocrx_word' id='word_1_174' title='bbox 630 1812 768 1887; x_wconf 89' lang='lat' dir='ltr'><strong>sanguine</strong></span> <span class='ocrx_word' id='word_1_175' title='bbox 784 1820 936 1886; x_wconf 88' lang='lat' dir='ltr'><strong>contunso,</strong></span> <span class='ocrx_word' id='word_1_176' title='bbox 953 1809 999 1869; x_wconf 91' lang='lat' dir='ltr'><strong>vel</strong></span> <span class='ocrx_word' id='word_1_177' title='bbox 1014 1811 1039 1869; x_wconf 90' lang='lat' dir='ltr'><strong>si</strong></span> <span class='ocrx_word' id='word_1_178' title='bbox 1053 1828 1161 1871; x_wconf 89' lang='lat' dir='ltr'><strong>recens</strong></span> <span class='ocrx_word' id='word_1_179' title='bbox 1237 1806 1238 1869; x_wconf 78' lang='lat'><em>3</em></span> 
     </span>
    </p>

    <p class='ocr_par' dir='ltr' id='par_1_6' title="bbox 133 1893 1238 2138">
     <span class='ocr_line' id='line_1_21' title="bbox 133 1893 1193 1972; baseline -0.003 -20"><span class='ocrx_word' id='word_1_180' title='bbox 133 1905 184 1959; x_wconf 78' lang='lat'><strong>238</strong></span> <span class='ocrx_word' id='word_1_181' title='bbox 192 1895 332 1954; x_wconf 88' lang='lat' dir='ltr'><strong>inlinatur.</strong></span> <span class='ocrx_word' id='word_1_182' title='bbox 362 1904 426 1953; x_wconf 92' lang='lat' dir='ltr'><strong>sunt</strong></span> <span class='ocrx_word' id='word_1_183' title='bbox 447 1897 495 1972; x_wconf 84' lang='lat' dir='ltr'><strong>qui</strong></span> <span class='ocrx_word' id='word_1_184' title='bbox 517 1896 663 1953; x_wconf 82' lang='lat' dir='ltr'><strong>incoxisse</strong></span> <span class='ocrx_word' id='word_1_185' title='bbox 681 1903 764 1953; x_wconf 90' lang='lat' dir='ltr'><strong>aceto</strong></span> <span class='ocrx_word' id='word_1_186' title='bbox 785 1893 878 1953; x_wconf 87' lang='lat' dir='ltr'><strong>utilius</strong></span> <span class='ocrx_word' id='word_1_187' title='bbox 898 1901 1004 1971; x_wconf 89' lang='lat' dir='ltr'><strong>putent.</strong></span> <span class='ocrx_word' id='word_1_188' title='bbox 1042 1896 1111 1971; x_wconf 85' lang='lat' dir='ltr'><strong>quin</strong></span> <span class='ocrx_word' id='word_1_189' title='bbox 1133 1904 1193 1955; x_wconf 79' lang='lat' dir='ltr'><strong>etro</strong></span> 
     </span>
     <span class='ocr_line' id='line_1_22' title="bbox 176 1976 1160 2055; baseline 0.002 -20"><span class='ocrx_word' id='word_1_190' title='bbox 176 1978 204 2035; x_wconf 90' lang='lat' dir='ltr'><strong>in</strong></span> <span class='ocrx_word' id='word_1_191' title='bbox 225 1986 293 2055; x_wconf 93' lang='lat' dir='ltr'><strong>potu</strong></span> <span class='ocrx_word' id='word_1_192' title='bbox 308 1976 426 2036; x_wconf 87' lang='lat' dir='ltr'><strong>farinam</strong></span> <span class='ocrx_word' id='word_1_193' title='bbox 441 1995 505 2035; x_wconf 89' lang='lat' dir='ltr'><strong>eam</strong></span> <span class='ocrx_word' id='word_1_194' title='bbox 518 1978 610 2055; x_wconf 87' lang='lat' dir='ltr'><strong>ruptis</strong></span> <span class='ocrx_word' id='word_1_195' title='bbox 626 1976 830 2054; x_wconf 86' lang='lat' dir='ltr'><strong>convolsisque</strong></span> <span class='ocrx_word' id='word_1_196' title='bbox 846 1985 875 2035; x_wconf 91' lang='lat' dir='ltr'><strong>et</strong></span> <span class='ocrx_word' id='word_1_197' title='bbox 891 1977 1002 2035; x_wconf 88' lang='lat' dir='ltr'><strong>eversis</strong></span> <span class='ocrx_word' id='word_1_198' title='bbox 1020 1995 1058 2036; x_wconf 87' lang='lat' dir='ltr'><strong>ex</strong></span> <span class='ocrx_word' id='word_1_199' title='bbox 1072 1988 1160 2037; x_wconf 89' lang='lat' dir='ltr'><strong>aceto</strong></span> 
     </span>
     <span class='ocr_line' id='line_1_23' title="bbox 176 2059 1238 2138; baseline 0.002 -20"><span class='ocrx_word' id='word_1_200' title='bbox 176 2059 330 2118; x_wconf 87' lang='lat' dir='ltr'><strong>salutarem</strong></span> <span class='ocrx_word' id='word_1_201' title='bbox 340 2061 515 2135; x_wconf 89' lang='lat' dir='ltr'><strong>promittunt.</strong></span> <span class='ocrx_word' id='word_1_202' title='bbox 538 2062 754 2119; x_wconf 83' lang='lat' dir='ltr'><strong>reverentiores</strong></span> <span class='ocrx_word' id='word_1_203' title='bbox 770 2061 895 2119; x_wconf 90' lang='lat' dir='ltr'><strong>cinerem</strong></span> <span class='ocrx_word' id='word_1_204' title='bbox 909 2060 971 2119; x_wconf 86' lang='lat' dir='ltr'><strong>eius</strong></span> <span class='ocrx_word' id='word_1_205' title='bbox 981 2077 1019 2118; x_wconf 87' lang='lat' dir='ltr'><strong>ex</strong></span> <span class='ocrx_word' id='word_1_206' title='bbox 1031 2078 1105 2138; x_wconf 84' lang='lat' dir='ltr'><strong>aqua</strong></span> <span class='ocrx_word' id='word_1_207' title='bbox 1118 2061 1161 2120; x_wconf 91' lang='lat' dir='ltr'><strong>bi·</strong></span> <span class='ocrx_word' id='word_1_208' title='bbox 1237 2064 1238 2091; x_wconf 64' lang='lat'>¹</span> 
     </span>
    </p>
   </div>
   <div class='ocr_carea' id='block_1_3' title="bbox 175 2122 1238 2221">
    <p class='ocr_par' dir='ltr' id='par_1_7' title="bbox 175 2122 1238 2221">
     <span class='ocr_line' id='line_1_24' title="bbox 175 2122 1238 2221; baseline 0 -22"><span class='ocrx_word' id='word_1_209' title='bbox 175 2140 261 2216; x_wconf 92' lang='lat' dir='ltr'><strong>bunt,</strong></span> <span class='ocrx_word' id='word_1_210' title='bbox 280 2142 433 2219; x_wconf 81' lang='lat' dir='ltr'><strong>teruntque</strong></span> <span class='ocrx_word' id='word_1_211' title='bbox 450 2152 479 2201; x_wconf 88' lang='lat' dir='ltr'><strong>et</strong></span> <span class='ocrx_word' id='word_1_212' title='bbox 490 2142 637 2202; x_wconf 89' lang='lat' dir='ltr'><strong>Neronem</strong></span> <span class='ocrx_word' id='word_1_213' title='bbox 651 2144 808 2221; x_wconf 83' lang='lat' dir='ltr'><strong>principem</strong></span> <span class='ocrx_word' id='word_1_214' title='bbox 826 2143 880 2202; x_wconf 91' lang='lat' dir='ltr'><strong>bac</strong></span> <span class='ocrx_word' id='word_1_215' title='bbox 896 2145 1014 2221; x_wconf 89' lang='lat' dir='ltr'><strong>potione</strong></span> <span class='ocrx_word' id='word_1_216' title='bbox 1030 2145 1162 2205; x_wconf 87' lang='lat' dir='ltr'><strong>recreari</strong></span> <span class='ocrx_word' id='word_1_217' title='bbox 1237 2122 1238 2199; x_wconf 60' lang='lat' dir='ltr'><strong>l</strong></span> 
     </span>
    </p>
   </div>
   <div class='ocr_carea' id='block_1_4' title="bbox 178 2208 1238 2305">
    <p class='ocr_par' dir='ltr' id='par_1_8' title="bbox 178 2208 1238 2305">
     <span class='ocr_line' id='line_1_25' title="bbox 178 2208 1238 2305; baseline 0.005 -24"><span class='ocrx_word' id='word_1_218' title='bbox 178 2223 306 2300; x_wconf 91' lang='lat' dir='ltr'><strong>solitum,</strong></span> <span class='ocrx_word' id='word_1_219' title='bbox 332 2242 395 2283; x_wconf 91' lang='lat' dir='ltr'><strong>cum</strong></span> <span class='ocrx_word' id='word_1_220' title='bbox 412 2226 455 2282; x_wconf 92' lang='lat' dir='ltr'><strong>sic</strong></span> <span class='ocrx_word' id='word_1_221' title='bbox 469 2242 584 2303; x_wconf 86' lang='lat' dir='ltr'><strong>quoque</strong></span> <span class='ocrx_word' id='word_1_222' title='bbox 599 2244 632 2284; x_wconf 87' lang='lat' dir='ltr'><strong>se</strong></span> <span class='ocrx_word' id='word_1_223' title='bbox 646 2226 762 2301; x_wconf 78' lang='lat' dir='ltr'><strong>trigario</strong></span> <span class='ocrx_word' id='word_1_224' title='bbox 782 2224 943 2302; x_wconf 88' lang='lat' dir='ltr'><strong>adprobare</strong></span> <span class='ocrx_word' id='word_1_225' title='bbox 963 2225 1062 2285; x_wconf 88' lang='lat' dir='ltr'><strong>vellet.</strong></span> <span class='ocrx_word' id='word_1_226' title='bbox 1090 2244 1160 2305; x_wconf 92' lang='lat' dir='ltr'><strong>pro·</strong></span> <span class='ocrx_word' id='word_1_227' title='bbox 1237 2208 1238 2239; x_wconf 56' lang='lat'>¹</span> 
     </span>
    </p>
   </div>
   <div class='ocr_carea' id='block_1_5' title="bbox 133 2306 1238 3361">
    <p class='ocr_par' dir='ltr' id='par_1_9' title="bbox 133 2298 1238 2471">
     <span class='ocr_line' id='line_1_26' title="bbox 175 2306 1193 2385; baseline 0.001 -21"><span class='ocrx_word' id='word_1_228' title='bbox 175 2323 288 2364; x_wconf 77' lang='lat' dir='ltr'><strong>numam</strong></span> <span class='ocrx_word' id='word_1_229' title='bbox 303 2306 387 2365; x_wconf 90' lang='lat' dir='ltr'><strong>suillo</strong></span> <span class='ocrx_word' id='word_1_230' title='bbox 403 2308 468 2365; x_wconf 86' lang='lat' dir='ltr'><strong>[imo</strong></span> <span class='ocrx_word' id='word_1_231' title='bbox 485 2308 541 2365; x_wconf 89' lang='lat' dir='ltr'><strong>vim</strong></span> <span class='ocrx_word' id='word_1_232' title='bbox 554 2316 662 2385; x_wconf 90' lang='lat' dir='ltr'><strong>putant.</strong></span> <span class='ocrx_word' id='word_1_233' title='bbox 1168 2326 1193 2365; x_wconf 80' lang='lat' dir='ltr'><strong>ae</strong></span> 
     </span>
     <span class='ocr_line' id='line_1_27' title="bbox 133 2382 1238 2471; baseline 0.006 -25"><span class='ocrx_word' id='word_1_234' title='bbox 133 2400 184 2454; x_wconf 78' lang='lat'><strong>239</strong></span> <span class='ocrx_word' id='word_1_235' title='bbox 250 2390 298 2451; x_wconf 88' lang='lat'><strong>18.</strong></span> <span class='ocrx_word' id='word_1_236' title='bbox 322 2390 405 2467; x_wconf 84' lang='lat'><strong>(73.)</strong></span> <span class='ocrx_word' id='word_1_237' title='bbox 427 2392 598 2467; x_wconf 89' lang='lat' dir='ltr'><strong>Sanguinem</strong></span> <span class='ocrx_word' id='word_1_238' title='bbox 608 2391 845 2467; x_wconf 83' lang='lat' dir='ltr'><strong>sistit-coagulum</strong></span> <span class='ocrx_word' id='word_1_239' title='bbox 857 2392 1002 2451; x_wconf 88' lang='lat' dir='ltr'><strong>cervinam</strong></span> <span class='ocrx_word' id='word_1_240' title='bbox 1014 2410 1052 2451; x_wconf 89' lang='lat' dir='ltr'><strong>ex</strong></span> <span class='ocrx_word' id='word_1_241' title='bbox 1062 2402 1161 2471; x_wconf 89' lang='lat' dir='ltr'><strong>aceto,</strong></span> <span class='ocrx_word' id='word_1_242' title='bbox 1237 2382 1238 2391; x_wconf 38' lang='lat'>¹</span> 
     </span>
    </p>

    <p class='ocr_par' dir='ltr' id='par_1_10' title="bbox 177 2472 1218 2553">
     <span class='ocr_line' id='line_1_28' title="bbox 177 2472 1218 2553; baseline 0.01 -22"><span class='ocrx_word' id='word_1_243' title='bbox 177 2474 244 2531; x_wconf 88' lang='lat' dir='ltr'><strong>item</strong></span> <span class='ocrx_word' id='word_1_244' title='bbox 268 2472 395 2550; x_wconf 88' lang='lat' dir='ltr'><strong>leporis,</strong></span> <span class='ocrx_word' id='word_1_245' title='bbox 419 2473 501 2532; x_wconf 84' lang='lat' dir='ltr'><strong>buius</strong></span> <span class='ocrx_word' id='word_1_246' title='bbox 523 2474 637 2551; x_wconf 82' lang='lat' dir='ltr'><strong>quidem</strong></span> <span class='ocrx_word' id='word_1_247' title='bbox 658 2484 686 2533; x_wconf 88' lang='lat' dir='ltr'><strong>et</strong></span> <span class='ocrx_word' id='word_1_248' title='bbox 713 2474 835 2553; x_wconf 90' lang='lat' dir='ltr'><strong>pilorum</strong></span> <span class='ocrx_word' id='word_1_249' title='bbox 856 2476 943 2551; x_wconf 88' lang='lat' dir='ltr'><strong>cinis,</strong></span> <span class='ocrx_word' id='word_1_250' title='bbox 966 2476 1032 2534; x_wconf 93' lang='lat' dir='ltr'><strong>item</strong></span> <span class='ocrx_word' id='word_1_251' title='bbox 1055 2477 1161 2539; x_wconf 88' lang='lat' dir='ltr'><strong>elimo</strong></span> <span class='ocrx_word' id='word_1_252' title='bbox 1215 2536 1218 2541; x_wconf 91' lang='lat'>.</span> 
     </span>
    </p>

    <p class='ocr_par' dir='ltr' id='par_1_11' title="bbox 173 2556 1238 2620">
     <span class='ocr_line' id='line_1_29' title="bbox 173 2556 1238 2620; baseline 0.002 -5"><span class='ocrx_word' id='word_1_253' title='bbox 173 2556 246 2615; x_wconf 91' lang='lat' dir='ltr'><strong>asini</strong></span> <span class='ocrx_word' id='word_1_254' title='bbox 262 2558 332 2615; x_wconf 90' lang='lat' dir='ltr'><strong>cinis</strong></span> <span class='ocrx_word' id='word_1_255' title='bbox 347 2556 452 2617; x_wconf 87' lang='lat' dir='ltr'><strong>inlitus.</strong></span> <span class='ocrx_word' id='word_1_256' title='bbox 482 2557 630 2616; x_wconf 86' lang='lat' dir='ltr'><strong>efficacior</strong></span> <span class='ocrx_word' id='word_1_257' title='bbox 649 2560 694 2617; x_wconf 89' lang='lat' dir='ltr'><strong>vis</strong></span> <span class='ocrx_word' id='word_1_258' title='bbox 713 2557 867 2617; x_wconf 88' lang='lat' dir='ltr'><strong>emaribas</strong></span> <span class='ocrx_word' id='word_1_259' title='bbox 887 2566 971 2617; x_wconf 89' lang='lat' dir='ltr'><strong>aceto</strong></span> <span class='ocrx_word' id='word_1_260' title='bbox 987 2558 1112 2619; x_wconf 81' lang='lat' dir='ltr'><strong>admixto</strong></span> <span class='ocrx_word' id='word_1_261' title='bbox 1132 2569 1162 2620; x_wconf 88' lang='lat' dir='ltr'><strong>et</strong></span> <span class='ocrx_word' id='word_1_262' title='bbox 1237 2610 1238 2617; x_wconf 72' lang='grc'>,</span> 
     </span>
    </p>

    <p class='ocr_par' dir='ltr' id='par_1_12' title="bbox 174 2638 1160 2719">
     <span class='ocr_line' id='line_1_30' title="bbox 174 2638 1160 2719; baseline 0.007 -23"><span class='ocrx_word' id='word_1_263' title='bbox 174 2640 203 2696; x_wconf 93' lang='lat' dir='ltr'><strong>in</strong></span> <span class='ocrx_word' id='word_1_264' title='bbox 217 2640 281 2699; x_wconf 89' lang='lat' dir='ltr'><strong>lana</strong></span> <span class='ocrx_word' id='word_1_265' title='bbox 301 2638 337 2697; x_wconf 89' lang='lat' dir='ltr'><strong>ad</strong></span> <span class='ocrx_word' id='word_1_266' title='bbox 352 2656 435 2697; x_wconf 90' lang='lat' dir='ltr'><strong>omne</strong></span> <span class='ocrx_word' id='word_1_267' title='bbox 450 2640 618 2718; x_wconf 89' lang='lat' dir='ltr'><strong>prolluvium</strong></span> <span class='ocrx_word' id='word_1_268' title='bbox 635 2641 774 2717; x_wconf 85' lang='lat' dir='ltr'><strong>inposito,</strong></span> <span class='ocrx_word' id='word_1_269' title='bbox 792 2641 920 2700; x_wconf 88' lang='lat' dir='ltr'><strong>similiter</strong></span> <span class='ocrx_word' id='word_1_270' title='bbox 935 2660 972 2699; x_wconf 84' lang='lat' dir='ltr'><strong>ex</strong></span> <span class='ocrx_word' id='word_1_271' title='bbox 987 2644 1093 2719; x_wconf 87' lang='lat' dir='ltr'><strong>equino</strong></span> <span class='ocrx_word' id='word_1_272' title='bbox 1112 2661 1160 2703; x_wconf 89' lang='lat' dir='ltr'><strong>oa·</strong></span> 
     </span>
    </p>

    <p class='ocr_par' dir='ltr' id='par_1_13' title="bbox 133 2722 1193 2882">
     <span class='ocr_line' id='line_1_31' title="bbox 174 2722 1193 2800; baseline 0.001 -20"><span class='ocrx_word' id='word_1_273' title='bbox 174 2723 235 2799; x_wconf 90' lang='lat' dir='ltr'><strong>pite</strong></span> <span class='ocrx_word' id='word_1_274' title='bbox 249 2731 278 2781; x_wconf 89' lang='lat' dir='ltr'><strong>et</strong></span> <span class='ocrx_word' id='word_1_275' title='bbox 290 2722 396 2781; x_wconf 85' lang='lat' dir='ltr'><strong>lemine</strong></span> <span class='ocrx_word' id='word_1_276' title='bbox 414 2733 460 2782; x_wconf 89' lang='lat' dir='ltr'><strong>aut</strong></span> <span class='ocrx_word' id='word_1_277' title='bbox 474 2724 530 2782; x_wconf 85' lang='lat' dir='ltr'><strong>limi</strong></span> <span class='ocrx_word' id='word_1_278' title='bbox 550 2724 702 2784; x_wconf 88' lang='lat' dir='ltr'><strong>vitulorum</strong></span> <span class='ocrx_word' id='word_1_279' title='bbox 720 2724 790 2783; x_wconf 89' lang='lat' dir='ltr'><strong>cinis</strong></span> <span class='ocrx_word' id='word_1_280' title='bbox 807 2724 901 2783; x_wconf 90' lang='lat' dir='ltr'><strong>inlitus</strong></span> <span class='ocrx_word' id='word_1_281' title='bbox 916 2742 954 2783; x_wconf 85' lang='lat' dir='ltr'><strong>ex</strong></span> <span class='ocrx_word' id='word_1_282' title='bbox 970 2733 1070 2800; x_wconf 89' lang='lat' dir='ltr'><strong>aceto,</strong></span> <span class='ocrx_word' id='word_1_283' title='bbox 1092 2728 1193 2785; x_wconf 86' lang='lat' dir='ltr'><strong>itemao</strong></span> 
     </span>
     <span class='ocr_line' id='line_1_32' title="bbox 133 2806 1160 2882; baseline 0.002 -15"><span class='ocrx_word' id='word_1_284' title='bbox 133 2813 185 2867; x_wconf 74' lang='lat' dir='ltr'><strong>ato</strong></span> <span class='ocrx_word' id='word_1_285' title='bbox 197 2806 305 2882; x_wconf 89' lang='lat' dir='ltr'><strong>caprini</strong></span> <span class='ocrx_word' id='word_1_286' title='bbox 319 2822 421 2864; x_wconf 88' lang='lat' dir='ltr'><strong>cornus</strong></span> <span class='ocrx_word' id='word_1_287' title='bbox 434 2806 482 2865; x_wconf 91' lang='lat' dir='ltr'><strong>vel</strong></span> <span class='ocrx_word' id='word_1_288' title='bbox 497 2807 554 2865; x_wconf 90' lang='lat' dir='ltr'><strong>limi</strong></span> <span class='ocrx_word' id='word_1_289' title='bbox 569 2825 607 2866; x_wconf 85' lang='lat' dir='ltr'><strong>ex</strong></span> <span class='ocrx_word' id='word_1_290' title='bbox 621 2816 716 2866; x_wconf 89' lang='lat' dir='ltr'><strong>aceto.</strong></span> <span class='ocrx_word' id='word_1_291' title='bbox 746 2807 846 2867; x_wconf 89' lang='lat' dir='ltr'><strong>hircini</strong></span> <span class='ocrx_word' id='word_1_292' title='bbox 861 2825 932 2868; x_wconf 88' lang='lat' dir='ltr'><strong>vero</strong></span> <span class='ocrx_word' id='word_1_293' title='bbox 951 2809 1087 2867; x_wconf 87' lang='lat' dir='ltr'><strong>iocineris</strong></span> <span class='ocrx_word' id='word_1_294' title='bbox 1103 2809 1160 2869; x_wconf 86' lang='lat' dir='ltr'><strong>dis·</strong></span> 
     </span>
    </p>

    <p class='ocr_par' dir='ltr' id='par_1_14' title="bbox 175 2888 1161 2968">
     <span class='ocr_line' id='line_1_33' title="bbox 175 2888 1161 2968; baseline 0.006 -22"><span class='ocrx_word' id='word_1_295' title='bbox 175 2888 249 2946; x_wconf 86' lang='lat' dir='ltr'><strong>secti</strong></span> <span class='ocrx_word' id='word_1_296' title='bbox 263 2890 358 2948; x_wconf 88' lang='lat' dir='ltr'><strong>sanies</strong></span> <span class='ocrx_word' id='word_1_297' title='bbox 373 2889 538 2964; x_wconf 82' lang='lat' dir='ltr'><strong>efficacior,</strong></span> <span class='ocrx_word' id='word_1_298' title='bbox 560 2898 590 2949; x_wconf 91' lang='lat' dir='ltr'><strong>ct</strong></span> <span class='ocrx_word' id='word_1_299' title='bbox 611 2891 683 2949; x_wconf 89' lang='lat' dir='ltr'><strong>cinis</strong></span> <span class='ocrx_word' id='word_1_300' title='bbox 697 2890 844 2968; x_wconf 85' lang='lat' dir='ltr'><strong>utriusque</strong></span> <span class='ocrx_word' id='word_1_301' title='bbox 868 2907 906 2949; x_wconf 87' lang='lat' dir='ltr'><strong>ex</strong></span> <span class='ocrx_word' id='word_1_302' title='bbox 925 2890 991 2949; x_wconf 86' lang='lat' dir='ltr'><strong>vino</strong></span> <span class='ocrx_word' id='word_1_303' title='bbox 1007 2899 1094 2968; x_wconf 88' lang='lat' dir='ltr'><strong>potus</strong></span> <span class='ocrx_word' id='word_1_304' title='bbox 1112 2892 1161 2952; x_wconf 88' lang='lat' dir='ltr'><strong>vel</strong></span> 
     </span>
    </p>

    <p class='ocr_par' dir='ltr' id='par_1_15' title="bbox 174 2969 1159 3051">
     <span class='ocr_line' id='line_1_34' title="bbox 174 2969 1159 3051; baseline 0.008 -24"><span class='ocrx_word' id='word_1_305' title='bbox 174 2969 289 3029; x_wconf 86' lang='lat' dir='ltr'><strong>naribus</strong></span> <span class='ocrx_word' id='word_1_306' title='bbox 306 2988 343 3030; x_wconf 86' lang='lat' dir='ltr'><strong>cx</strong></span> <span class='ocrx_word' id='word_1_307' title='bbox 358 2982 441 3031; x_wconf 89' lang='lat' dir='ltr'><strong>aceto</strong></span> <span class='ocrx_word' id='word_1_308' title='bbox 458 2972 571 3048; x_wconf 88' lang='lat' dir='ltr'><strong>inlitus,</strong></span> <span class='ocrx_word' id='word_1_309' title='bbox 586 2973 687 3033; x_wconf 88' lang='lat' dir='ltr'><strong>hircini</strong></span> <span class='ocrx_word' id='word_1_310' title='bbox 703 2989 817 3051; x_wconf 83' lang='lat' dir='ltr'><strong>quoque</strong></span> <span class='ocrx_word' id='word_1_311' title='bbox 834 2974 915 3049; x_wconf 90' lang='lat' dir='ltr'><strong>utris,</strong></span> <span class='ocrx_word' id='word_1_312' title='bbox 931 2973 1030 3031; x_wconf 87' lang='lat' dir='ltr'><strong>vinarii</strong></span> <span class='ocrx_word' id='word_1_313' title='bbox 1049 2973 1159 3035; x_wconf 83' lang='lat' dir='ltr'><strong>dumta-</strong></span> 
     </span>
    </p>

    <p class='ocr_par' dir='ltr' id='par_1_16' title="bbox 174 3054 1159 3134">
     <span class='ocr_line' id='line_1_35' title="bbox 174 3054 1159 3134; baseline 0.006 -23"><span class='ocrx_word' id='word_1_314' title='bbox 174 3062 233 3127; x_wconf 82' lang='lat' dir='ltr'><strong>xat,</strong></span> <span class='ocrx_word' id='word_1_315' title='bbox 245 3054 316 3112; x_wconf 87' lang='lat' dir='ltr'><strong>cinis</strong></span> <span class='ocrx_word' id='word_1_316' title='bbox 329 3073 391 3113; x_wconf 91' lang='lat' dir='ltr'><strong>cnm</strong></span> <span class='ocrx_word' id='word_1_317' title='bbox 406 3056 468 3133; x_wconf 87' lang='lat' dir='ltr'><strong>pari</strong></span> <span class='ocrx_word' id='word_1_318' title='bbox 482 3054 611 3134; x_wconf 88' lang='lat' dir='ltr'><strong>pondere</strong></span> <span class='ocrx_word' id='word_1_319' title='bbox 626 3057 749 3131; x_wconf 82' lang='lat' dir='ltr'><strong>resinae,</strong></span> <span class='ocrx_word' id='word_1_320' title='bbox 765 3072 822 3132; x_wconf 85' lang='lat' dir='ltr'><strong>quo</strong></span> <span class='ocrx_word' id='word_1_321' title='bbox 844 3074 955 3131; x_wconf 80' lang='lat' dir='ltr'><strong>genere</strong></span> <span class='ocrx_word' id='word_1_322' title='bbox 971 3057 1080 3117; x_wconf 85' lang='lat' dir='ltr'><strong>sistitur</strong></span> <span class='ocrx_word' id='word_1_323' title='bbox 1096 3076 1159 3119; x_wconf 84' lang='lat' dir='ltr'><strong>san·</strong></span> 
     </span>
    </p>

    <p class='ocr_par' dir='ltr' id='par_1_17' title="bbox 175 3136 1192 3237">
     <span class='ocr_line' id='line_1_36' title="bbox 175 3136 1192 3237; baseline 0.01 -45"><span class='ocrx_word' id='word_1_324' title='bbox 175 3136 238 3213; x_wconf 88' lang='lat' dir='ltr'><strong>guis</strong></span> <span class='ocrx_word' id='word_1_325' title='bbox 263 3145 293 3195; x_wconf 89' lang='lat' dir='ltr'><strong>et</strong></span> <span class='ocrx_word' id='word_1_326' title='bbox 310 3137 412 3197; x_wconf 90' lang='lat' dir='ltr'><strong>volnus</strong></span> <span class='ocrx_word' id='word_1_327' title='bbox 435 3138 599 3214; x_wconf 85' lang='lat' dir='ltr'><strong>glutinatur.</strong></span> <span class='ocrx_word' id='word_1_328' title='bbox 631 3138 781 3197; x_wconf 89' lang='lat' dir='ltr'><strong>haedinum</strong></span> <span class='ocrx_word' id='word_1_329' title='bbox 802 3156 917 3237; x_wconf 82' lang='lat' dir='ltr'><strong>quoque</strong></span> <span class='ocrx_word' id='word_1_330' title='bbox 940 3140 1095 3215; x_wconf 82' lang='lat' dir='ltr'><strong>coagulum</strong></span> <span class='ocrx_word' id='word_1_331' title='bbox 1122 3153 1192 3201; x_wconf 67' lang='lat' dir='ltr'><strong>exto</strong></span> 
     </span>
    </p>

    <p class='ocr_par' dir='ltr' id='par_1_18' title="bbox 174 3219 1159 3359">
     <span class='ocr_line' id='line_1_37' title="bbox 174 3219 1159 3359; baseline 0.004 -80"><span class='ocrx_word' id='word_1_332' title='bbox 174 3227 258 3359; x_wconf 61' lang='lat' dir='ltr'><strong>wbm</strong></span> <span class='ocrx_word' id='word_1_333' title='bbox 282 3227 311 3278; x_wconf 90' lang='lat' dir='ltr'><strong>et</strong></span> <span class='ocrx_word' id='word_1_334' title='bbox 333 3220 465 3280; x_wconf 84' lang='lat' dir='ltr'><strong>feminum</strong></span> <span class='ocrx_word' id='word_1_335' title='bbox 487 3222 548 3281; x_wconf 89' lang='lat' dir='ltr'><strong>eius</strong></span> <span class='ocrx_word' id='word_1_336' title='bbox 570 3219 781 3280; x_wconf 88' lang='lat' dir='ltr'><strong>combustorum</strong></span> <span class='ocrx_word' id='word_1_337' title='bbox 801 3223 872 3281; x_wconf 88' lang='lat' dir='ltr'><strong>cinis</strong></span> <span class='ocrx_word' id='word_1_338' title='bbox 894 3222 1024 3283; x_wconf 88' lang='lat' dir='ltr'><strong>similiter</strong></span> <span class='ocrx_word' id='word_1_339' title='bbox 1045 3224 1159 3303; x_wconf 87' lang='lat' dir='ltr'><strong>pollere</strong></span> 
     </span>
    </p>

    <p class='ocr_par' dir='ltr' id='par_1_19' title="bbox 174 3310 328 3361">
     <span class='ocr_line' id='line_1_38' title="bbox 174 3310 328 3361; baseline 0.007 -2"><span class='ocrx_word' id='word_1_340' title='bbox 174 3310 217 3360; x_wconf 89' lang='lat' dir='ltr'><strong>tra</strong></span> <span class='ocrx_word' id='word_1_341' title='bbox 238 3311 328 3361; x_wconf 89' lang='lat' dir='ltr'><strong>untur.</strong></span> 
     </span>
    </p>
   </div>
   <div class='ocr_carea' id='block_1_6' title="bbox 133 3381 1156 3467">
    <p class='ocr_par' dir='ltr' id='par_1_20' title="bbox 133 3381 1156 3467">
     <span class='ocr_line' id='line_1_39' title="bbox 133 3381 1156 3467; baseline 0.006 -21"><span class='ocrx_word' id='word_1_342' title='bbox 133 3393 182 3446; x_wconf 73' lang='lat'><strong>241</strong></span> <span class='ocrx_word' id='word_1_343' title='bbox 247 3381 329 3465; x_wconf 85' lang='grc'>(74.)</span> <span class='ocrx_word' id='word_1_344' title='bbox 350 3386 457 3448; x_wconf 87' lang='lat' dir='ltr'><strong>Ulcera</strong></span> <span class='ocrx_word' id='word_1_345' title='bbox 469 3388 572 3448; x_wconf 86' lang='lat' dir='ltr'><strong>sanat&#39;</strong></span> <span class='ocrx_word' id='word_1_346' title='bbox 563 3405 592 3446; x_wconf 89' lang='grc' dir='ltr'><strong>ιιι</strong></span> <span class='ocrx_word' id='word_1_347' title='bbox 602 3385 679 3447; x_wconf 91' lang='lat' dir='ltr'><strong>tibiis</strong></span> <span class='ocrx_word' id='word_1_348' title='bbox 691 3384 877 3467; x_wconf 87' lang='lat' dir='ltr'><strong>cruribusque</strong></span> <span class='ocrx_word' id='word_1_349' title='bbox 889 3386 971 3467; x_wconf 90' lang='lat' dir='ltr'><strong>adips</strong></span> <span class='ocrx_word' id='word_1_350' title='bbox 982 3390 1096 3451; x_wconf 84' lang='lat' dir='ltr'><strong>ursinus</strong></span> <span class='ocrx_word' id='word_1_351' title='bbox 1106 3389 1156 3452; x_wconf 84' lang='lat' dir='ltr'><strong>ad·</strong></span> 
     </span>
    </p>
   </div>
   <div class='ocr_carea' id='block_1_7' title="bbox 0 0 1246 3817">
    <p class='ocr_par' dir='ltr' id='par_1_21' title="bbox 0 0 1246 3817">
     <span class='ocr_line' id='line_1_40' title="bbox 0 0 1246 3817; baseline 0 0"><span class='ocrx_word' id='word_1_352' title='bbox 0 0 1246 3817; x_wconf 95' lang='lat' dir='ltr'><strong> </strong></span> 
     </span>
    </p>
   </div>
  </div>
 </body>
</html>
