2484 3817
166 148 227 209 too
362 118 365 125 ¹
496 159 828 215 ,c.rnnu1sncunn1

164 322 285 393 porum,
307 313 346 373 ob
369 313 426 374 hoc
447 313 553 375 talibus
576 313 742 394 emplastris
762 313 999 394 malagmatisque
1018 318 1176 380 miscetur.

163 397 285 457 renibus
306 415 424 477 quoque
440 406 471 459 et
488 397 591 458 lumbis
615 401 646 458 in
661 399 764 460 dolore
780 417 843 459 eum
858 399 942 476 adipe
958 402 1030 461 mire
1048 403 1179 479 prodest

163 482 331 559 inpositum.
344 486 348 495 “
361 483 457 542 aufert
472 491 503 542 et
522 482 653 543 lichenas
669 484 754 543 faciei
769 501 833 543 curn
847 483 1006 543 terebinthi
1025 488 1134 546 resina
1151 499 1179 548 et

163 565 263 644 lepras
274 565 393 644 harpax.
419 568 459 626 ita
470 575 620 627 vocatura
634 567 786 628 celeritate
798 567 957 645 prendendi
966 611 974 641 ,
989 569 1082 628 avelli
1099 575 1178 631 enim

121 657 172 713 177
181 649 304 710 subinde
317 650 416 710 debet.
446 651 569 729 prodest
583 661 614 711 et
628 653 796 730 suspiriosis
812 651 912 727 linctu,
928 652 1088 728 purulenta
1107 675 1199 734 quo-s

163 751 220 811 que
240 735 470 794 extussientibus
497 744 528 795 et
548 745 650 796 contra
674 737 859 814 scorpionum
879 737 963 794 ictus.
1009 737 1178 816 vitiligines

162 818 260 877 vivom
280 821 359 878 nitro
382 821 501 878 mixtum
523 828 610 897 atque
634 837 672 878 ex
691 827 775 879 aceto
793 821 889 878 tritum
905 827 935 879 et
951 819 1068 880 inlitum
1086 825 1178 900 tollit,

162 902 233 961 item
261 901 381 978 lendes,
406 911 437 962 et
458 905 488 961 in
509 903 658 981 palpebris
680 912 764 963 aceto
791 902 977 962 sandaracato
1003 905 1177 968 admixtum.

161 982 260 1045 llabet
278 994 308 1045 et
331 988 360 1045 in
380 986 574 1062 religionibus
589 987 684 1046 locum
709 988 743 1047 ad
762 986 918 1065 expiandas
937 987 1036 1047 suffitu
1058 989 1177 1053 domos.

162 1070 288 1129 sentitur
304 1070 348 1127 vis
366 1071 430 1128 eins
446 1078 477 1128 et
499 1071 528 1127 in
544 1073 625 1147 aquis
638 1071 849 1148 ferventibus,
873 1089 968 1148 neque
990 1071 1050 1131 alia
1068 1093 1123 1134 res
1140 1079 1177 1136 fa·
1186 1097 1202 1134 77

162 1151 247 1211 cilius
263 1151 446 1227 accenditur,
463 1170 522 1230 quo
535 1152 657 1231 adparet
672 1156 781 1230 ignium
797 1155 854 1212 vim
869 1171 999 1230 magnam
1014 1157 1044 1215 ei
1062 1159 1177 1221 inesse.

161 1235 299 1314 fulmina,
322 1238 437 1310 fulgura
462 1238 581 1315 quoque'
604 1240 730 1316 sulpuris
757 1239 877 1298 odorem
902 1240 1028 1318 hahent,
1068 1261 1107 1302 ac
1131 1245 1178 1304 lux

161 1320 226 1395 ipsa
243 1333 345 1376 eorum
361 1317 499 1395 sulpurea
514 1317 580 1376 est'

121 1412 172 1465 178
232 1396 311 1480 (51.)
330 1398 528 1461 brittannis
546 1403 640 1462 vicina
655 1411 755 1462 natura
773 1410 836 1480 est,
851 1403 938 1463 aliubi
957 1403 1064 1484 limus,
1086 1409 1176 1470 aliubi

119 1491 268 1562 araterra,
285 1483 368 1544 limus
384 1486 537 1546 eludaeae
554 1486 634 1563 lacu,
650 1494 682 1545 ut
696 1486 836 1563 diximus,
853 1506 1026 1566 emergens,
1045 1500 1134 1554 terra
1149 1499 1199 1554 ina

46 1562 49 1567 “
151 1566 245 1643 ¹Syria
267 1571 344 1628 circa
366 1568 503 1628 Sidonem
525 1571 661 1649 oppidum
683 1573 862 1630 maritimum.
908 1575 1079 1649 spissantur
1103 1578 1175 1638 haec

161 1661 284 1730 utraque
300 1661 330 1712 et
344 1655 374 1712 in
390 1653 563 1714 densitatem
577 1663 693 1715 coeunt.
721 1663 767 1714 est
782 1673 854 1715 vero
870 1656 1008 1734 liquidum
1026 1658 1174 1736 bitumen,
1221 1723 1222 1736 ,

161 1736 235 1794 sicut
250 1735 437 1813 Zacynthium
460 1746 490 1796 et
507 1739 615 1815 quoda
631 1739 781 1815 Babylone
803 1739 957 1800 invehitur.
993 1741 1035 1800 ibi
1054 1747 1175 1822 quidem
1221 1753 1222 1758 ’

161 1826 192 1877 71
207 1820 354 1880 candidum
370 1822 507 1897 gignitur.
538 1822 676 1901 liquidum
692 1831 737 1881 est
759 1832 788 1882 et
804 1823 1075 1903 Apolloniaticum,
1099 1849 1174 1908 quae

161 1907 255 1963 omnia
270 1903 373 1964 Graeci
398 1905 612 1983 pissasphalton
634 1907 782 1984 appellant
801 1925 839 1966 ex
854 1917 1027 1983 argumento
1044 1914 1127 1988 picis
1144 1934 1199 1974 aon

119 1986 332 2050 lilibitaminis.
373 1989 503 2064 gignitur
530 1998 560 2049 et
584 1991 692 2067 pingue
718 1989 834 2067 oleique
859 1990 980 2068 liquoris
1003 1994 1034 2052 in
1058 1996 1173 2074 Sicilia,

160 2070 363 2148 Agragantino
385 2073 484 2149 fonte,
505 2075 637 2132 inficiens
659 2075 761 2134 rivom.
792 2075 905 2134 incolae
924 2074 952 2134 id
976 2075 1175 2141 harundinum

159 2154 302 2235 paniculis
319 2155 460 2232 colligunt
478 2159 618 2216 citissime
632 2158 674 2216 sic
688 2157 919 2233 adhaerescens,
935 2167 1122 2242 utunturque
1138 2185 1174 2225 eo
1221 2175 1222 2188 ¹

161 2237 196 2296 ad
209 2237 389 2298 lucernarum
397 2239 500 2300 lumina
517 2241 575 2300 olei
591 2243 667 2317 vice,
682 2243 751 2300 item
766 2241 893 2301 scabiem
908 2241 943 2300 ad
958 2244 1173 2308 iumentorum.

118 2341 179 2383 7777
189 2321 262 2380 Sunt
273 2324 320 2399 qui
338 2331 367 2381 et
378 2324 548 2400 naphtham,
564 2324 600 2384 de
615 2343 670 2402 qua
685 2325 853 2385 insecundo
867 2325 988 2384 diximus
1004 2329 1174 2409 volumine,
1183 2356 1201 2392 77
1221 2393 1222 2400 ,

161 2406 308 2466 bituminis
323 2409 481 2482 generibus
499 2405 681 2484 adscribant,
699 2428 797 2468 verum
814 2411 876 2468 eius
894 2409 999 2468 ardens
1016 2423 1129 2476 natura
1147 2427 1175 2477 et
1221 2407 1222 2498 7

118 2491 283 2567 180ignium
306 2501 428 2567 cognata
449 2491 554 2570 procul
574 2492 609 2550 ah
627 2495 701 2552 omni
720 2511 773 2552 usu
794 2492 887 2552 ahest.
922 2492 1080 2556 Bituminis
1104 2519 1175 2579 pro·
1221 2513 1222 2594 7

136 2608 141 2628 r
159 2574 239 2634 batic
254 2581 382 2651 utquam
396 2592 525 2634 maxume
542 2575 696 2652 splendeat
713 2578 808 2652 sitque
826 2578 1042 2656 ponderosum,
1064 2601 1175 2662 grave,
1221 2597 1222 2624 ³

72 2678 76 2689 *
158 2658 228 2719 leve
243 2667 338 2719 antem
352 2659 481 2727 modice,
500 2661 635 2734 quoniam
653 2659 829 2718 adulteratur
844 2662 918 2737 pice.
947 2663 992 2718 vis
1011 2681 1095 2740 quae
1116 2671 1175 2728 sul·

159 2743 241 2822 puri,
257 2743 345 2819 sistit,
361 2743 489 2819 discutit,
508 2742 665 2818 contrahit,
680 2743 810 2818 glutinat.
842 2746 988 2821 serpentis
1007 2764 1201 2812 accensumu

159 2823 264 2885 nidore
282 2827 371 2903 fugat.
404 2826 439 2885 ad
455 2825 641 2884 subfusiones
658 2825 805 2885 oculorum
821 2836 851 2886 71
866 2828 1020 2904 albugines
1037 2830 1174 2913 Babylo-

159 2911 236 2968 nium
252 2910 358 2970 efficax
380 2908 516 2985 traditur,
540 2909 609 2968 item
632 2907 665 2966 ad
683 2908 797 2987 lepras,
820 2910 948 2970 lichenas
972 2917 1173 2998 pruritusque

159 3010 326 3071 corporum.
356 2993 486 3052 inlinitur
507 2999 538 3051 et
558 2992 712 3071 podagris,
736 2995 829 3053 omnia
849 3004 943 3054 autem
963 2997 1028 3056 eius
1050 3019 1175 3076 genera

158 3075 357 3136 incommodos
389 3077 537 3135 oculorum
564 3076 640 3154 pilos
670 3076 831 3154 replicant,
855 3077 982 3148 dentium
1007 3080 1174 3148 doloribus

73 3184 86 3217 7
117 3171 168 3224 181
179 3158 331 3218 medentur
349 3159 430 3218 simul
455 3161 532 3218 nitro
556 3160 647 3218 inlito.
679 3163 780 3219 tussim
800 3169 932 3222 veterem
958 3172 988 3222 et
1016 3167 1203 3233 anhelitusis

109 3245 113 3250 ’
161 3259 223 3301 cum
242 3243 310 3300 vino
330 3251 429 3319 potum
449 3242 498 3317 **,
520 3243 702 3318 dysintericis
729 3247 813 3304 etiam
839 3244 921 3304 datur
942 3247 1050 3309 eodem
1077 3257 1174 3316 modo

160 3325 295 3400 sistitque
317 3325 420 3386 alvom.
450 3343 513 3384 cum
536 3333 620 3385 aceto
644 3346 716 3386 vero
738 3336 836 3404 potum
853 3327 970 3389 discutit
988 3349 1175 3400 concretum

160 3409 327 3482 sanguinem
341 3427 375 3468 ac
389 3407 533 3467 detrahit'
553 3411 665 3486 mitigat
680 3411 839 3471 lumborum
854 3412 991 3490 dolores,
1001 3418 1078 3479 item
1092 3427 1175 3484 arti-
