2484 3817
51 227 55 232 ,
111 206 115 213 .
151 151 212 214 138
497 129 817 208 o.ru1n1sucnno1
856 205 858 214 ,

32 361 35 366 -
148 317 321 380 cicatricem.
355 313 463 377 luxatis
488 329 606 392 qnoque
634 329 698 372 cnm
722 310 830 389 liquida
856 312 955 374 resina
977 321 1027 374 aut
1057 311 1146 391 adipe

148 399 235 462 suillo
250 416 289 459 ex
306 397 393 459 melle
408 398 556 471 medetur,
572 395 675 457 eadem
691 397 896 473 conpositione
911 405 942 456 et
956 397 1084 459 strumis.

106 496 156 552 181
202 480 312 562 '(58.)
335 480 441 542 llaltha
468 500 485 542 e
510 480 594 541 calce
614 480 647 539 lit
665 480 785 540 receuti.
820 478 926 555 glaeba
947 483 1015 541 vino
1036 482 1145 552 restiu—
1227 511 1228 524 κ

147 568 263 646 guitur,
283 583 352 626 mox
373 565 499 625 tunditur
520 582 583 625 cum
600 564 686 641 adipe
704 561 790 623 suillo
804 572 837 622 ct
857 564 929 641 lico,
951 563 1056 642 duplici
1070 564 1145 625 leni·

146 659 263 728 mento,
286 667 361 728 quae
381 668 431 709 res
447 649 570 710 omnium
585 648 768 708 tenacissima
783 655 814 706 et
830 645 962 709 duritiam
974 647 1077 727 lapidis
1094 666 1169 710 ran-s

148 734 297 795 tecetlenr.
332 733 409 810 quod
423 732 575 792 malthatur
589 732 658 792 oleo
676 731 850 809 perfricatur
866 741 944 793 ante.

106 831 157 886 182
233 818 316 896 (59.)
332 815 463 894 Cognata
477 815 548 877 calci
564 835 612 876 res
624 832 746 893 gypsum
759 823 815 874 est.
844 814 926 892 plura
943 817 1006 876 eius
1021 834 1142 894 genera.
1228 846 1229 905 q

147 921 212 964 uam
228 911 258 962 et
273 921 290 962 e
306 901 402 979 lapide
418 903 569 979 coquitur,
591 907 622 958 ut
638 902 668 958 iu
685 897 769 974 Syria
783 916 817 957 ac
831 896 965 977 Thuriis,
982 908 1043 960 ete
1063 907 1143 960 terra

68 1025 74 1041 ι
147 987 273 1062 inditur,
296 994 328 1043 nt
348 987 378 1043 in
405 982 504 1063 Cypro
526 1001 560 1044 ac
581 981 778 1058 Perrhaebia,
808 1002 825 1040 e
849 1001 955 1043 summa
979 983 1083 1044 tellure
1111 993 1143 1042 et

148 1069 352 1148 Tymphaicum
367 1075 421 1126 est.
449 1069 497 1146 qui
514 1068 648 1144 coquitur
662 1066 737 1144 lapis
758 1083 816 1124 nou
831 1065 977 1127 dissimilis
992 1065 1141 1126 alabastri·
1152 1090 1179 1130 so

147 1163 195 1214 tae
218 1171 285 1212 esse
310 1150 399 1210 debet
420 1159 469 1209 aut
488 1167 677 1210 marmoroso.
709 1151 743 1208 ‘in
766 1149 850 1226 Syria
871 1149 1040 1210 durissimos
1056 1149 1090 1210 ad
1111 1151 1141 1210 id

147 1237 258 1312 eligunt
287 1241 450 1310 cocuntque
477 1251 540 1292 cum
564 1235 630 1292 limo
654 1233 779 1311 bubulo,
806 1242 838 1292 nt
864 1233 989 1294 celerius
1013 1242 1140 1294 urantur,

148 1321 272 1381 omnium
285 1325 380 1376 autem
397 1326 542 1394 optumum
560 1317 623 1376 lieri
646 1325 817 1393 conpertum
833 1327 879 1377 est
893 1337 910 1378 e
926 1317 1022 1396 lapide
1038 1336 1142 1395 specu·

106 1416 158 1470 133
168 1403 220 1461 lari
242 1419 424 1480 squamamve
439 1400 526 1460 talem
541 1400 676 1460 habente.
707 1398 807 1477 (lypso
820 1401 933 1462 madido
949 1404 1043 1461 statim
1059 1409 1142 1460 uten-

88 1558 91 1569 .
141 1487 212 1548 'dum
228 1495 291 1564 ost,
316 1487 449 1564 quoniam
464 1485 617 1545 celerrime
638 1485 715 1560 coit,
736 1492 831 1544 tamen
847 1504 947 1546 rursus
969 1485 1046 1544 tundi
1062 1493 1093 1544 et
1111 1486 1141 1544 iu
1153 1503 1179 1542 rs

146 1573 266 1632 farinam
280 1571 391 1631 resolvi
411 1572 528 1648 patitur.
559 1587 628 1629 usus
644 1569 730 1647 gypsi
746 1569 776 1626 in
790 1567 923 1647 albariis,
940 1569 1043 1646 sigillis
1061 1568 1139 1628 aetli-
1230 1545 1231 1610 l

147 1656 277 1716 liciorum
292 1664 323 1715 et
338 1655 455 1725 coronis
472 1655 663 1730 gratissimus.
693 1651 864 1731 Exemplum
878 1654 999 1713 inlustre
1019 1651 1052 1712 (l.
1068 1651 1140 1712 Pro·

147 1739 271 1799 culeium
282 1739 408 1816 Augusti
426 1734 560 1797 Caesaris
575 1737 769 1797 familiaritate
785 1736 936 1797 subnixum
952 1739 983 1796 iu
998 1735 1139 1798 stomachi

146 1823 250 1883 dolore
265 1841 361 1902 gypso
376 1830 448 1901 pcto
463 1823 644 1881 conscivisse
659 1821 715 1880 sihi
730 1829 861 1880 mortem.

106 1919 158 1975 184
230 1906 279 1967 25,
309 1907 391 1986 (60.)
417 1900 583 1966 Pavimenta
610 1907 752 1982 originem
781 1904 855 1983 apud
879 1903 1007 1965 Graecos
1030 1905 1178 1969 liabentro

149 1992 298 2054 elaboratu
318 1999 380 2052 arte
404 1991 536 2068 picturae
556 1990 670 2048 ratione
692 1988 786 2048 donec
806 1988 974 2050 lithostrota
995 1988 1139 2068 expulere

148 2095 221 2138 eam.
257 2075 467 2134 celeberrimus
489 2075 543 2133 luit
563 2075 594 2132 in
616 2072 673 2131 hoc
691 2090 803 2149 genere
820 2072 911 2132 Sosus
935 2075 983 2151 qui
1005 2072 1138 2150 Pergami

146 2161 249 2221 stravit
270 2176 355 2237 qoem
374 2164 481 2216 vocant
501 2165 639 2217 asaroton
662 2173 773 2233 oecon,
796 2147 929 2235 quoniam
950 2166 1140 2237 purgamenta

146 2261 236 2305 cenae
257 2244 288 2301 in
308 2243 481 2320 pavimentis
497 2258 630 2318 quaeque
650 2241 746 2300 everri
769 2240 865 2300 solent
884 2241 965 2300 velut
978 2241 1080 2300 relicta
1096 2242 1139 2300 le-

146 2335 227 2388 cerat
241 2328 340 2404 parris
351 2344 369 2385 e
381 2324 511 2392 tessellis
526 2324 681 2401 tinctisque
695 2325 832 2384 lunarios
847 2324 974 2386 colores.
997 2324 1139 2384 mirabilis
1149 2347 1175 2388 rr

147 2412 188 2471 ibi
202 2409 335 2471 columba
355 2408 460 2469 bibens
482 2416 512 2468 et
527 2426 629 2487 aquam
641 2409 743 2468 umbra
757 2410 859 2486 capitis
877 2410 1031 2469 infuscans.
1063 2410 1140 2488 apri·

146 2504 245 2556 cantur
260 2495 334 2554 aliae
352 2494 507 2553 scabentes
521 2511 589 2552 sese
605 2493 635 2552 iu
650 2491 776 2557 canthari
792 2492 885 2552 labro.
908 2518 910 2522 ¹

104 2591 154 2647 185
228 2579 310 2657 (61.)
329 2573 494 2638 Pavimenta
513 2574 602 2636 cretio
630 2578 750 2654 primum
769 2577 844 2636 lacta
865 2593 939 2654 quae
959 2593 1032 2637 nuuc
1052 2595 1138 2637 voca·

146 2682 208 2725 mus
226 2661 377 2723 barbarica
392 2669 478 2739 atque
495 2660 721 2736 subtegulanea‚
745 2658 873 2720 initalia
893 2662 1013 2720 festucis
1028 2662 1137 2738 pavita.

145 2748 202 2809 hoc
222 2754 314 2807 certe·
325 2765 363 2807 ex
379 2746 492 2805 nomine
510 2746 577 2822 ipso
592 2742 724 2819 intellegi
746 2752 854 2821 potest,
885 2743 996 2805 Romae
1012 2744 1172 2806 scutula-sc

41 2885 46 2891 .
89 2905 93 2915 Ι
146 2842 205 2892 tum
218 2833 248 2890 in
265 2829 344 2890 lovis
360 2827 513 2906 Capitolini
531 2827 604 2887 aede
619 2827 739 2905 primum
755 2827 919 2888 factumest
937 2837 1004 2906 post
1019 2829 1137 2887 tertium

88 2933 93 2991 ς
145 2913 418 2979 belluml'uuicum
442 2914 556 2987 initum,
583 2912 764 2988 frequentata
788 2930 862 2972 vero
886 2914 1048 2990 pavimenta
1068 2920 1135 2972 aute

146 2998 319 3058 Cimbricum
344 3013 447 3073 magna
472 2995 566 3074 gratia
590 2997 748 3078 animorum
776 2996 881 3056 iudicio
907 3003 953 3056 est
971 2994 1135 3056 Lucilianus

87 3113 90 3118 ·
144 3082 196 3142 ille
210 3099 330 3142 versus:
930 3117 933 3124 Δ

80 3170 82 3174 ’
123 3172 146 3210 ·1
171 3166 263 3225 Arte
280 3163 478 3241 pavimenti
496 3162 1114 3243 atqueemltlemutevermiculato.
1146 3189 1174 3230 35

102 3261 153 3315 186
227 3247 310 3325 (62.)
333 3246 479 3307 Subdialia
497 3245 600 3308 Graeci
625 3249 765 3318 invenere
789 3247 892 3307 talibus
911 3245 1012 3306 domos
1032 3254 1136 3307 conte-

145 3338 251 3408 gentes
271 3329 356 3390 iacile
381 3336 474 3388 tractu
496 3339 635 3408 tepente,
658 3331 710 3392 sed
728 3331 817 3394 inllux
838 3330 1010 3409 ubicumque
1024 3329 1135 3390 imbres

147 3412 255 3491 gelant
288 3413 485 3480 necessarlum
504 3413 587 3474 hints
606 3434 662 3494 per
678 3415 824 3478 diversam
846 3418 1045 3477 concretiones
1067 3414 1136 3474 sub·
