2484 3817
131 190 193 253 ιιι
470 154 779 249 cuumsucuuu'r

130 358 207 435 quod
228 357 311 417 lanae
333 355 497 432 emolliunt,
525 370 674 433 spongeae
700 360 837 413 coercent
856 352 1027 432 rapiuntque
1050 352 1119 415 vitia

89 441 289 505 mulcerem.
322 438 552 515 circumligantur
568 447 598 496 et
614 436 783 514 hydropicis
803 436 900 496 siccae
914 435 963 495 vel
984 453 1022 497 ex
1043 452 1119 533 aqua

130 524 228 601 tepida
243 540 369 601 poscave
381 531 534 601 atcumque
549 520 671 581 blandiri
683 536 757 599 opus
770 528 815 580 est
829 520 985 597 operireve
999 527 1048 579 ιιι
1064 520 1118 578 sic

130 625 197 666 care
214 614 317 667 cutem
348 607 560 684 inponunturtt
571 604 617 663 his
628 603 738 663 morbis
753 620 826 680 quos
838 602 974 680 vaporari
985 610 1133 701 oporteat

128 691 254 750 ferventi
268 706 341 766 aqua
357 688 493 769 perfusae
508 705 726 787 expressaeque
741 687 815 746 inter
830 686 900 746 duas
921 682 1067 745 ιιιιιιι.
1074 688 1118 745 ιιι
1134 700 1147 741 o

128 776 181 833 et
172 792 201 833 ιιι
215 772 364 833 stomacho
378 780 498 851 prosunt
509 772 562 829 ‘et
552 788 583 830 m
601 769 678 829 febri
691 778 791 831 contra
806 770 909 829 nimios
929 768 1067 844 ardores,
1090 777 1121 827 ct

128 857 265 934 splenicis
283 874 300 916 o
315 873 421 935 posca,
435 853 549 931 ignibus
563 855 655 914 sacris
671 872 708 913 ex
722 862 824 929 aceto,
840 852 1024 914 eilicaoiores
1035 870 1120 950 quam
1168 880 1170 883 ·

87 951 138 1006 129
150 941 234 1001 aliud.
261 942 361 1019 inponi
381 946 499 1039 cpprtet
518 938 562 996 sic
582 946 614 996 ut
637 955 721 997 sanas
741 954 857 1015 quoque
878 936 968 1015 partis
990 936 1119 1013 spatiose

56 1058 61 1067 ·
127 1025 269 1102 operiant
300 1023 446 1099 sauguinis
467 1020 637 1098 prcllurium
654 1022 757 1080 sistunt
771 1039 809 1080 ea
827 1029 912 1081 aceto
935 1028 983 1081 ιιι
1003 1018 1117 1096 frigida,

126 1107 247 1167 livorem
262 1106 319 1166 ob
309 1114 369 1165 retu
382 1112 530 1164 recentem
540 1122 579 1163 ex
593 1120 668 1181 aqua
682 1103 759 1165 salsa
776 1104 868 1165 calida
880 1104 996 1181 saepius
1011 1111 1117 1162 ιιιιιιι
1128 1121 1155 1161 ιι

125 1191 248 1265 tollunt,
265 1191 377 1248 testium
392 1196 532 1247 tumorem
552 1187 741 1264 doloremque
765 1205 803 1247 ex
823 1204 925 1266 posca.
962 1186 998 1245 ad
1020 1204 1121 1246 cauum

127 1291 242 1333 morsus
254 1273 362 1333 utiliter
378 1270 516 1330 concisae
536 1270 711 1348 inponuntur
726 1289 764 1330 cx
779 1279 863 1332 aceto
879 1277 927 1331 aut
944 1269 1050 1347 frigida
1072 1277 1120 1329 aut

126 1356 231 1433 melle,
256 1354 378 1415 subinde
398 1353 595 1415 umectandae.
625 1354 782 1413 Africanae
804 1354 876 1415 cinis
894 1371 957 1413 cum
979 1355 1059 1430 porri
1073 1372 1119 1413 se-

127 1442 196 1500 ctivi
208 1456 279 1498 succ
292 1440 460 1515 sanguinem
470 1438 657 1497 reicientibus
667 1437 767 1497 haustu
780 1436 850 1497 salis
862 1456 899 1497 er
911 1436 1016 1514 frigida
1031 1437 1118 1516 prod·

126 1532 179 1583 est.
206 1522 282 1583 illem
296 1523 369 1582 cluis
381 1538 444 1582 oum
455 1520 523 1580 oleo
534 1520 584 1580 ιιι
597 1538 662 1580 cum
672 1528 759 1581 aceto
770 1520 858 1582 lrcnti
868 1521 967 1581 inlitus
980 1522 1118 1581 tertianas
1129 1540 1155 1581 ss

85 1620 137 1673 130
155 1606 241 1667 tollit.
276 1606 408 1684 privatim
431 1603 588 1665 Africanae
606 1622 645 1664 ex
667 1620 760 1682 posca
785 1606 925 1664 tumorem
953 1604 1117 1678 discutiunt,

126 1691 248 1751 omnium
263 1698 357 1749 autem
373 1690 445 1749 ciuis
467 1706 531 1747 cum
553 1687 619 1767 pice
645 1696 833 1749 crematarum
857 1689 1023 1764 sauguinem
1044 1688 1120 1747 sistit

125 1774 283 1835 volnerum.
314 1773 403 1851 aliqui
424 1789 505 1832 raras
525 1779 631 1830 tantum
652 1770 688 1831 ιιι
710 1770 766 1831 hoo
791 1790 854 1831 cum
874 1773 940 1849 pice
960 1781 1053 1833 urunt.
1089 1779 1118 1830 et

125 1857 275 1918 oculorum
297 1873 384 1916 causa
404 1855 608 1915 comburuntur
633 1857 662 1914 iu
683 1855 770 1915 cruda
793 1855 852 1915 clla
873 1852 983 1931 figulini
1008 1856 1116 1935 operis,

124 1941 285 2020 plurumum
312 1938 482 2017 proliciente
502 1955 539 1996 so
563 1938 662 1997 cinere
684 1948 784 1999 contra
811 1937 962 1999 scabritias
981 1952 1153 2016 genarumao

127 2022 386 2107 excrescentisque
406 2022 502 2081 caruis
517 2029 547 2080 ct
567 2020 703 2119 quidquid
719 2038 793 2099 opus
808 2023 845 2081 sit
865 2020 905 2082 ibi
926 2022 1116 2099 desuiugere,

83 2117 133 2172 131
146 2108 290 2183 spissare,
312 2098 443 2181 explere.
471 2104 590 2164 utilius
581 2122 610 2163 m
625 2121 661 2163 eo
676 2122 729 2163 usu
745 2105 845 2165 lavare
864 2106 999 2167 cinerem.
1033 2122 1115 2183 prac-

125 2197 202 2248 staut
218 2197 248 2248 et
265 2188 415 2266 strigilium
430 2188 523 2247 vicem
537 2185 777 2286 linteolorumque
795 2187 918 2249 adiectis
933 2188 1114 2267 corporibus.

125 2281 155 2332 et
168 2281 267 2332 ccutra
283 2272 376 2332 solem
386 2278 455 2349 apte
469 2278 624 2349 protegunt
638 2272 742 2349 capita.
766 2271 872 2331 medici
886 2273 997 2333 inscitia
1012 2271 1047 2331 sd
1059 2271 1114 2331 duo
1189 2322 1191 2325 .

125 2357 238 2415 uomina
254 2373 305 2415 ess
321 2354 474 2431 relegere.
509 2353 678 2431 Abisares,
701 2372 819 2433 quarum
840 2356 946 2415 lirnius
959 2356 996 2415 sit
1015 2353 1114 2429 robur,
1125 2372 1152 2415 ιι

124 2437 347 2517 Rhodiacasque
361 2437 397 2497 ab
411 2437 565 2497 fovendum
580 2438 741 2498 molliores.
775 2456 850 2499 nuno
872 2448 967 2511 autem
981 2438 1114 2499 mollissi-

123 2540 189 2581 mae
200 2523 277 2582 circa
292 2538 389 2581 muros
400 2519 559 2597 Antiphelli
573 2520 653 2581 urbis
667 2524 859 2601 reperiuntur.
887 2522 1000 2600 Trogus
1013 2531 1114 2583 auctor

125 2614 171 2666 est
185 2606 263 2666 circa
278 2604 393 2680 Lyciam
407 2603 561 2681 penicillos
581 2603 764 2667 mollissimos
786 2606 866 2667 nasci
888 2607 916 2666 iu
938 2606 1016 2682 alto,
1039 2606 1113 2665 unde

124 2688 239 2750 ablatae
264 2690 321 2748 siut
343 2702 510 2766 spongeae,
536 2686 673 2761 Polybius
695 2708 783 2767 super
807 2706 925 2767 aegrum
954 2706 1114 2768 suspensos

125 2774 283 2851 quietiores
297 2772 397 2833 iacere
411 2778 523 2830 noctes.
552 2769 635 2830 Nunc
650 2782 865 2850 praevertemur
879 2772 914 2833 ιιι
934 2774 1041 2835 marina
1056 2774 1113 2835 ani·
1123 2790 1149 2835 ao

124 2856 219 2915 malla.
