2484 3817
164 162 227 226 218
499 174 640 224 ceum
657 174 807 225 cucurum

165 346 249 407 quam
265 346 322 388 oro
343 337 391 388 aut
412 346 480 389 cera
499 337 548 388 aut
567 327 634 388 laba
656 328 784 389 inclusos
805 336 942 389 censeant
958 327 1152 405 devorandos,

163 412 237 472 falsa
252 431 306 472 nec
321 412 474 473 referenda
488 412 621 471 arbitror.
658 411 782 489 lethargi
794 420 898 471 tantum
913 401 1071 481 medicinae
1088 430 1152 471 cum

163 504 332 571 argumento
358 495 512 568 adhibent,
541 496 675 573 quoniam
699 496 829 555 vincatur
847 495 981 573 aspidum
1006 496 1153 555 somnifica
1240 490 1241 497 '

163 581 218 653 vis,
234 589 373 657 septenos
388 580 417 637 in
432 580 536 652 cyatho
554 596 646 655 aquae
667 577 782 654 dantes,
807 578 966 657 puerilibus
987 579 1068 637 annis
1083 596 1152 656 qua-

122 670 276 726 641ernos.
320 671 349 721 et
370 664 399 720 iu
421 662 583 737 stranguria
603 661 716 722 fistulae
732 663 897 739 inposuere.
928 661 1001 720 adeo
1017 661 1085 721 nibil
1102 680 1177 739 pas

162 763 231 804 rens
247 745 296 805 illa
315 764 411 804 rerum
426 748 547 804 omnium
568 746 630 801 sine
652 745 814 821 ingentibus
832 746 927 804 causis
942 746 1049 821 genuit.
1084 747 1154 822 quin

163 838 193 888 et
216 829 358 905 adligatos
378 829 463 887 laevo
487 827 624 886 bracchio
640 827 724 888 binos
744 830 809 887 lana
829 828 966 905 subrepta
987 828 1152 907 pastoribus
1240 882 1241 897 ,

162 914 301 972 resistere
328 912 475 970 nocturnis
497 909 627 969 febribus
650 911 851 988 prodiderunt,
880 911 984 971 diurnis
1000 912 1028 969 in
1048 928 1152 971 russeo
1240 956 1241 985 ,

163 1014 269 1074 panno.
309 1012 409 1053 rursus
426 994 460 1052 iis
476 992 644 1052 adversatur
660 994 852 1072 scolopendra
870 996 1022 1071 suffituque
1038 1004 1151 1054 enecat.

121 1089 155 1143 65
219 1078 302 1156 (18.)
324 1076 451 1153 Aspidas
467 1093 624 1154 percussos
637 1086 757 1155 torpore
772 1088 801 1137 et
821 1096 921 1137 somno
937 1088 1039 1137 necant
1062 1066 1191 1137 omni-'ro

164 1180 209 1221 um
234 1164 410 1238 serpentium
430 1161 550 1218 miuumc
570 1160 724 1220 sanabiles.
753 1163 805 1221 sed
827 1180 964 1220 venenum
985 1179 1099 1235 earum,
1128 1164 1153 1220 si

164 1245 333 1320 sanguinem
349 1243 462 1319 attingit
477 1253 524 1302 aut
538 1260 642 1303 recens
656 1244 771 1327 volnus,
788 1248 880 1304 statim
894 1247 1053 1320 interemit,
1070 1245 1095 1303 si
1110 1245 1152 1303 in·

162 1335 321 1385 veteratum
336 1325 431 1400 ulcus,
449 1326 565 1386 tardius.
593 1326 630 1385 de
647 1336 747 1386 cetero
762 1337 859 1405 potum
875 1328 1050 1405 quantalibet
1067 1329 1153 1406 copia
1240 1334 1241 1397 I

163 1428 220 1469 non
237 1418 340 1482 nocet,
366 1418 486 1467 nonest
509 1411 584 1467 enlm
600 1408 715 1469 tabilica
736 1414 797 1486 vis,
815 1413 911 1488 itaque
935 1413 1033 1471 occisa
1054 1428 1153 1470 morsu

121 1552 123 1554 ,
164 1512 262 1551 earum
278 1492 409 1552 animalia
431 1492 502 1551 cibis
516 1493 631 1552 innoxia
646 1502 718 1551 sunt.
753 1504 904 1554 cunctarer
924 1497 953 1554 in
974 1494 1151 1573 proferendo
1165 1515 1191 1554 ιι

163 1594 203 1635 ex
217 1576 262 1635 bIs
277 1575 423 1652 remedio,
445 1578 473 1633 ni
492 1575 531 1635 bl.
546 1578 639 1635 Varro
655 1576 808 1636 LXXXIII.
826 1580 900 1637 vitae
919 1596 992 1638 anno
1011 1578 1152 1655 prodidis-

163 1670 209 1719 set
219 1660 349 1736 aspidum
362 1660 437 1719 ictus
448 1659 649 1719 efficacissIme
662 1661 756 1719 sanari
770 1660 871 1720 hausta
885 1680 901 1721 a
913 1663 1059 1740 percussis
1074 1663 1152 1739 ipso-

163 1762 224 1803 rum
240 1762 330 1803 unna.

122 1838 156 1893 66
218 1826 299 1905 (19.)
321 1826 464 1901 Basilisci,
480 1844 564 1904 quem
579 1827 663 1885 etiam
681 1835 832 1903 serpentes
848 1828 929 1905 ipsae
945 1827 1064 1903 lugiunt,
1080 1827 1153 1887 alias

162 1910 272 1969 oliactu
285 1919 445 1983 necantem,
464 1910 512 1988 qui
528 1909 743 1985 bominem,ch
760 1912 783 1967 si
799 1909 938 1987 adspiciat
952 1919 1066 1985 tantum,
1081 1911 1189 1971 dici-ao

163 2002 210 2051 tur
232 1994 420 2067 interemere,
451 1994 618 2069 sanguiuem
638 1994 716 2069 Magi
737 1995 815 2052 miris
845 1993 975 2053 laudibus
1002 1993 1153 2053 celebrant
1240 2000 1241 2033 r

165 2082 316 2133 coeuntem
333 2076 407 2152 picis
423 2075 509 2133 modo
525 2086 555 2133 et
569 2077 685 2151 colore,
701 2076 817 2135 dilutum
835 2074 980 2135 cinnabari
998 2077 1152 2137 clariorem
1240 2106 1241 2119 ι

164 2158 237 2217 lieri.
266 2156 420 2216 attribuunt
440 2159 468 2216 ei
488 2166 518 2216 et
532 2176 686 2217 successus
702 2161 868 2236 petitionum
882 2178 897 2218 a
913 2160 1103 2236 potestatibus
1122 2170 1152 2220 et

163 2239 237 2299 adis
252 2242 335 2298 etlam
349 2258 481 2317 precum,
505 2238 669 2300 morborum
684 2243 827 2316 remedia,
848 2243 1051 2303 venefici0rum
1073 2262 1149 2303 amu·

164 2324 232 2383 leta.
262 2322 374 2398 qnidam
393 2323 422 2383 id
440 2326 553 2383 Saturni
570 2326 735 2400 sanguinem
751 2325 906 2404 appellant.
1159 2344 1188 2383 as
1240 2372 1241 2397 ,

122 2418 154 2473 67
221 2404 304 2483 (20.)
326 2406 423 2466 Draco
439 2425 496 2466 non
512 2407 598 2466 babet
613 2426 735 2468 venena.
766 2418 850 2487 caput
870 2411 931 2469 eius
952 2408 1039 2468 IlmIni
1054 2411 1150 2469 ianua·
1240 2400 1241 2467 l

163 2507 225 2548 rum
245 2488 386 2547 subditum
405 2491 565 2568 propitiatis
585 2490 753 2550 adoratione
775 2493 819 2551 dis
845 2493 1014 2553 fortunatam
1038 2494 1151 2553 domum
1240 2496 1241 2527 n

163 2573 263 2631 iacere
279 2573 461 2649 promittitur.
497 2573 589 2633 oculis
601 2576 665 2633 eius
679 2576 845 2635 inveteratis
867 2584 895 2635 et
917 2594 980 2635 cum
995 2576 1082 2637 melle
1100 2578 1150 2635 tri·

163 2658 200 2715 tis
222 2656 354 2713 inunctos
377 2672 434 2713 uon
454 2674 654 2733 expavescere
676 2657 711 2717 ad
728 2668 880 2719 nocturnas
902 2660 1041 2736 imagines
1064 2661 1150 2719 etiam

164 2738 296 2817 pavidos.
333 2739 429 2797 cordis
451 2742 556 2817 pingue
576 2742 604 2800 in
629 2742 706 2818 pelle
728 2742 881 2802 dorcadum
901 2744 997 2801 nervis
1024 2744 1185 2805 cervinisao

163 2821 348 2897 adalligatum
364 2823 393 2879 iu
410 2822 518 2883 lacerto
530 2825 665 2905 conierrje
681 2826 847 2884 iudiciorum
859 2827 1008 2885 victoriae.
1030 2826 1150 2902 prImum

164 2904 335 2982 spondylum
352 2906 444 2965 aditus
461 2910 644 2985 potestatium
661 2909 798 2967 mulcere.
828 2908 920 2967 dentis
934 2911 996 2967 eius
1013 2909 1149 2984 InIIgatos

163 2987 287 3065 peIIIbus
309 2990 478 3066 caprearum
499 2992 623 3049 cervinis
637 2992 734 3050 nervis
754 2992 829 3049 mille
848 3001 997 3068 praestare
1017 2992 1150 3052 dominos

141 3057 387 3152 spoteslatisqu!
410 3073 576 3133 exorabilis.
612 3074 665 3133 sed
689 3076 891 3152 superomnia
916 3084 961 3134 est
984 3076 1148 3153 conpositio

166 3172 220 3231 qua
240 3155 363 3215 invictos
378 3158 485 3217 faciunt
498 3156 647 3232 Magorum
662 3157 825 3216 mendacin:
855 3158 943 3217 cauda
965 3156 1099 3217 draconis
1120 3168 1186 3219 etos

165 3238 271 3314 capite,
286 3241 352 3317 pilis
367 3240 461 3300 leonis
475 3260 491 3299 e
506 3241 601 3299 fronte
613 3249 642 3298 et
656 3239 780 3300 medulla
794 3240 930 3314 eiusdem,
947 3242 1013 3318 equi
1027 3243 1148 3302 victoris

164 3338 274 3396 spuma,
290 3325 369 3383 canis
386 3342 480 3401 ungue
497 3324 657 3399 adalligatis
672 3323 789 3382 cervino
805 3324 886 3383 corio
897 3326 1052 3400 nervisque
1067 3327 1149 3385 cerri

165 3403 310 3466 alternatis
332 3416 362 3466 et
389 3408 539 3483 dorcadis,
567 3422 642 3484 quae
664 3408 832 3483 coarguisse
859 3423 916 3466 non
943 3408 1033 3468 minus
1055 3408 1149 3469 relert
