2484 3817
259 202 339 248 nnn.
360 200 452 249 unsa.
473 186 903 271 xxx1111.1a.1e(31-735.)
1044 189 1085 249 57

150 357 197 417 13.
215 355 296 434 (33.)
312 354 472 416 Etiamnum
486 358 516 415 in
531 355 652 416 aerariis
667 355 856 432 reperiuntur
869 373 943 433 quae
959 364 1066 416 vocant
1077 365 1131 420 128

84 439 310 518 pompholygem
333 448 362 499 et
383 439 505 517 spodon.
549 436 712 497 differentia
736 438 814 515 lyuod
839 439 1019 517 pompholyx
1043 439 1086 498 lo·

85 532 149 584 tura
167 531 334 601 separatur,
355 522 465 601 spodos
481 524 572 582 inlota
592 528 648 580 est.
686 520 773 599 aliqui
789 521 867 600 quod
882 524 920 581 sit
938 523 1087 582 candidum

85 606 319 684 levissimumque
334 605 561 684 pompholygem
574 604 677 663 dixero
691 612 721 663 et
732 623 801 663 esse
812 607 891 670 aeris
905 623 939 666 ac
950 607 1086 667 cadmeae

64 689 222 767 osovillam,
237 690 350 768 spodon
365 691 525 767 nigriorem
541 706 611 749 esse
621 686 936 767 ponderosioremque,
952 690 1087 749 derasam

85 775 246 853 parietibus
262 775 431 848 fornacium,
454 774 550 831 mixtis
569 770 715 846 scintillis,
734 770 887 848 aliquando
906 782 935 833 et
954 773 1086 833 carboni·

85 858 148 918 bus.
177 857 257 917 llaec
274 866 358 917 aceto
375 865 497 934 accepto
510 856 639 933 odorem
656 856 733 913 aeris
748 864 879 931 praestat
895 864 943 932 et,
965 858 989 915 si
1007 864 1128 921 tan-129

84 950 169 1019 gatur
188 942 296 1017 lingua,
312 958 448 1018 saporem
463 939 617 999 horridum.
648 936 786 997 convenit
801 939 951 999 oculorum
963 938 1088 998 medica-

83 1027 206 1099 mentis,
232 1024 460 1100 quihuscumque
483 1025 562 1082 vitiis
590 1039 749 1081 occurrens
776 1030 807 1081 et
833 1022 868 1082 ad
894 1025 988 1083 omnia
1012 1040 1086 1099 quae

53 1107 208 1185 nospodos.
243 1107 300 1165 hoc
314 1106 408 1166 solnm
423 1105 624 1184 distat„quod
638 1104 725 1172 huius
739 1104 848 1165 elutior
862 1108 908 1165 ris
923 1116 978 1167 est.
1008 1105 1086 1165 addi·

85 1200 131 1250 tur
146 1199 183 1249 et
207 1191 236 1248 in
259 1189 419 1267 'emplastra
441 1190 544 1268 quihus
569 1189 645 1249 lenis
666 1189 856 1265 refrigeratio
882 1192 1032 1268 quaeritur
1056 1198 1087 1249 et

85 1275 214 1333 siccatio.
246 1274 344 1333 utilior
357 1274 392 1333 nd
409 1276 502 1333 omnia
518 1290 592 1351 qnae
607 1275 677 1333 vino
692 1272 752 1333 lota
768 1281 839 1333 est„
889 1294 896 1305 ·

148 1400 230 1477 (34.)
255 1398 370 1476 Spodos
391 1394 498 1477 Cypria
519 1403 643 1477 optuma,
680 1398 712 1456 lit
726 1406 822 1457 autem
837 1398 1067 1474 liquescentibus
1079 1408 1132 1461 130

85 1482 201 1543 cadmea
218 1492 248 1542 et
262 1484 376 1541 aerario
392 1482 497 1559 lapide.
520 1482 698 1542 levissimum
711 1481 768 1539 hoc
784 1489 831 1540 est
847 1479 967 1542 llatnrae
985 1484 1086 1558 totius,

51 1580 76 1620 ne
86 1566 240 1643 evolatque
265 1585 282 1625 e
302 1567 469 1625 fornacibus
492 1574 521 1625 et
543 1566 630 1624 tectis
653 1563 851 1640 adhaerescit,
880 1564 1023 1641 alulgine
1046 1564 1088 1624 di-

84 1659 163 1711 stans
179 1650 314 1709 candore.
352 1648 429 1726 quod
444 1651 537 1707 minus
551 1647 702 1707 candidum
718 1665 756 1714 ex
768 1664 802 1706 ea
816 1649 975 1707 inmaturae
991 1648 1101 1708 lerna-¹

84 1736 125 1794 cis
143 1741 342 1809 argumentum
359 1738 413 1790 est.
435 1730 492 1789 hoc
504 1730 617 1807 quidam
633 1729 859 1808 pompholygem
873 1740 989 1791 vocant.
1010 1730 1087 1809 quod

84 1833 158 1875 vero
176 1814 362 1875 rubicundius
380 1814 467 1874 exiis
483 1814 630 1871 invenitur
645 1814 788 1873 acriorem
805 1816 863 1872 vim
882 1814 972 1874 habet
987 1823 1018 1875 et
1037 1834 1088 1874 ex·

84 1899 196 1959 ulcerat
208 1899 281 1958 adeo
295 1906 337 1973 ut,
349 1914 412 1956 cnm
423 1896 546 1973 lavatur,
563 1898 587 1955 si
600 1897 697 1973 attigit
711 1897 825 1972 oculos,
842 1907 991 1959 excaecet.
1014 1896 1069 1957 Est
1078 1910 1133 1970 131,

51 1992 118 2042 ruet
136 1981 234 2040 mellei
251 1979 360 2040 coloris
384 1979 510 2057 spodos,
531 1982 560 2039 in
582 1998 637 2058 qua
660 1979 820 2058 plurumum
840 1983 918 2041 aeris
938 1982 1086 2059 intellegi·

85 2075 140 2125 tur.
181 2064 234 2124 sed
256 2062 455 2144 quodcumque
477 2082 571 2141 genus
597 2063 720 2123 lavando
745 2064 777 2123 iit
796 2065 913 2142 utilius,
945 2074 1086 2144 purgatur

85 2157 152 2209 aute
163 2150 260 2226 pinna,
276 2146 343 2207 dein
358 2149 503 2207 crassiore
514 2147 621 2223 lotura,
638 2148 738 2224 digitis
754 2148 911 2208 scabritiae
926 2168 1087 2210 excernun-

84 2241 139 2292 tur.
171 2239 201 2292 et
221 2230 314 2292 media
335 2232 381 2290 vis
398 2239 443 2290 est
460 2232 523 2291 eius
540 2248 613 2308 quae
635 2232 704 2290 vino
719 2231 839 2299 lavatur.
869 2231 923 2292 Est
944 2233 1038 2312 aliqua
1055 2240 1086 2292 et

84 2319 114 2377 in
128 2316 239 2395 genere
254 2316 313 2375 vini
330 2314 504 2374 differentia.
534 2313 594 2375 leni
610 2316 687 2373 enim
701 2314 761 2375 lota
782 2315 914 2392 collyriis
937 2316 1086 2376 oculorum

49 2402 176 2460 seminus
205 2400 283 2459 utilis
312 2406 445 2476 putatur,
479 2396 639 2476 eademque
665 2398 813 2458 ellicacior
837 2398 984 2460 ulceribus
1009 2418 1085 2477 quae

84 2492 199 2543 manent
223 2482 271 2542 rel
296 2484 355 2541 oris
375 2499 449 2559 quae
474 2480 624 2558 madeant,
651 2490 683 2541 et
709 2483 841 2542 omnibus
866 2483 1085 2543 medicamentis

86 2584 159 2645 quae
172 2574 309 2644 parentur
323 2562 428 2625 contra
438 2582 629 2642 gangraenas.
660 2564 708 2624 Fit
723 2574 754 2625 et
771 2568 800 2626 in
815 2568 929 2643 argenti
941 2567 1065 2626 lornaci-
1077 2578 1129 2632 132

84 2650 139 2709 bns
155 2648 280 2727 spodos,
299 2666 382 2725 quarn
398 2658 503 2707 vocant
517 2648 670 2709 lauriotim.
710 2650 861 2709 utilissima
879 2658 974 2709 autem
993 2649 1084 2709 oculis

86 2731 249 2792 adfirmatur
271 2749 345 2809 quae
364 2732 413 2790 liat
427 2733 457 2791 in
472 2734 611 2809 aurariis,
638 2749 693 2791 nec
707 2734 737 2791 in
752 2733 808 2793 alia
824 2740 907 2811 parte
924 2734 1015 2811 magis
1038 2743 1085 2793 est

56 2818 171 2877 soritae
190 2817 307 2892 ingenia
327 2816 433 2873 mirari.
470 2817 578 2895 qnippe
602 2834 639 2875 ne
662 2816 827 2894 quaerenda
848 2825 948 2877 essent
968 2817 1084 2878 metalla

85 2900 233 2960 vilissimis
250 2898 339 2957 rebus
355 2898 495 2957 utilitates
514 2896 632 2959 easdem
646 2900 833 2977 excogitavit.

149 3025 231 3105 (35)
246 3022 431 3101 hutispodon
445 3032 551 3083 vocant
569 3024 698 3084 cinerem
713 3024 760 3083 lici
776 3022 890 3083 arboris
907 3023 957 3083 vel
972 3026 1064 3101 capri·
1052 3035 1129 3089 -133

71 3112 133 3169 lici
148 3110 196 3171 vel
202 3111 301 3186 myrti
315 3107 451 3168 foliorum
472 3123 534 3166 eum
539 3089 714 3165 tenerrimis
729 3122 872 3165 ramorum
888 3106 1018 3185 partibus
1035 3107 1083 3167 vel
1145 3109 1148 3114 “

87 3176 208 3253 oleastri
223 3193 272 3253 vel
284 3192 369 3253 oleae
379 3188 429 3249 vel
442 3190 559 3247 cotonei
573 3188 640 3248 mali
655 3187 703 3247 vel
718 3187 848 3265 lentisci,
864 3192 934 3249 item
946 3208 984 3249 ex
993 3191 1083 3251 moris

51 3296 77 3336 ee
87 3278 245 3354 inmaturis,
256 3276 286 3336 id
298 3284 344 3335 est
354 3271 516 3349 candidis,'
506 3288 537 3330 m
548 3271 613 3331 sole
624 3271 760 3332 arefactis
772 3272 821 3332 vel
833 3290 850 3331 e
861 3272 930 3331 buxi
943 3291 1023 3333 coma
1034 3282 1086 3334 aut

85 3361 292 3441 pseudocypiri
313 3366 362 3419 aut
381 3357 445 3418 rubi
460 3363 509 3415 aut
529 3354 687 3415 terebinthi
703 3355 752 3415 vel
771 3355 943 3417 oenanthes
979 3360 1083 3417 taurini

86 3462 204 3525 quoque
225 3444 344 3522 glutinis
366 3448 415 3503 aut
436 3441 592 3501 linteorum
609 3439 739 3499 cinerem
754 3439 887 3501 similiter
907 3439 1051 3518 pollere
1042 3459 1084 3501 m·
