2484 3817
158 211 199 274 to
474 222 503 272 o.
526 223 621 270 annu
642 222 792 272 sueonos

157 377 228 439 illud
244 375 405 454 nepenthes
425 375 601 436 oblivionem
622 377 758 435 tristitiae
774 377 945 452 veniamque
960 375 1096 436 adferens
1113 385 1145 436 et

159 462 195 522 ab
209 459 319 520 llelena
335 461 433 536 utique
450 460 580 519 omnibus
601 459 770 518 mortalibus
792 458 1006 536 propinandum.
1037 461 1146 536 primus

159 552 255 604 autem
281 543 402 601 omnium
430 559 504 620 qnos
520 543 659 602 memoria
681 544 762 601 novit
776 541 909 619 Orpbeus
929 542 965 601 de
980 542 1079 601 herbis
1097 560 1145 601 cu·

160 628 266 685 riosius
284 625 378 702 aliqua
390 625 535 702 prodidit,
558 633 628 702 post
650 642 714 683 eum
732 623 867 684 llusaeus
889 633 920 684 et
931 624 1076 684 Hesiodus
1094 642 1145 702 po·

118 707 269 786 'igi-lium
285 707 403 767 herbam
421 710 451 766 in
471 715 605 785 quantum
625 710 719 767 mirati
743 709 800 766 sint
817 707 1099 784 diximus,0rpbeus
1114 717 1173 768 ets

117 791 306 858 13Hesiodus
327 791 489 850 suffitiones
508 790 748 850 conmendavcre.
783 789 924 850 Homerus
946 799 977 850 et
1000 790 1072 850 alias
1095 808 1145 849 no·

159 876 285 933 minatim
305 873 411 934 herbas
442 873 587 949 celebrat,
611 891 682 950 quas
703 876 764 933 suis
786 873 859 932 locis
882 873 1017 933 dicemus.
1048 873 1084 932 ab
1108 891 1145 932 eo

159 958 342 1034 Pythagoras
367 957 460 1016 clarus
482 958 623 1034 sapientia
646 958 753 1033 primns
767 957 901 1016 volumen
918 957 956 1016 de
973 955 1081 1016 ellectu
1098 975 1147 1017 ea·

159 1060 221 1100 rum
236 1041 405 1118 conposuit,
420 1038 561 1116 Apollini,
578 1039 756 1115 Aesculapio
774 1047 804 1098 et
822 1041 852 1097 in
870 1047 961 1098 totum
978 1039 1022 1098 dis
1042 1042 1146 1098 inmor-

159 1124 265 1184 talibus
282 1123 451 1182 inlentione
467 1131 496 1181 et
514 1124 627 1199 origine
642 1121 803 1198 adsignata,
819 1125 974 1200 conposuit
994 1131 1024 1182 et
1041 1121 1147 1180 Demo·
1158 1145 1185 1184 ro

159 1209 264 1281 oritus,
279 1205 363 1265 ambo
381 1207 544 1282 peragratis
559 1204 698 1279 Persidis,
713 1204 857 1279 Arabiae,
878 1204 1070 1283 Aethiopiae,
1087 1206 1146 1266 Ae·

159 1291 240 1367 gypti
255 1287 347 1363 illagis
355 1329 365 1364 ,
384 1287 517 1366 adeoque
534 1287 656 1347 adhaec
670 1289 791 1346 attonita
811 1289 964 1364 antiquitas
979 1290 1033 1348 luit
1048 1298 1079 1348 ut
1098 1289 1145 1346 ad-

118 1382 152 1436 14
161 1373 318 1431 firmaverit
334 1373 419 1430 etiam
438 1371 618 1430 incredibilia
640 1370 725 1429 dictu.
753 1369 882 1429 Xantlrus
901 1370 1083 1431 historiarum
1098 1390 1146 1430 au·

160 1463 224 1514 otor
239 1456 268 1512 in
280 1456 370 1530 prima
393 1472 491 1513 carum
507 1453 623 1513 tradidit
637 1455 763 1512 occisum
778 1453 911 1514 draconis
923 1455 1045 1514 catulum
1060 1471 1146 1512 revo-

159 1545 250 1597 catum
267 1537 301 1596 ad
317 1539 402 1597 vitam
419 1557 434 1596 a
449 1545 570 1614 parente
585 1537 677 1596 lierba
689 1553 771 1612 quarn
782 1535 868 1595 balim
883 1540 1018 1613 nominat,
1032 1537 1144 1598 eadem·
1158 1557 1184 1596 rs

159 1639 216 1700 que
242 1618 402 1696 Thylonem
423 1638 508 1698 quem
531 1619 617 1680 draco
643 1618 789 1679 occiderat
809 1622 972 1680 restitutum
992 1620 1085 1680 saluti.
1116 1629 1149 1679 et

105 1711 108 1716 '
159 1706 227 1764 lnba
255 1707 285 1763 in
310 1704 417 1764 Arabia
446 1703 537 1764 herba
557 1712 724 1763 revocatum
745 1703 781 1764 ad
796 1703 1035 1763 vitambominem
1050 1703 1145 1762 tradit.

161 1789 233 1848 dixit
246 1787 448 1864 Democritus,
466 1787 588 1847 credidit
609 1785 826 1866 Theophrastus
843 1805 911 1846 esse
932 1787 1049 1846 herbam
1064 1789 1146 1844 cuins

118 1893 147 1934 ro.
161 1891 185 1928 ro
204 1881 338 1931 contactu
353 1871 458 1931 inlatae
475 1872 510 1930 ab
527 1872 596 1931 a'lite
614 1889 698 1949 quam
720 1871 868 1930 retulimus
886 1871 1019 1930 exsiliret
1036 1887 1147 1928 cuneus

160 1975 176 2016 a
190 1955 356 2033 pastoribus
372 1956 469 2014 arbori
483 1955 618 2030 adactus,
637 1973 711 2032 quae
727 1957 837 2019 etiamsi
853 1954 909 2013 lide
926 1962 1041 2027 carent,
1060 1952 1184 2015 admi-ao

160 2040 302 2097 rationem
313 2046 407 2096 tamen
419 2036 530 2112 inplent
542 2047 707 2116 coguntque
718 2039 850 2096 conliteri
861 2036 978 2095 multum
988 2054 1056 2095 esse
1067 2035 1147 2112 quod

118 2133 151 2186 15
163 2137 235 2178 vero
248 2122 382 2195 supersit.
419 2117 490 2176 inde
504 2127 533 2177 et
554 2121 713 2197 plerosque
732 2123 773 2178 ita
787 2119 873 2178 uideo
892 2121 1060 2180 existimare
1074 2118 1146 2176 nibil

160 2220 219 2262 non
235 2200 387 2259 herbarum
404 2203 432 2259 vi
448 2200 524 2259 effici
538 2219 645 2277 posse,
658 2201 712 2260 sed
726 2202 916 2278 plurumarum
929 2202 999 2258 viris
1017 2221 1084 2260 esse
1103 2205 1146 2260 iu·

160 2285 307 2361 cognitas,
323 2301 443 2361 quorum
457 2285 486 2342 in
501 2301 619 2342 numero
631 2285 685 2343 luit
700 2282 873 2360 Heropbilus
884 2281 978 2341 clarus
993 2284 1146 2359 medicina,

160 2383 250 2444 aquo
263 2367 359 2426 ierunt
375 2366 479 2448 dictum
498 2366 634 2443 quasdam
652 2366 786 2425 fortassis
808 2367 894 2424 etiam
914 2365 1037 2425 calcatas
1058 2367 1184 2444 prod-as

161 2469 237 2510 esse.
272 2448 455 2509 observatum
476 2457 557 2508 certe
577 2458 624 2508 est
647 2448 810 2509 inflammari
834 2447 954 2508 volnera
972 2468 1006 2508 ac
1025 2450 1146 2509 morbos

162 2542 339 2612 superventu
359 2549 458 2591 eorum
471 2535 518 2609 qni
535 2531 657 2608 pedibus
672 2533 730 2590 iter
744 2533 939 2590 coniecerunt.

119 2628 153 2682 16
213 2617 273 2694 (6.)
306 2615 383 2674 llaec
401 2623 463 2674 erat
482 2617 598 2693 antiqua
617 2614 757 2674 medicina
778 2633 851 2692 quae
874 2623 935 2674 tota
955 2615 1096 2690 migrabat
1115 2618 1147 2674 in

162 2699 300 2760 Graeciae
316 2699 444 2775 linguas,
461 2698 513 2757 sed
527 2715 615 2776 quare
632 2716 690 2757 non
704 2698 802 2775 plures
814 2706 968 2757 noscantur
988 2716 1074 2757 causa
1097 2707 1148 2758 est

162 2783 238 2862 qnod
255 2800 304 2842 eas
322 2789 456 2857 agrestes
478 2780 695 2859 litterarumque
717 2783 809 2856 ignari
827 2783 1033 2857 experiuntur,
1049 2789 1080 2839 ut
1095 2784 1146 2857 qni
1157 2805 1188 2846 sc

162 2867 217 2926 soli
235 2868 310 2925 inter
330 2864 394 2923 illas
417 2866 532 2940 vivant,
551 2873 706 2942 praeterea
723 2866 863 2923 securitas
885 2864 1041 2941 quaerendi
1057 2864 1147 2925 obvia

161 2949 335 3009 medicorum
351 2947 443 3006 turba.
465 2947 560 3006 multis
577 2951 663 3006 etiam
674 2949 800 3005 inventis
816 2946 920 3006 desunt
931 2949 1054 3021 nomina,
1069 2949 1147 3006 sicut

118 3033 245 3094 mamilli
262 3049 344 3108 quam
361 3029 508 3090 retulimus
520 3032 549 3087 in
563 3031 676 3106 frugum
692 3047 761 3088 cura
778 3032 940 3106 scimusque
954 3031 1099 3090 delossum
1114 3031 1146 3088 in

163 3114 274 3191 angulis
290 3116 401 3191 segetis
412 3121 562 3193 praestare
574 3131 611 3172 ne
623 3131 677 3190 qua
691 3113 754 3172 ales
765 3115 862 3172 intret.
881 3115 1044 3191 turpissima
1057 3130 1146 3172 caasa

162 3200 287 3257 raritatis
305 3197 480 3275 quodetiam
495 3199 542 3273 qui
555 3198 647 3255 sciunt
661 3196 859 3255 demonstrare
874 3195 985 3269 uolunt,
1002 3202 1190 3272 tamquamss

162 3283 234 3358 ipsis
260 3283 416 3359 periturum
437 3281 474 3338 sit
494 3280 571 3358 quod
593 3278 762 3339 tradiderint
782 3278 854 3338 aliis.
886 3278 997 3338 accedit
1011 3280 1086 3336 ratio
1101 3281 1146 3336 iu-

162 3363 307 3422 ventionis
322 3381 445 3441 anceps,
460 3364 566 3440 quippe
581 3364 666 3422 eliam
681 3365 710 3423 in
721 3363 848 3439 repertis
866 3361 936 3420 alias
963 3361 1073 3418 invenit
1096 3378 1146 3419 ca-

121 3455 152 3512 17
165 3465 225 3524 sus,
245 3447 326 3523 alias,
342 3455 371 3505 ut
391 3465 461 3506 vere
474 3447 606 3524 dixerim,
621 3447 701 3506 deus.
720 3445 879 3507 insanabile
893 3443 928 3504 ad
945 3443 1035 3502 hosce
1051 3460 1145 3503 anuos
