2484 3817
342 184 528 234 1111111.
544 187 642 234 xx1x.
659 184 684 239 o.
704 177 858 255 (34-38.)
1030 176 1092 239 227

101 359 173 423 qaae
197 339 387 418 adalligantur
411 350 440 399 et
461 341 585 400 minutae
605 339 694 401 fronti
722 342 876 403 inlinuntur
896 344 997 421 tritae,
1024 346 1093 405 item

100 442 250 503 oesypum,
266 440 335 485 oasa
350 442 367 483 u
385 423 481 502 eapite
491 424 611 483 volturis
628 425 783 502 adalligata
801 438 849 488 aut
865 427 1016 489 cerebrum
1030 446 1092 487 cum

99 511 166 570 oleo
181 516 211 567 et
227 507 326 567 cedria
344 517 485 585 peruncto
500 510 598 585 capite
614 518 644 569 et
658 510 733 569 intus
749 510 864 571 naribus
879 513 977 573 inlitis.
1009 522 1136 577 cor-113

96 587 171 653 nicia
189 590 340 651 cerebrum
357 599 482 666 coctum,
498 592 526 651 in
541 592 608 651 cibo
624 602 766 671 sumptum
782 594 831 654 vel
849 605 988 671 noctuae,
1010 594 1093 671 galli·

76 693 204 737 snaceus
223 675 248 733 si
259 674 389 734 inclusus
405 674 582 734 abstineatur
595 675 643 736 die
658 694 692 737 ac
707 687 811 753 nocte,
833 680 896 756 pari
917 678 1010 739 inedia
1032 680 1094 737 eius

98 762 145 839 qui
162 758 276 834 doleat,
298 758 409 818 evolsis
425 758 505 819 collo
522 759 625 837 plumis
644 760 908 839 circumligatisque
924 762 971 821 vel
986 762 1093 838 cristis,

97 842 236 906 mustelae
253 844 327 903 cinis
341 841 455 918 inlitus,
473 842 604 902 surculus
619 861 657 903 ex
672 844 740 904 nido
758 845 836 905 milvi
858 846 976 925 pulvino
999 844 1093 905 subie-

99 936 173 1003 ctus,
197 926 307 986 murina
328 925 416 1003 pellis
437 934 564 986 cremata
583 944 622 986 ex
643 937 728 987 aceto
746 928 826 989 inlito
843 932 959 1006 cincre,
983 928 1094 989 limacis

98 1014 170 1071 iuter
189 1010 261 1069 duas
282 1008 392 1069 orbitas
416 1010 549 1070 inuentae
569 1012 725 1071 ossiculum
744 1030 798 1091 per
819 1031 916 1073 aurum
932 1012 1095 1073 cohaerens

66 1112 159 1155 uocum
176 1093 269 1153 ebore
289 1094 441 1153 traiectum
461 1096 491 1153 in
512 1094 651 1172 pellicula
673 1098 772 1155 canina
795 1097 996 1174 adalligatum,
1018 1094 1095 1175 quod

97 1177 252 1240 remedium
270 1176 401 1255 pluribus
410 1195 585 1257 semperque
594 1178 724 1256 prodest.
747 1178 853 1241 Fracto
873 1182 960 1259 capiti
976 1180 1075 1240 aranei
1086 1188 1137 1241 114

96 1263 153 1323 tela
168 1280 207 1323 ex
223 1261 293 1321 oleo
309 1270 339 1320 et
353 1270 438 1321 aceto
454 1262 580 1340 inposita
595 1280 653 1323 non
667 1264 722 1323 nisi
734 1264 855 1323 volnere
872 1274 973 1325 sanato
991 1264 1093 1325 absce-

96 1348 144 1407 dit.
179 1346 256 1405 haec
276 1353 305 1404 et
317 1345 485 1428 uolneribus
502 1348 704 1406 tonstrinarum
721 1349 889 1424 sanguinem
904 1350 994 1425 sistit,
1011 1364 1096 1407 cere·

98 1430 149 1490 bro
161 1446 237 1489 vero
250 1428 439 1510 profluentem
451 1431 563 1489 anseris
575 1433 694 1507 sanguis
709 1441 756 1491 aut
774 1434 865 1491 anatis
878 1433 999 1508 inlusus,
1012 1430 1094 1511 adips

68 1529 90 1570 ιι
99 1513 252 1573 earundem
272 1512 369 1575 alitum
390 1530 454 1572 cunr
473 1530 609 1573 rosaceo.
641 1513 768 1575 cocleae
791 1516 928 1575 matutino
947 1516 1095 1593 pascentis

96 1596 255 1657 harundine
272 1605 359 1674 caput
376 1598 549 1674 praecisum,
564 1615 696 1657 maxume
710 1598 776 1656 luna
791 1598 888 1675 plena,
905 1598 982 1656 lineo
999 1614 1094 1674 panno

96 1682 225 1758 adligant
242 1682 346 1758 capitis
362 1679 511 1741 doloribus
526 1680 613 1755 licio,
637 1690 684 1739 aut
705 1697 772 1738 cera
788 1698 804 1739 a
837 1698 854 1739 a
870 1680 959 1739 ironti
975 1681 1095 1740 inlinunt

95 1774 124 1824 et
138 1767 217 1844 pilos
234 1765 353 1824 caninos
369 1780 463 1841 pauno
479 1763 646 1839 adalligant.

154 1849 239 1927 (37.)
263 1846 422 1907 Gerebrum
436 1846 562 1905 cornicis
579 1847 608 1904 in
621 1845 687 1905 cibo
706 1854 847 1923 sumptum
859 1844 1016 1925 palpebras
1032 1846 1075 1921 gi·
1087 1857 1136 1908 115

61 1946 191 2008 unguere
206 1931 323 2007 dicitur,
345 1946 487 2007 oesypum
506 1946 570 1989 cum
584 1946 679 1989 murra
694 1929 816 1989 calidum
833 1929 962 2007 specillo
975 1929 1094 1989 inlitum.

96 2015 174 2075 idem
189 2024 339 2091 praestare
352 2030 514 2073 muscarum
529 2014 644 2092 fimique
655 2014 756 2073 murini
769 2014 895 2073 cinerem
907 2015 1007 2092 aequis
1026 2030 1093 2092 por·

94 2096 225 2159 tionibus
239 2108 271 2157 ut
284 2099 428 2158 eihciatur
442 2096 585 2157 dimidium
599 2097 712 2175 pondus
728 2097 828 2157 denari
843 2097 1028 2175 promittitur,
1045 2095 1093 2156 ad·

92 2184 162 2243 ditis
177 2181 289 2241 1111111
306 2182 397 2241 sertis
412 2180 512 2241 denari
528 2199 545 2240 e
562 2180 639 2257 stibi,
651 2191 681 2241 ut
695 2182 788 2241 omnia
801 2198 914 2259 oesypo
930 2181 1093 2255 inlinantur,

91 2269 162 2326 item
181 2266 284 2325 murini
300 2266 388 2325 catuli
398 2266 456 2325 triti
472 2266 501 2324 io
515 2266 583 2325 vino
595 2275 699 2325 uetere
715 2266 749 2325 ad
762 2264 982 2325 crassitudinem
997 2266 1092 2343 accpi.
1134 2283 1138 2289 ’

57 2350 175 2429 capilus
192 2351 223 2408 iu
238 2348 285 2408 his
298 2348 495 2408 incommodos
509 2349 629 2409 evolsos
643 2350 757 2409 renasci
772 2366 829 2407 nun
844 2350 951 2427 patitur
965 2348 1136 2411 latire-116

92 2433 198 2507 nacci,
214 2448 334 2491 ovorum
349 2432 480 2491 stelionis
498 2432 611 2509 liquor,
634 2432 831 2493 salamandrae
854 2433 941 2508 cinis,
965 2432 1094 2491 lacertae

90 2516 197 2577 uiridis
215 2516 257 2576 iel
271 2516 301 2575 in
313 2516 381 2575 vino
396 2516 463 2575 albo
480 2517 545 2575 sole
561 2526 691 2577 coactum
709 2515 745 2576 ad
761 2516 978 2576 crassitudinem
999 2512 1094 2573 mellis

90 2602 120 2659 iu
134 2616 231 2661 aereo
247 2616 330 2676 vase,
346 2598 503 2659 hirundinis
518 2600 662 2679 pullorum
679 2601 750 2660 cinis
769 2618 831 2660 cum
853 2600 929 2661 lacte
944 2596 1098 2672 tithymali,

89 2700 197 2762 spuma
215 2682 390 2742 coclearum.

54 2780 81 2821 ac
159 2762 247 2846 (38.)
270 2765 456 2827 Glaucomuta
484 2768 581 2827 dicunt
598 2768 676 2843 llagi
704 2766 828 2827 cerebro
854 2765 941 2825 catuli
961 2772 1135 2842 scptemlll

89 2851 208 2911 dierum
223 2850 373 2909 emendari
388 2850 512 2928 specillo
526 2850 652 2911 demisso
667 2851 696 2909 in
710 2850 839 2910 dextram
850 2858 971 2927 partem,
988 2849 1011 2907 si
1024 2846 1094 2906 dex·

88 2944 139 2994 ter
156 2933 263 2994 oculus
279 2942 411 3009 curetur,
428 2935 458 2993 in
472 2935 632 3010 sinistram,
647 2934 672 2991 si
689 2933 815 3007 sinister,
834 2940 880 2991 aut
896 2932 968 2991 ielle
982 2930 1094 2989 recenti

89 3018 220 3078 arionis.
252 3026 422 3077 noctuarum
435 3017 522 3077 estid
537 3035 640 3094 genus,
660 3017 762 3096 quibus
779 3017 874 3095 pluma
887 3016 994 3074 aurium
1006 3012 1093 3071 modo

88 3102 193 3165 micat.
229 3099 433 3160 Sahiusionom
460 3100 610 3160 oculorum
635 3103 738 3161 canino
765 3099 835 3160 ielle
860 3097 985 3158 malebat
1010 3114 1094 3175 quam

56 3184 231 3259 tthyaenae
248 3184 343 3245 curari
357 3183 531 3262 Apollonius
546 3184 696 3245 Pitanueus
713 3200 775 3241 cum
791 3182 887 3257 mella,
903 3182 970 3240 item
983 3180 1092 3255 albugi·

87 3286 156 3329 nes.
193 3266 315 3327 ldurium
337 3269 460 3346 capitum
481 3266 649 3345 caudaeque
672 3268 769 3324 cinere
791 3282 828 3322 ex
847 3262 933 3323 melle
953 3265 1076 3323 inunctis
1086 3270 1136 3325 118
1201 3296 1203 3299 v

89 3351 259 3413 claritatem
278 3354 359 3411 risus
378 3352 492 3411 restitui
514 3350 628 3425 dicunt,
656 3348 804 3423 multoque
830 3348 922 3423 magis
943 3347 1025 3421 gliris
1047 3352 1095 3403 aut

85 3436 187 3497 muris
207 3436 351 3497 siluestris
374 3436 472 3495 cinere
494 3442 542 3494 aut
565 3432 681 3509 aquilae
702 3428 825 3489 cerebro
848 3430 905 3573 apl5
913 3429 1000 3552 *fella
1030 3444 1094 3487 cum
