2484 3817
294 197 375 244 usu.
393 196 483 247 ruso.
497 198 607 245 xxvn.
624 194 667 249 12.
685 185 845 263 (sl-104.)
999 186 1057 249 151

134 351 220 429 (97.)
241 348 377 411 Poterion
391 359 450 427 ant,
468 360 499 411 ut
512 350 560 411 alii
574 359 697 427 vocant,
714 350 855 430 phrynion
871 351 918 411 rel
939 362 1103 421 scorastan

79 436 158 512 large
174 433 300 513 fruticat,
317 435 408 513 spinis
418 434 570 509 retorrida,
588 435 723 511 lanugine
738 436 843 513 spissa,
858 434 936 495 ioliis
951 438 1060 514 parvis,

76 517 221 591 rotundis,
243 517 359 577 ramulis
382 517 493 594 longis,
514 516 663 593 mollibus,
690 516 791 592 lentis,
813 518 962 595 tenuibus,
988 519 1061 579 llore

77 602 175 677 longo,
190 600 327 660 herbacei
342 600 460 677 coloris,
476 601 591 660 seminis
605 600 710 659 nullius
724 618 792 661 usus
807 600 858 660 sed
873 611 958 678 gustu
977 611 1061 663 acuto

55 694 105 745 set
118 684 251 744 odorato.
270 685 451 744 inveniturin
463 685 579 761 aquosis
594 682 727 744 collibus.
744 682 858 743 radices
868 684 955 745 habet
971 684 1041 745 duas
1054 696 1104 751 113

77 777 123 828 aut
136 768 190 827 tris
205 766 301 827 binum
315 767 474 827 cubitorum
488 769 518 826 in
532 766 726 842 altitudinem,
746 783 898 842 nervosas,
914 767 1060 845 candidas,

77 853 179 911 firmas.
210 850 424 910 circumfoditur
438 858 571 909 autumno
586 859 615 910 et
630 852 764 927 praeciso
778 850 881 909 irutice
903 850 950 909 dat
965 869 1063 911 sucum

77 935 194 995 cummis
203 933 332 993 similem.
349 933 432 993 radix
443 933 514 992 mira
525 932 691 993 uolneribus
703 932 837 993 sanandis
849 932 967 993 traditur
980 950 1062 1012 prae·

78 1020 219 1096 cipueque
238 1018 335 1076 nervis
350 1016 399 1076 vel
414 1015 657 1093 praecisisinlita.
692 1015 842 1075 decoctum
863 1032 979 1094 quoque
1002 1017 1064 1076 eius

44 1119 140 1161 socom
160 1099 250 1160 melle
270 1108 369 1179 potum
387 1099 592 1160 dissolutiones
614 1115 768 1159 nervorum
788 1108 819 1158 et
837 1098 1015 1161 infirmitates
1035 1107 1065 1159 et

76 1186 215 1245 incisuras
230 1184 318 1242 iurat.

136 1267 222 1345 (98.)
244 1264 420 1343 Phalangitis
434 1284 450 1327 a
465 1266 632 1346 quibusdam
653 1265 829 1344 phalangion
844 1275 983 1343 vocatur,
1007 1266 1043 1326 ab
1055 1276 1106 1330 114

77 1351 139 1411 aliis
153 1349 382 1409 leucanthemum
400 1350 461 1427 vel,
483 1359 513 1410 ut
526 1353 554 1410 in
570 1347 738 1429 quibusdam
754 1348 966 1428 exemplaribus
982 1350 1060 1409 iure·

76 1436 139 1509 nio,
154 1432 354 1493 leucacantha.
381 1434 482 1493 ramuli
493 1442 559 1493 sunt
573 1434 601 1492 ei
614 1450 766 1511 numquam
781 1434 935 1510 pauciores
951 1432 1063 1493 duobus

45 1520 104 1577 asin
118 1518 234 1577 diversa
244 1515 405 1592 tendentes,
421 1517 476 1576 ilos
488 1516 636 1591 candidus,
654 1516 715 1575 lilio
729 1514 817 1575 rubro
832 1515 943 1590 similis,
955 1518 1063 1576 semiue

76 1603 176 1744 litu
190 1598 1063 1743 litilltlltltllt‘ltllillialitilia?

75 1769 149 1827 ruine
172 1766 344 1825 auxiliantur
360 1774 460 1826 contra
472 1768 658 1843 scorpionum
672 1762 946 1841 phalangiorumque
961 1771 990 1821 et
1004 1780 1063 1822 sor·

75 1851 205 1929 pentiurn
217 1852 302 1923 ictus,
318 1850 385 1909 item
401 1857 500 1908 contra
515 1848 645 1908 tormina.

40 1956 68 1994 no
143 1931 226 2008 (99)
248 1932 402 2007 Phyteuma
424 1932 508 2011 quale
530 1932 568 1990 sit
586 1928 753 1989 describere
768 1944 975 2007 supervacuum
994 1926 1105 1996 hat-125

77 2016 150 2091 beo,
166 2030 229 2073 cum
244 2016 281 2074 sit
294 2034 364 2075 usus
379 2016 441 2075 eius
455 2023 561 2075 tantum
574 2013 610 2073 ad
626 2013 771 2073 amatoria.

141 2096 246 2176 (100.)
267 2097 389 2172 Phyllea
404 2117 420 2158 a
435 2097 555 2159 Graecis
570 2104 691 2156 vocatur
707 2094 797 2155 herba
811 2095 839 2153 iu
854 2096 969 2155 saxosis
985 2113 1064 2156 mon·

76 2182 166 2242 tibus.
200 2181 307 2241 femina
325 2181 418 2258 magis
432 2180 570 2242 herbacei
591 2180 719 2256 coloris,
743 2177 825 2239 caule
846 2179 941 2255 tenui,
965 2179 1065 2239 radice

77 2280 179 2343 parva,
197 2281 297 2323 semen
311 2266 448 2343 papaveri
462 2262 585 2323 rotundo
601 2262 704 2323 simile.
735 2262 807 2321 haec
828 2262 872 2321 sui
894 2280 981 2321 sexus
996 2261 1065 2322 iacit

43 2356 196 2427 repertus,
217 2348 304 2407 maris
316 2356 410 2406 autem
431 2364 449 2407 a
467 2347 572 2407 lamina
588 2347 697 2407 semine
714 2353 819 2404 tantum
835 2344 971 2405 diiiereus
987 2344 1064 2423 quod

77 2439 124 2491 est
140 2431 307 2508 incipientis
322 2430 427 2490 olivae.
457 2440 608 2507 utrumque
623 2427 728 2489 bibitur
742 2428 770 2486 iu
784 2428 862 2487 vino.

142 2513 247 2590 (101.)
270 2512 472 2573 Phellandrion
498 2515 626 2573 nascitur
646 2514 675 2572 in
694 2510 869 2589 palustribus
891 2510 963 2571 iolio
986 2512 1106 2588 api-126

75 2596 186 2656 bibitur
200 2613 301 2655 semen
315 2597 376 2655 eius
388 2605 509 2674 propter
523 2596 653 2656 calculos
668 2603 698 2655 ct
711 2594 828 2653 vesicae
843 2593 1031 2654 incommoda.

139 2679 246 2756 (102.)
266 2677 396 2738 Phaleris
410 2678 536 2754 thyrsum
550 2678 667 2755 longnru
684 2675 788 2751 habet,
807 2686 919 2737 tenuem
944 2694 997 2737 ceu
1019 2693 1064 2735 ca-

41 2762 193 2837 solamum,
209 2763 239 2821 in
256 2779 365 2821 summo
384 2762 484 2821 llorem
500 2762 676 2834 inclinatum,
698 2777 795 2819 semen
817 2759 909 2819 simile
924 2774 1064 2818 sesamae.

76 2854 107 2904 et
120 2845 181 2903 hoc
198 2844 328 2904 calculos
344 2845 450 2921 frangit
469 2854 567 2922 potum
589 2863 629 2903 ex
648 2844 716 2902 vino
731 2842 779 2903 vel
800 2851 884 2902 aceto
901 2859 964 2903 cum
978 2840 1065 2899 melle

76 2936 108 2987 et
121 2928 213 3002 lacte,
227 2928 303 2987 idem
318 2935 347 2987 et
360 2929 428 2987 vitia
443 2929 561 2987 vesicae
573 2935 665 2988 sanat.

141 3010 247 3089 (193.)
270 3010 460 3085 Polyrrhinon
485 3010 556 3071 iolia
583 3008 670 3069 habet
692 3014 792 3086 myrti,
816 3005 931 3067 radices
954 3002 1065 3065 multas.

76 3093 134 3153 hae
146 3102 249 3234 posse
263 3094 365 3153 dautur
379 3111 396 3152 e
410 3094 476 3153 vino
493 3102 592 3153 eontra
605 3094 759 3171 serpentis,
777 3097 896 3169 prosunt
913 3097 942 3147 et
956 3087 1065 3166 quadri-

40 3194 68 3234 ιι
98 3176 149 3237 edi
169 3195 215 3237 us.

77 3193 97 3254 p
145 3261 251 3339 (104.)
273 3259 482 3337 Proserpinaca
501 3257 592 3319 herba
605 3256 734 3333 volgaris
754 3263 814 3329 est,
834 3252 929 3315 eximii
944 3253 1107 3318 adver-127

77 3360 130 3403 sns
146 3344 319 3420 scorpiones
332 3342 451 3401 remedi.
484 3340 584 3401 eadem
598 3341 729 3415 contrita,
745 3337 838 3399 addita
853 3337 942 3397 muria
956 3344 984 3395 et
999 3335 1067 3396 oleo

78 3427 215 3505 emonis,
231 3428 364 3504 anginam
382 3426 485 3485 eximie
502 3426 595 3483 curari
611 3420 732 3483 tradunt.
764 3430 916 3499 praeterea
937 3429 967 3478 et
982 3434 1067 3494 quan·
