2484 3817
139 184 199 247 112
293 219 295 223 >
482 203 514 251 e.
535 200 631 251 sunu
650 200 800 251 encoma

140 364 326 433 turgescente
343 360 527 435 siccataeque
537 356 568 413 ln
581 352 681 415 umbra
695 352 796 416 diebm
817 370 922 414 nouem
941 355 971 415 iu
990 355 1055 415 sole
1070 358 1130 416 ina-

142 450 268 502 rescunt.
298 441 410 500 iunctm
425 456 483 498 non
498 439 607 517 pariter
619 441 800 515 maturescit,
821 436 874 497 sed
895 454 963 517 pars
983 455 1059 498 anuo
1084 457 1130 499 se·
1167 454 1172 461 “

96 534 135 590 67
146 532 261 603 quente,
279 533 309 583 et
324 541 382 582 nux
396 530 525 582 vocatur.
555 520 621 579 inde
638 537 799 598 cognomen
814 520 917 582 Graeci
933 521 1051 581 dedere.
1080 520 1130 581 de·
1240 574 1241 581 ,

139 608 253 666 metitur
269 623 333 666 cum
346 607 481 665 messium
501 605 661 664 maturitate
680 604 860 684 lavatumque
881 604 984 664 deinde
1004 604 1131 679 siccatur
1240 610 1241 673 l

140 699 170 749 et
189 689 272 749 datur
285 706 349 748 cum
364 689 518 767 papaveris
532 687 606 763 nigri
620 685 731 746 duabus
749 687 877 767 partibus
892 688 930 746 ita
945 696 975 746 ut
992 687 1028 745 sit
1041 696 1154 748 totums
1240 688 1241 699 ¹

139 771 283 833 acetabuli
297 772 409 847 modus,
427 773 519 830 minus
530 769 579 828 hic
593 770 794 850 vomitionibus
810 788 893 847 quam
909 770 1058 847 superior,
1082 788 1130 829 ce-

139 857 195 915 teri
220 857 296 915 item.
338 856 427 932 aliqui
449 856 492 912 sic
516 862 546 911 et
565 852 665 911 lolium
691 855 752 913 elus
773 853 897 928 dedere,
923 870 1027 913 uocem
1056 871 1131 913 vero

139 940 232 1017 ipsam
250 939 279 997 in
296 938 388 997 mulso
402 944 450 996 aut
462 952 551 1014 passo
570 935 619 994 vel
634 954 697 995 cum
713 938 826 996 sesima.
862 936 947 996 trahit
959 937 1088 1014 pituitam
1102 945 1132 997 et
1240 976 1241 1007 r

139 1021 227 1081 bilem
248 1040 302 1099 per
322 1021 426 1080 alvom.
457 1020 516 1078 oris
542 1019 641 1079 ulcera
660 1028 756 1095 sanat,
783 1018 819 1079 ad
836 1036 936 1078 nomas
951 1021 1010 1079 oris
1029 1020 1130 1081 iulium
1240 1018 1241 1087 ζ

139 1122 203 1164 cum
216 1103 303 1162 melle
318 1111 406 1161 estur.
1142 1124 1170 1165 uo

29 1192 43 1210 ’
93 1198 132 1253 68
206 1186 290 1265 (41.)
312 1186 436 1245 Tertium
457 1203 548 1262 genus
568 1184 706 1259 tithymali
721 1183 858 1262 paralium
874 1192 994 1243 vocatur
1010 1186 1077 1245 sive
1096 1188 1131 1245 ti·
1240 1200 1241 1247 l

138 1269 271 1343 thymalis
286 1268 359 1327 folio
373 1268 507 1342 rotundo,
524 1268 606 1327 caule
621 1267 744 1345 palmum
760 1267 829 1342 alto,
845 1269 931 1327 ramis
952 1266 1130 1345 rubentibus,

34 1344 38 1350 ’
140 1353 249 1411 semine
262 1350 347 1425 albo,
370 1352 448 1427 qnod
465 1350 613 1428 colligitur
627 1351 782 1429 incipiente
795 1369 850 1410 uva
866 1360 895 1409 et
910 1351 1046 1411 siccatum
1060 1354 1131 1412 teri·

123 1445 185 1494 ·tur
199 1435 375 1510 sumiturque
389 1432 534 1493 acetabuli
547 1444 681 1493 mensura
697 1432 732 1493 ad
749 1434 945 1511 purgationes.
1093 1483 1097 1489 .

46 1574 51 1585 ,
95 1530 131 1585 69
205 1516 289 1594 (42.)
310 1516 447 1597 Qnaytnm
460 1535 554 1593 genus
566 1516 770 1595 helioscopion
784 1516 948 1593 appellaut',
970 1516 1048 1577 loliis
1062 1535 1130 1595 por·
1141 1534 1168 1575 us

139 1600 277 1676 cillaeae,
293 1600 410 1659 ramulis
427 1598 567 1660 stantibus
588 1598 717 1659 aradice
734 1608 866 1677 quattuor
880 1601 1064 1678 autquinque
1082 1620 1130 1661 ru·

138 1682 289 1758 bentibus,
307 1683 476 1762 semipedali
490 1682 654 1758 altitudine,
670 1684 732 1742 suci
752 1682 854 1760 plenis.
897 1682 954 1743 hoc
976 1682 1053 1743 circa
1076 1700 1131 1761 op·
1240 1724 1241 1757 ,

122 1766 205 1844 pida
224 1767 351 1826 nascitur
371 1768 480 1826 semine
496 1766 564 1826 albo
578 1766 718 1827 columbis
729 1766 901 1842 gratissimo.
928 1782 1032 1825 nomeu
1045 1783 1131 1827 acee-
1240 1760 1241 1827 l

34 1866 37 1870 ·
138 1851 198 1928 pit,
221 1850 354 1927 quoniam
371 1853 466 1927 capita
484 1868 547 1909 cnm
568 1850 633 1909 sole
655 1850 832 1926 circumagit.
862 1847 946 1909 trahit
968 1848 1054 1907 bilem
1074 1868 1131 1928 per
1240 1842 1241 1921 f

137 1932 249 1991 inierna
262 1933 293 1991 iu
307 1933 463 2006 oxymelite
477 1932 592 2014 dimidio
604 1932 777 2008 acetabulo,
798 1933 889 1992 ceteri
904 1950 973 1991 usus
997 1934 1045 2010 qui
1061 1932 1130 1995 cha·
1139 1957 1169 1998 uo

137 2032 246 2074 uacuae.

93 2109 131 2164 70
201 2096 286 2174 (43.)
308 2097 441 2172 Quintum
454 2099 750 2176 cyparissiauvooant
770 2107 890 2178 propter
904 2097 1039 2157 loliorum
1051 2099 1129 2159 simi·
1240 2142 1241 2189 ,

5 2209 8 2216 ,
128 2179 302 2254 litndineuu,
319 2181 402 2240 caule
415 2182 532 2256 gemino
548 2190 595 2239 ant
613 2180 729 2258 triplici.
758 2183 887 2241 nascenti
910 2182 938 2240 in
959 2183 1129 2261 campestri·
1240 2198 1241 2269 p

137 2262 192 2321 bus
206 2261 308 2321 eadem
323 2263 367 2323 ris
382 2280 457 2340 quae
470 2263 652 2340 helioscopio
670 2273 718 2322 aut
732 2262 893 2325 characias.

198 2345 282 2423 (44.)
303 2347 422 2405 Sextum
436 2345 638 2425 platyphyllon
652 2355 771 2422 vocant,
796 2348 843 2407 alii
859 2346 1057 2423 corymbiten,
1078 2348 1168 2411 allius

139 2428 332 2503 amygdaliten
358 2445 373 2487 u
403 2429 596 2489 similitudine.
639 2448 694 2489 nec
722 2429 807 2489 ullius
832 2430 935 2491 latiora
961 2440 1027 2491 suut
1046 2430 1129 2493 lolia.

139 2511 229 2589 piscis
243 2520 338 2585 necat,
352 2511 449 2571 alvom
465 2513 552 2571 solvit
567 2512 664 2571 radice
678 2512 727 2572 vel
744 2514 823 2574 foliis
836 2514 884 2573 vel
900 2530 970 2573 suco
988 2515 1018 2573 in
1032 2513 1127 2575 mulso

138 2602 186 2652 ant
200 2612 275 2670 aqua
290 2594 381 2653 mulsa
396 2593 538 2655 drachmis
555 2604 696 2673 quattuor.
725 2596 847 2657 detrahit
862 2597 993 2674 priuatim
1012 2614 1112 2675 aquas.

21 2752 24 2757 Ι
94 2686 129 2741 il
201 2676 286 2754 (45.)
308 2678 474 2754 Septumum
494 2678 668 2739 dendroides
691 2681 910 2756 cognominant,
937 2680 986 2739 alii
1011 2679 1128 2758 eebion,

138 2760 186 2819 alii
202 2759 420 2838 leptophyllon‚
436 2762 466 2819 in
479 2763 570 2840 petuis
584 2780 724 2839 nascens,
741 2764 967 2823 comosissimum
984 2782 1022 2823 ex
1038 2765 1127 2825 omui·
1137 2787 1169 2830 ac

138 2841 202 2917 bus,
218 2843 355 2902 maxumis
372 2841 520 2904 cauliculis
529 2845 706 2923 rubentibus,
721 2856 751 2906 et
761 2847 870 2907 semiue
882 2848 1128 2925 copiosissimum,

137 2925 265 2985 eiusdem
280 2926 402 2986 eliectns
419 2928 499 2987 cuius
513 2927 670 2989 characias.

92 3017 130 3071 ‘lb
203 3010 287 3088 (to.)
307 3009 402 3087 Apios
416 3009 513 3071 ischas
527 3013 589 3071 sive
604 3011 749 3090 raphanus
764 3002 855 3089 agria,
870 3013 971 3073 iuncos
986 3013 1058 3074 duos
1073 3016 1128 3075 tris

137 3093 291 3169 spargitis
306 3101 382 3154 terra
397 3094 541 3170 rubentis,
565 3095 644 3154 loliis
660 3104 757 3175 rutae,
779 3095 862 3155 radix
878 3114 985 3175 cepae,
1000 3096 1054 3157 sed
1068 3116 1127 3159 am·

137 3174 225 3252 plior,
241 3192 329 3253 qnare
342 3178 454 3255 quidam
464 3178 619 3255 raphanum
634 3178 794 3239 silvestrem
805 3188 920 3238 vocant.
946 3180 1021 3239 intus
1036 3180 1170 3243 habetes

137 3274 284 3317 mammam
299 3261 455 3338 candidam,
470 3271 552 3322 extra
567 3263 693 3322 cortices
714 3263 823 3338 nigros.
850 3264 976 3323 nascitur
997 3265 1027 3323 iu
1041 3280 1125 3324 mon·

92 3348 130 3405 73
139 3342 230 3399 tuosis
244 3345 365 3421 asperis,
380 3345 531 3423 aliquando
543 3354 573 3403 et
584 3346 613 3403 in
627 3343 770 3403 herbosis.
797 3346 929 3405 effoditur
939 3362 1010 3406 vere
1025 3356 1126 3411 tonsa-

139 3435 195 3499 qoe
208 3425 237 3483 in
259 3426 338 3486 lictlli
357 3432 510 3506 mergitur,
532 3428 705 3503 deiectoque
728 3428 805 3503 quod
824 3436 990 3509 supernatat
1012 3431 1126 3493 relicus
