2484 3817
339 162 420 211 uar,
437 162 528 213 arar.
548 163 671 213 mm.
687 161 715 214 a.
733 151 850 231 (ιι-5.)
1024 152 1083 216 159

89 315 188 377 omnia
202 314 316 375 solitum
330 333 348 376 a
361 316 497 377 Romanis
513 316 713 377 sacerdotibus
728 318 846 377 evocari
861 316 944 377 deum
959 318 1040 379 cuius
1054 320 1083 379 in

89 400 184 459 tulela
199 400 228 459 id
243 398 378 475 oppidum
393 409 472 459 esset
487 401 669 480 promittique
689 401 732 461 illi
754 401 874 464 eundem
900 410 947 461 aut
964 402 1095 480 amphio-1

89 502 155 546 rem
170 482 245 559 apud
258 482 406 541 Romanos
418 482 534 542 cultum.
564 492 594 542 et
609 485 691 544 durat
704 486 732 543 in
748 484 914 562 pontificum
930 485 1082 563 disciplina

89 567 121 626 id
143 583 273 641 sacrorn,
296 574 466 643 constatque
487 566 553 625 ideo
574 567 747 626 occultatum
768 568 795 625 in
819 568 899 625 cuius
927 568 973 626 dei
993 568 1083 627 tutela

63 649 185 711 sRoma
206 657 302 725 esset,
326 667 363 707 ne
385 650 433 725 qni
455 648 578 709 hostium
600 650 685 709 simili
706 649 792 708 modo
818 659 947 725 agerent.
986 650 1080 727 Dehgi
1092 662 1125 715 19

90 733 209 810 quidem
229 731 299 790 diris
322 731 534 810 precationibus
548 750 633 792 nemo
658 750 715 792 nou
734 734 843 792 metuit.
884 732 940 791 huc
955 735 1082 811 pertinet

90 832 215 875 ovorum
231 832 305 892 quae
321 813 505 874 exsorbnerit
519 816 640 894 quisquc
652 816 769 891 calyces
782 814 1003 894 coclearumque
1016 834 1069 894 pro

90 900 168 958 tinus
190 898 285 973 frangi
306 905 355 957 aut
377 896 495 962 eosdem
516 898 698 958 coclearibus
718 899 871 978 perforari.
902 898 968 957 hinc
988 897 1082 958 'l'heo-

91 982 157 1041 criti
170 980 247 1058 apud
262 980 400 1056 Graecos,
417 980 520 1041 Catulli
533 982 609 1059 apud
630 1000 684 1041 nos
699 999 897 1061 proxumaque
915 981 1026 1058 Vergili
1042 983 1082 1041 in·

55 1072 337 1125 recantameutorum
364 1065 499 1124 amatoria
524 1066 651 1125 imitatio.
701 1064 778 1124 multi
806 1064 965 1141 figlinarum
992 1082 1082 1144 opera

89 1150 183 1225 rumpi
201 1146 322 1207 credunt
337 1147 388 1207 tali
402 1147 499 1222 modo,
515 1165 573 1206 non
589 1151 672 1225 pauci
685 1149 769 1208 etiam
784 1149 928 1225 serpentis
939 1149 1019 1225 ipsas
1035 1166 1079 1207 re·

90 1248 199 1291 canere
220 1237 250 1289 et
271 1229 346 1288 hunc
358 1249 442 1289 unum
457 1230 514 1289 illis
530 1248 597 1289 esse
612 1231 788 1291 intellectum
804 1230 992 1308 contrahique
1007 1230 1081 1291 blar-

20 1352 24 1357 ·
90 1332 188 1383 sorum
203 1314 374 1373 oantuetiam
395 1315 424 1371 in
440 1323 578 1374 nocturna
594 1316 701 1391 quiete.
730 1313 823 1373 Etiam
838 1316 966 1391 parietes
981 1315 1077 1373 incen·
1090 1324 1124 1377 20

90 1398 203 1458 diorum
231 1396 484 1473 deprecationibus
517 1396 744 1457 conscribuntur.
795 1415 891 1474 neque
920 1406 965 1456 est
993 1397 1080 1457 facile

57 1481 171 1542 rsdiotn
195 1488 315 1539 externa
340 1478 429 1539 verba
452 1489 538 1558 atque
558 1480 713 1541 ineffabilia
738 1480 879 1557 abrogent
905 1480 989 1539 iidem
1012 1480 1079 1541 rali-

90 1564 154 1623 dius
168 1580 206 1621 an
219 1562 339 1622 Latina
330 1564 474 1640 rnopinata
495 1572 524 1622 et
545 1581 619 1641 quae
642 1564 790 1624 inridicula
811 1562 903 1621 videri
922 1563 1002 1639 cogit
1023 1565 1081 1623 aui·

88 1664 153 1705 mus
172 1663 290 1723 semper
311 1644 451 1723 aliquid
442 1664 599 1705 romensnm
621 1656 797 1724 exspectans
824 1662 859 1704 ae
885 1644 1000 1721 dignum
1025 1646 1079 1706 deo

89 1728 282 1804 movendo,'
273 1746 358 1789 nmmo
380 1746 452 1789 vero
474 1729 552 1807 quod
565 1730 670 1788 numini
684 1732 817 1804 imperet.
841 1726 921 1785 Dixit
935 1726 1077 1787 llomerus
1089 1740 1119 1791 ιι

89 1811 260 1890 profluuium
275 1813 420 1889 sanguinis
433 1812 585 1871 volnerato
596 1811 702 1870 femine
718 1810 831 1870 Ulixem
846 1808 1002 1868 inhibuisse
1019 1826 1080 1868 car-

53 1896 182 1966 aomine,
196 1893 410 1972 Theophrastus
426 1893 600 1953 ischiadicos
615 1892 725 1970 sanari,
751 1891 823 1952 Cato
839 1892 962 1971 prodidit
977 1891 1081 1951 luxatis

92 1975 231 2037 membris
251 1996 365 2037 carmen
388 1977 544 2052 auxiliare,
570 1975 609 2035 Μ.
632 1977 727 2036 Varro
750 1976 897 2053 podagris.
927 1974 1080 2035 Gaesarem

91 2062 263 2121 dictatorem
278 2070 345 2139 post
367 2079 451 2120 unum
467 2061 620 2138 ancipitem
640 2059 765 2119 vehiculi
783 2077 879 2119 casum
897 2058 992 2117 ierunt
1007 2078 1079 2118 sem·
1149 2077 1150 2083 ¹

91 2162 147 2223 per
162 2151 194 2202 ut
214 2145 332 2221 primum
353 2144 551 2219 consedisset,
574 2144 603 2203 id
619 2143 695 2221 quod
710 2143 867 2221 plerosque
884 2161 958 2201 nunc
978 2142 1078 2201 iacere

91 2228 215 2301 luimus,
237 2228 363 2287 carmine
378 2236 424 2287 ter
439 2228 565 2306 repetito
588 2228 770 2286 securitatem
791 2228 921 2286 itinerum
943 2228 1078 2303 aucupari

57 2311 219 2372 assolitam.

155 2393 219 2471 (5)
172 2392 324 2453 L5ibet
343 2390 416 2453 hanc
437 2401 545 2471 partem
560 2393 737 2469 singulorum
762 2409 877 2490 quoque
902 2392 1121 2452 conscientiam

93 2494 264 2551 coarguere.
288 2493 340 2535 cnr
353 2478 426 2535 enim
440 2478 559 2554 primum
571 2477 635 2535 anni
651 2476 813 2552 incipientis
828 2475 902 2535 diem
918 2474 1001 2534 laetis
1013 2491 1078 2552 pre-

92 2558 283 2619 sationibus
274 2559 394 2618 ruvicem
414 2558 535 2620 faustum
555 2557 731 2619 ominamur?
764 2577 814 2618 cnr
835 2557 958 2636 publicis
982 2557 1079 2616 lustris

91 2643 177 2703 etiam
201 2644 316 2702 nomina
339 2644 467 2702 victimas
492 2632 654 2703 ducentium
683 2659 823 2720 prospera
845 2637 998 2717 eligimus?
1030 2657 1080 2698 our

57 2724 355 2785 meffascrnatronrbus
365 2725 532 2785 adoratione
543 2726 683 2804 pecuharr
692 2742 866 2785 occurrimus
884 2724 931 2784 alu
940 2722 1079 2782 Graecam

91 2808 263 2869 Nemesim
254 2817 437 2906 revocantes,
461 2810 541 2867 cuius
558 2808 595 2867 oh
611 2809 639 2868 id
652 2808 760 2867 Rornae
783 2805 988 2867 simulacrum
980 2822 1008 2863 ιιι
1025 2803 1077 2865 Ga·

91 2891 194 2970 pitolio
210 2900 267 2968 est,
286 2893 414 2969 quamvis
426 2891 553 2951 Latinum
568 2908 673 2951 nomen
690 2890 818 2951 nonsit?
840 2907 890 2947 cur
906 2888 941 2947 ad
955 2886 1074 2945 mentio·
1063 2898 1120 2952 -a3

91 2992 158 3033 nem
167 2975 368 3034 defunctorum
380 2983 516 3035 testamur
529 2975 693 3033 memoriam
705 2992 804 3033 eorum
819 2990 835 3031 a
850 2970 933 3029 nobis
948 2986 1005 3027 non
1019 2970 1077 3029 sol·

93 3057 216 3118 licitari?
245 3075 297 3118 cur
316 3059 432 3135 inpares
453 3074 586 3116 numeros
609 3056 751 3117 adomnia
766 3055 997 3116 vehementiores
1016 3066 1077 3114 cre·

59 3141 199 3219 sedimus,
222 3141 340 3240 idque
331 3158 361 3199 ιιι
380 3140 508 3200 febribus
528 3140 636 3200 dierum
656 3140 860 3199 observatione
882 3133 1077 3212 intellegitur?

95 3242 146 3284 cnr
154 3226 192 3285 ad
205 3224 346 3304 primitias
360 3240 508 3321 pomorum
519 3222 593 3283 haee
603 3232 703 3282 vetera
715 3241 780 3283 esse
792 3222 920 3295 dicimus,
936 3219 989 3279 alia
1002 3236 1076 3278 nova

93 3306 247 3387 optamus?
275 3326 327 3368 cnr
348 3308 521 3367 sternueutis
542 3307 711 3381 salutamus,
736 3305 812 3383 quod
837 3304 918 3363 etiam
934 3301 1076 3363 'liberium

92 3390 259 3468 Gaesarem,
273 3392 475 3467 tristissimum,
491 3400 521 3450 nt
536 3397 657 3465 constat,
673 3387 833 3448 homiuem
825 3405 853 3446 m
865 3385 996 3447 vehiculo
1008 3402 1075 3443 exe-
