2484 3817
278 139 897 217 uuu.1rrsr.xxxvr.2s.2t(6n-ss.)
1028 139 1085 200 141

88 305 297 368 hereditate
269 304 333 366 erus
355 306 404 385 qui
425 304 594 385 praefuerat
609 302 750 382 Aegypto
768 303 943 364 obsianam'
934 306 1088 389 imaginem

88 389 234 466 Menelai,
264 409 303 449 ex
329 408 384 468 qua
406 388 527 468 adparet
547 389 694 466 antiquior
714 389 854 448 materias
879 389 982 466 origo,
1012 408 1088 450 nunc

89 476 157 534 vitri
172 472 357 534 similitudine
373 471 557 552 interpolata
586 469 772 531 Xenocrates
794 471 943 531 obsianum
955 472 1088 552 lapidem

89 561 119 618 in
132 557 212 618 ludia
225 566 260 619 et
275 558 305 616 in
320 557 436 619 Samnio
453 555 555 617 ltaliae
577 564 609 615 et
623 556 658 615 ad
674 573 813 616 oceanum
833 556 864 613 iu
881 553 1018 632 Hispania
1031 568 1088 636 tra·

63 642 130 702 sdit
145 645 232 702 nasci.
258 642 305 702 Fit
320 650 350 701 et
365 643 507 703 tincturae
523 658 636 718 genere
653 639 813 716 obsianum,
826 638 860 698 ad
876 641 988 700 escaria
998 659 1067 702 vasa
1079 653 1132 708 198

89 735 119 786 et
141 735 233 786 totum
254 725 364 786 rubens
383 726 488 783 vitrum
512 733 600 802 atque
625 741 684 783 nou
708 722 873 799 tralucens,
895 721 1088 789 haematinum

87 810 273 889 appellatum
306 809 338 868 iit
353 817 383 868 et
398 808 495 867 album
506 816 535 868 et
550 809 676 867 murrina
692 815 739 866 aut
753 806 924 882 hyacinthos
940 809 1089 885 sappiros-

87 912 144 972 que
159 895 300 952 imitatum
317 901 347 952 et
365 891 498 953 omnibus
515 891 580 950 aliis
601 891 771 966 coloribus,
794 909 850 950 uec
872 899 918 950 est
939 891 995 950 alia
1014 908 1089 950 nunc

3 1034 4 1037 ,
87 979 243 1056 sequacior
259 979 380 1037 materia
396 984 444 1036 aut
461 978 548 1035 etiam
562 977 693 1052 picturae
708 973 961 1035 adcommodatior.
991 993 1089 1034 maxu-

49 1083 77 1124 m
86 1079 150 1120 mus
170 1069 267 1120 tamen
286 1059 415 1120 honos
406 1079 437 1119 ιιι
465 1059 587 1119 candido
608 1059 819 1120 tralucentibus
840 1077 923 1138 quarn
947 1075 1088 1138 proxuma

87 1143 221 1242 crystalli
232 1142 428 1204 similitudine
449 1163 518 1203 usus
534 1161 606 1204 vero
618 1144 653 1203 ad
665 1143 819 1222 potandum
830 1145 943 1242 argenti
953 1141 1069 1202 metalla
1082 1153 1132 1209 199

87 1237 119 1288 et
141 1229 202 1287 auri
224 1226 345 1306 pepulit.
381 1237 428 1288 est
450 1236 546 1288 autem
570 1228 678 1288 caloris
697 1230 860 1307 inpatiens,
882 1231 910 1287 ni
933 1226 1089 1305 praecedat

86 1311 210 1388 frigidus
234 1311 332 1389 liquor
354 1331 417 1372 cum
439 1312 534 1372 addita
553 1321 640 1391 aqua
646 1315 759 1374 vitreae
780 1311 858 1389 pilae
881 1311 945 1372 sole
962 1311 1087 1376 adverso

87 1397 117 1454 in
133 1403 242 1454 tautum
257 1395 431 1457 candescant
444 1405 475 1456 ut
492 1399 585 1457 vestis
601 1405 732 1457 exurant.
763 1395 936 1472 Fragmenta
955 1403 1088 1473 teporata

49 1498 77 1538 ιι
86 1479 301 1557 adglutinantur
321 1489 444 1558 tantum,
465 1500 565 1540 rursus
583 1490 645 1540 tota
662 1479 740 1539 fundi
757 1495 815 1537 non
834 1487 943 1556 queunt
956 1488 1087 1556 praeter·

87 1583 171 1642 quam
191 1565 314 1642 abrupta
338 1567 455 1625 sibimet
481 1566 510 1623 in
538 1572 654 1640 guttas,
683 1563 772 1622 veluti
797 1581 861 1621 cum
889 1561 991 1621 calculi
1017 1563 1087 1622 fiunt

86 1666 160 1726 quos
185 1649 300 1726 quidam
322 1648 460 1707 abaculos
482 1645 648 1724 appellant,
677 1646 789 1724 aliquos
814 1654 844 1706 et
871 1645 1001 1724 pluribus
1027 1664 1088 1706 mo·

86 1732 130 1791 dis
153 1730 365 1791 versicolores.
402 1732 507 1790 vitrum
527 1728 639 1806 sulpuri
663 1739 834 1820 concoctum
855 1730 1065 1790 feruminatur
1057 1750 1087 1790 ru

48 1814 219 1954 ²⁰lapidem

63 1898 232 1975 offis.)
254 1895 293 1956 Et
309 1897 437 1974 peractis
457 1896 589 1956 omnibus
609 1911 685 1974 quae
700 1897 857 1978 constant
848 1899 985 1975 ingenio,
1002 1907 1064 1958 arte
1076 1911 1130 1964 200

86 1989 216 2041 naturam
232 1981 374 2059 faciente,
398 1984 539 2040 succurrit
558 1982 656 2041 mirari
672 1979 741 2039 nihil
758 1998 851 2059 paene
868 1999 927 2041 nou
942 1984 1002 2060 igni
1021 2000 1085 2060 per·

85 2067 141 2126 fici.
188 2064 238 2125 27.
258 2067 365 2142 accipit
381 2065 505 2124 harenas
521 2065 678 2142 exquibus
693 2065 782 2124 aliubi
799 2065 918 2142 vitrum,
935 2065 1023 2126 aliubi
1038 2085 1084 2126 ar·

85 2157 215 2228 gentum,
231 2148 319 2208 aliubi
331 2150 458 2226 minium,
469 2148 557 2207 aliubi
571 2148 682 2226 plumbi
691 2167 812 2226 genera,
827 2108 918 2208 aliubi
927 2152 1086 2228 pigmenta,

85 2234 173 2293 aliubi
184 2233 392 2293 medicamenta
408 2232 539 2292 fundit]
530 2251 590 2319 rgnr
583 2231 745 2309 lapides
736 2245 765 2291 ιιι
781 2240 832 2292 a'es
846 2234 1033 2334 solvuntur,
1025 2237 1086 2313 rgni

48 2339 74 2378 m
85 2319 194 2378 ferrum
210 2318 341 2394 gignitur
354 2335 389 2376 ac
406 2298 580 2392 domatur‚'
572 2317 632 2392 rgni
650 2333 748 2376 aurum
764 2317 931 2396 perficitur,
947 2321 1006 2416 igni
1022 2338 1085 2380 cre·

85 2409 162 2458 mato
182 2400 277 2478 lapide
299 2409 449 2461 caementa
470 2402 499 2459 in
525 2402 612 2459 tectis
636 2399 769 2476 ligantur.
806 2400 862 2460 alia
885 2405 1001 2479 saepius
1018 2405 1061 2462 uri
1076 2413 1124 2467 201

86 2483 225 2560 prodest,
242 2484 401 2564 eademque
413 2485 532 2544 materia
544 2483 620 2551 aliud
633 2487 726 2561 gignit
741 2486 841 2563 primis
857 2486 993 2561 ignibus,
1009 2486 1085 2546 aliud

86 2566 239 2643 secundis,
259 2568 337 2628 aliud
350 2571 463 2645 tertiis,
484 2568 597 2646 quando
612 2569 678 2645 ipse
697 2570 786 2629 carbo
802 2570 874 2628 viris
891 2568 1000 2629 babere
1016 2571 1085 2630 inci·

87 2651 129 2728 pit
149 2653 305 2711 restinctus
333 2663 419 2730 atque
447 2653 586 2713 interisse
609 2653 737 2712 creditus
758 2654 876 2713 maioris
901 2654 933 2710 iit
958 2656 1082 2715 virtutis.
1137 2653 1138 2662 ’

48 2752 76 2793 so
86 2735 232 2811 inmensa,
250 2736 373 2813 inproba
388 2756 486 2801 rerum
500 2745 620 2796 naturae
635 2739 734 2813 portio
755 2745 784 2796 et
799 2739 829 2795 iu
845 2752 899 2812 qua
915 2736 1030 2798 dubium
1046 2740 1084 2798 sit

86 2818 167 2897 plura
182 2819 313 2878 absumat
328 2836 364 2878 an
380 2822 482 2897 pariat.
719 2839 722 2846 ·

149 2903 231 2981 (69.)
251 2901 304 2963 Est
320 2910 349 2962 et
363 2904 435 2980 ipsis
452 2905 568 2981 ignibus
581 2903 693 2964 medica
707 2906 761 2962 vis.
787 2903 975 2980 pestilentiae
988 2923 1061 2982 quae
1073 2909 1125 2971 boa

87 2986 293 3046 obscuratione
311 2985 384 3045 solis
400 2987 593 3064 contrabitur,
614 2990 699 3064 ignes
714 2990 739 3045 si
763 2987 846 3064 fiant,
869 2987 1083 3050 multiformiter

86 3071 217 3129 auxiliari
232 3078 342 3129 certum
360 3078 415 3130 est.
447 3069 642 3148 Empedocles
660 3080 690 3130 et
704 3069 898 3148 Hippocrates
922 3071 951 3130 id
966 3071 1083 3132 demon·
1175 3085 1184 3104 ·

48 3162 219 3215 castravere
233 3153 453 3214 diversislocis.
472 3153 716 3215 Adconvolsa
732 3157 920 3216 interiora
935 3158 1082 3218 viscera

85 3247 147 3319 ant
162 3255 229 3297 con
239 3246 361 3315 tunsa,
373 3237 410 3297 hl.
427 3237 574 3298 Varro-
587 3241 661 3316 ipsis
677 3240 752 3300 enim
764 3239 862 3299 verbis
876 3243 938 3300 eius
954 3249 1018 3299 utar
1026 3275 1080 3317 -,
1118 3255 1120 3258 ·

84 3323 196 3399 pyxis
210 3323 396 3401 sit,inquit,
411 3322 529 3382 focus.
548 3323 636 3383 inde
652 3325 742 3382 enim
757 3325 855 3384 cinis
871 3324 985 3384 fixius
1000 3333 1124 3403 [ιο-203

84 3412 143 3465 tas
159 3405 344 3487 medetur,
368 3407 467 3468 licet
486 3407 623 3467 videre
646 3407 899 3486 gladiatores,
921 3425 996 3469 cum
1016 3409 1080 3470 de·
