2484 3817
130 213 192 274 300
482 223 510 289 c,
526 225 621 272 acuar
637 221 788 270 succum

86 380 200 444 84duat
220 397 255 438 ac
272 387 443 456 perungunt.
472 378 611 437 illuricum
630 377 679 437 vel
699 375 915 450 conchyliorum
935 386 1030 437 testae
1052 378 1124 437 cinis

128 464 255 522 maculas
270 465 297 520 in
313 462 387 522 iacie
403 461 551 520 mulierum
563 469 669 538 purgat
684 477 746 520 cum
758 459 845 518 melle
859 460 958 520 inlitus
972 471 1125 539 cutemque

128 555 276 622 erugatet
292 545 419 604 extendit
438 545 567 622 septenis
587 544 689 602 diebus
706 543 802 602 inlitus
823 545 862 602 ita
882 553 914 603 ut
933 553 1039 604 octavo
1058 563 1124 604 can·

129 629 196 689 dido
215 646 333 688 ovorum
353 629 515 687 foveantur.
544 629 680 698 muricum
702 628 821 703 generis
841 636 906 686 sunt
926 645 1001 705 quae
1017 637 1125 688 vocant

126 712 232 772 Graeci
255 711 396 787 coluthia,
417 711 463 772 alii
488 710 642 788 coryphia,
662 710 803 770 turbinata
824 728 917 788 aeque
940 711 993 770 sed
1014 714 1150 771 minorae

126 797 226 872 multo,
243 797 409 856 efficaciora
426 796 510 854 etiam
526 803 555 852 et
570 795 629 853 cris
640 793 759 854 halitum
772 793 971 854 custodientia.
991 795 1125 870 ichthyo-

128 879 204 939 colla
221 889 322 957 erugat
342 889 436 938 cutem
461 875 646 954 extenditque
665 879 693 936 in
714 893 788 954 aqua
808 876 931 937 decocta
947 877 1027 939 horis
1044 888 1125 956 quat-

83 973 207 1044 85,tuor,
225 964 291 1024 dein
307 971 445 1022 contunsa
461 969 491 1019 et
508 960 627 1020 subacta
642 960 677 1020 ad
692 959 834 1037 liquorem
847 979 941 1040 usque
958 962 1062 1022 mellis.
1085 965 1125 1022 ita
1145 1003 1153 1018 .

127 1055 301 1126 praeparata
316 1047 344 1104 in
358 1062 429 1104 vase
444 1061 520 1103 novo
538 1044 669 1102 conditur
683 1046 755 1102 etin
769 1061 822 1103 usu
836 1053 970 1123 quattuor
981 1046 1125 1107 drach-is

127 1131 189 1189 eius
205 1131 289 1189 binae
309 1129 435 1206 sulpuris
451 1135 481 1186 ct
495 1125 641 1186 anchusae
657 1126 783 1203 totidem,
800 1136 868 1187 octo
885 1146 1003 1207 spumae
1019 1147 1123 1206 argen-
1134 1146 1159 1186 io

126 1221 193 1272 teae
204 1212 344 1271 adduntur
356 1211 553 1289 adspersaque
566 1227 641 1289 aqna
651 1219 780 1270 teruntur
791 1227 856 1270 una.
879 1214 923 1271 sic
937 1213 1016 1272 inlita
1032 1212 1124 1272 iacies

126 1305 194 1374 post
210 1303 343 1372 quattuor
357 1293 445 1354 horas
464 1293 597 1352 abluitur.
625 1293 755 1353 medetur
769 1302 799 1352 et
814 1295 945 1372 lentigini
960 1298 1125 1374 ceterisque

126 1379 201 1436 vitiis
216 1395 254 1436 ex
271 1376 385 1436 ossibus
400 1378 561 1455 saepiarum
577 1378 658 1435 cinis.
681 1377 756 1436 idem
771 1387 800 1435 et
815 1380 910 1438 carnis
925 1381 1125 1440 excrescentis
1214 1418 1221 1434 .

125 1461 200 1520 tollit
216 1470 246 1519 et
260 1459 353 1520 umida
372 1461 481 1522 ulcera.
511 1460 538 1521 8.
559 1459 666 1520 Psoras
680 1459 756 1519 tollit
770 1478 839 1521 rana
853 1462 976 1522 decocta
991 1465 1021 1522 in
1035 1464 1123 1522 herni-

124 1547 169 1603 nis
185 1545 309 1623 quinque
330 1561 423 1621 aquae
443 1545 585 1618 marinae,
610 1544 735 1621 excoqui
756 1543 844 1604 debet
861 1544 957 1605 donec
981 1548 1019 1606 sit
1039 1547 1158 1606 lenti-rs

82 1639 118 1692 86
129 1627 197 1686 tudo
215 1628 319 1687 mellis.
347 1629 377 1687 ht
389 1629 417 1686 in
435 1629 505 1686 mari
521 1628 692 1701 alcyoneum
704 1628 892 1705 appellatum,
909 1647 926 1688 e
946 1629 1020 1688 nidis
1031 1639 1061 1690 ut
1072 1631 1123 1690 ali·

127 1711 174 1788 qui
187 1713 350 1772 existimant
362 1711 514 1786 alcyonum
526 1719 555 1769 et
568 1728 698 1788 coycum,
710 1719 742 1769 ot
755 1710 801 1771 alii
816 1712 950 1772 sordibus
962 1731 1123 1792 spumarum

126 1794 387 1870 crassescentibus,
405 1794 452 1856 alii
468 1795 564 1853 elimo
577 1794 624 1853 vel
638 1795 759 1872 quadam
773 1798 859 1855 maris
875 1797 1020 1872 lanugine.
1043 1807 1123 1876 quat

123 1887 191 1938 tuor
206 1879 267 1938 eius
284 1895 408 1954 genera:
429 1880 573 1938 cinereum
590 1879 729 1956 spissum,
748 1879 847 1938 odoris
869 1882 981 1958 asperi,
1002 1879 1123 1940 alterum

124 1961 223 2036 molle,
239 1961 343 2035 lenius,
360 1961 450 2020 odore
465 1961 530 2043 iere
544 1961 640 2037 algae,
651 1963 766 2021 tertium
778 1962 949 2022 candidioris
962 1965 1121 2040 vermiculi,
1129 1987 1158 2027 m

81 2053 116 2110 87
128 2053 258 2122 quartum
268 2044 455 2120 pumicosius,
466 2062 615 2122 spongeae
628 2046 702 2122 putri
715 2046 818 2108 simile.
840 2063 935 2124 paene
948 2065 1122 2126 purpureum

91 2173 97 2186 .
125 2126 203 2205 qood
217 2135 371 2205 optumum,
380 2127 438 2186 boc
450 2127 629 2187 etllilesium
640 2136 772 2189 vocatur.
795 2146 852 2207 quc
868 2129 1014 2190 candidius
1028 2140 1121 2190 autem

124 2209 182 2270 hoc
198 2211 289 2268 minus
304 2208 456 2287 probabile
481 2219 536 2269 est.
560 2211 605 2269 vis
621 2226 720 2270 eorum
736 2221 766 2271 ut
782 2212 967 2288 exulcerent,
986 2223 1121 2292 purgent.

125 2311 193 2351 usus
209 2294 293 2366 tostis
309 2301 337 2351 et
353 2293 414 2352 sine
430 2293 506 2354 cleo.
529 2294 600 2352 mire
615 2293 722 2372 lepras,
742 2295 882 2369 lichenas,
899 2296 1053 2373 lentigines
1065 2298 1120 2357 tol·

125 2375 185 2435 lunt
200 2393 263 2434 cum
286 2376 384 2453 lupino
400 2385 429 2434 et
444 2376 568 2455 sulpuris
582 2376 694 2436 duobus
709 2378 815 2440 obolis.
844 2379 987 2453 alcyoneo
1007 2390 1120 2440 utuntur
1128 2401 1156 2441 as

125 2458 204 2518 etad
227 2458 375 2519 oculorum
397 2461 559 2520 cicatrices.
586 2460 718 2520 Andreas
737 2461 774 2522 ad
794 2463 893 2542 lepras
908 2465 1005 2523 caueri
1021 2465 1119 2524 cinere

125 2560 187 2602 cum
208 2543 275 2602 oleo
291 2561 359 2602 usus
378 2551 434 2619 est,
450 2543 563 2602 Attalus
579 2543 678 2619 thynni
694 2545 780 2624 adipe
794 2548 917 2607 recenti.

81 2635 118 2691 88
189 2626 272 2706 (28.)
294 2625 360 2686 Oris
374 2625 473 2686 ulcera
490 2644 633 2687 menarum
648 2630 737 2688 muria
764 2638 794 2688 et
815 2631 939 2707 capitum
960 2631 1032 2690 cinis
1055 2649 1119 2690 cum

124 2709 212 2769 melle
228 2719 317 2769 sanat.
348 2719 469 2769 strumas
492 2712 580 2788 pungi
603 2712 692 2790 piscis
715 2713 777 2771 eius
792 2714 839 2790 qui
853 2731 922 2773 rana
938 2715 1053 2775 inmari
1068 2733 1117 2793 ap·

125 2793 249 2871 pellatur
264 2793 391 2853 ossiculo
407 2793 526 2852 ecauda
540 2797 578 2854 ita
594 2803 625 2853 ut
640 2813 697 2854 nou
711 2795 845 2856 volueret
859 2795 989 2875 prodest.
1009 2798 1116 2858 iacien-
1127 2813 1155 2855 ac

125 2875 190 2934 dum
206 2876 234 2934 id
248 2876 352 2936 cotidie
368 2877 461 2936 donec
478 2887 677 2954 percurentur.
708 2879 807 2939 eadem
821 2881 866 2940 vis
885 2890 931 2941 est
952 2884 1119 2960 pastinacae

123 2959 205 3019 radio
222 2969 250 3021 et
266 2960 360 3038 lepori
380 2961 490 3020 marino
507 2962 635 3039 inposito
650 2964 689 3020 ita
710 2970 740 3020 ut
755 2963 892 3023 celeriter
906 2973 1118 3041 removeantur,

125 3042 220 3103 echini
234 3043 318 3103 testis
334 3045 481 3106 contunsis
497 3053 526 3104 et
541 3063 578 3104 ex
593 3052 679 3103 aceto
694 3045 799 3122 inlitis,
821 3048 889 3106 item
905 3046 1118 3127 scolopendrae

123 3129 249 3186 marinae
266 3143 283 3185 e
299 3127 400 3204 melle,
425 3145 531 3188 cancro
545 3127 675 3188 fluviatili
691 3132 814 3190 contrito
835 3131 883 3191 vei
905 3131 1057 3192 combusto
1080 3147 1118 3190 ex

125 3209 220 3269 melle.
249 3211 368 3271 mirifice
384 3220 505 3289 prosunt
526 3220 555 3271 et
570 3212 688 3288 saepiae
709 3229 778 3272 ossa
799 3225 862 3275 cum
877 3216 1001 3291 axungia
1016 3224 1153 3276 veterem

81 3303 118 3358 89
130 3302 269 3353 contunsa
282 3303 311 3354 et
325 3294 415 3355 inlita.
436 3297 485 3356 Sic
501 3303 530 3354 et
544 3293 580 3355 ad
595 3296 744 3374 parotidas
755 3305 876 3374 utuntur,
893 3305 922 3356 ct
937 3300 1014 3358 sauri
1028 3299 1117 3378 piscis

124 3376 225 3434 marini
236 3375 421 3453 iocineribus,
435 3380 501 3456 quin
516 3385 546 3436 ct
557 3380 639 3437 testis
652 3380 715 3440 cadi
729 3379 937 3440 salsamentarii
950 3384 1116 3441 tansiacum

126 3461 248 3537 axungia
265 3468 381 3536 vetere,
407 3464 541 3522 muricum
560 3461 658 3520 cinere
672 3479 709 3521 ex
732 3463 799 3523 oleo
821 3464 857 3524 ad
878 3465 1025 3544 parotidas
1042 3473 1116 3524 sbu-
