2484 3817
299 223 380 272 nar.
395 222 488 276 mer.
503 225 602 273 xxxa
630 221 717 277 4—6.
750 209 902 289 (aa—eu.)
1037 207 1098 269 271

98 380 168 441 tatis
183 388 380 455 argumentum
394 388 424 439 et
436 378 513 439 aliud
527 388 574 439 est
584 378 662 457 quod
672 378 779 439 nullum
794 376 929 453 balitum,
941 392 999 435 non
1012 374 1099 445 modo
1203 430 1205 435 .

98 462 234 525 nebulam
249 463 359 522 emittit.
398 464 447 541 qni
467 464 568 523 uolunt
587 463 742 539 diligentes
768 462 844 523 cirea
867 461 925 521 boc
945 459 1038 521 rideri
1059 458 1099 519 di·

102 555 171 606 cunt
189 564 278 624 aquas
291 549 444 624 grauiores
459 556 527 625 post
539 546 668 606 brumam
682 546 753 605 lieri.

165 630 193 691 6.
217 630 300 709 (31.)
323 629 460 690 Ceterum
474 648 491 690 a
505 630 587 690 fonte
603 630 668 690 duci
679 627 816 691 fictilibus
827 626 904 687 tubis
918 627 1098 688 utilissimum
1108 633 1142 693 cl

71 723 148 775 sest
162 714 351 774 crassitudine
370 713 468 773 binum
488 713 659 791 digitorum,
685 712 869 773 conmissuris
892 711 1037 791 pyxidatis
1060 713 1100 771 ita

99 808 133 857 ut
147 799 282 875 superior
298 798 403 874 intret,
427 797 510 857 calce
528 800 593 857 riva
612 816 652 858 en
674 796 742 857 oleo
764 796 907 872 levigatis.
947 794 1100 855 libramen·

101 890 161 940 tum
191 898 284 959 aquae
316 882 343 941 in
372 891 511 941 centenos
535 881 628 958 pedes
658 881 762 941 sicilici
793 880 946 939 minumum
975 879 1046 954 erit,
1073 879 1099 937 si

101 964 236 1025 cuniculo
249 964 363 1039 veniet,
385 966 414 1025 in
426 965 512 1025 binos
526 973 609 1025 actus
624 965 729 1025 lumina
745 982 812 1024 esse
827 962 983 1023 debebunt.
1016 978 1100 1040 quam

100 1066 225 1125 surgere
240 1049 268 1108 iu
285 1048 408 1109 sublime
423 1066 498 1128 opus
517 1049 603 1109 luerit
622 1048 740 1127 plumbo
756 1049 861 1107 ueniat.
887 1047 962 1107 subit
976 1044 1100 1106 altitudi-

65 1150 167 1197 ncnem
192 1142 312 1192 exortus
332 1134 387 1192 sui.
418 1135 443 1193 si
463 1134 598 1209 longiore
619 1142 713 1194 tractu
733 1134 844 1208 veniet,
870 1130 973 1192 subeat
995 1129 1100 1191 crebro

100 1216 336 1296 descendatque,
349 1234 387 1277 ne
403 1217 573 1277 libramenta
587 1225 719 1295 pereant.
749 1216 859 1277 fistulas
874 1215 978 1275 denum
992 1213 1097 1293 pedum
1108 1222 1144 1279 58

99 1300 289 1376 longitudinis
304 1318 371 1360 esse
385 1301 546 1379 legitimum
560 1310 606 1361 est
623 1310 669 1378 st,
685 1302 710 1361 si
727 1300 875 1378 quinariae
893 1307 993 1373 erunt,
1015 1315 1099 1358 sena-

99 1401 176 1461 gena
201 1384 299 1463 pondo
321 1385 468 1464 pendere,
493 1388 518 1446 si
539 1386 727 1460 colonariae,
750 1393 890 1458 centena,
912 1384 936 1442 si
954 1382 1100 1459 denariae,

101 1476 223 1528 centena
237 1469 358 1546 vicena,
379 1486 415 1530 ac
429 1470 534 1529 deinde
555 1467 591 1529 ad
615 1469 669 1529 bas
689 1470 850 1547 portiones.
879 1466 997 1527 denaria
1020 1466 1099 1545 apel-

66 1552 175 1619 15latur
196 1554 276 1611 cuius
297 1551 409 1614 lamnae
430 1552 569 1626 latitudo,
592 1562 746 1630 antequam
766 1558 918 1623 curvetur,
947 1548 1100 1627 digitorum

74 1630 78 1634 ’
100 1634 202 1695 decem
217 1645 279 1710 eet,
295 1636 471 1713 dimidioque
490 1638 552 1695 eius
569 1637 707 1711 quinaria.
736 1636 765 1692 in
779 1632 909 1693 uniraotu
923 1634 997 1689 omni
1014 1633 1100 1693 collis

100 1720 256 1796 quinariam
268 1720 348 1793 lieri,
362 1718 412 1777 'ubi
427 1719 559 1777 dometur
571 1719 713 1794 impetus,
736 1714 933 1773 neceesarium
948 1720 1008 1789 est,
1032 1716 1099 1775 item

101 1799 238 1876 castella,
252 1807 340 1879 prout
349 1818 399 1859 res
415 1802 523 1877 exiget.

164 1882 247 1962 (32.)
269 1881 423 1942 Homerum
436 1881 593 1941 calidorum
605 1880 724 1941 lentium
734 1881 907 1941 mentionem
919 1895 977 1941 non
987 1878 1097 1941 iecisse
1108 1891 1143 1946 59

61 1990 92 2032 20
103 1966 244 2043 demiror,
260 1982 323 2023 cum
338 1964 447 2043 alioqui
461 1965 552 2025 lavari
567 1963 661 2024 calida
681 1964 848 2044 frequenter
868 1964 1033 2041 induceret,
1057 1964 1099 2024 vi·

102 2049 209 2109 delicet
225 2050 291 2126 qnia
306 2048 447 2111 medicina
461 2059 529 2108 tunc
540 2066 597 2108 non
614 2058 677 2107 erat
693 2049 767 2109 baec
782 2066 856 2127 quae
871 2066 945 2109 nunc
963 2064 1099 2127 aquarum

99 2132 235 2215 perfugio
252 2134 346 2193 utitur.
379 2142 426 2193 est
440 2142 534 2193 autem
548 2134 624 2192 utilis
645 2132 791 2211 sulpurata
810 2134 924 2209 nervis,
947 2131 1097 2193 aluminata

39 2255 49 2268 ·
100 2217 269 2297 paralyticis
290 2225 339 2278 aut
360 2216 444 2277 simili
465 2217 553 2278 modo
576 2217 693 2293 solutis,
721 2216 886 2277 bituminata
907 2225 955 2277 ant
976 2217 1097 2291 nitroso,

101 2302 193 2380 qualis
211 2298 314 2361 Cutilia
331 2310 392 2378 est,
408 2300 535 2361 bibendo
555 2309 642 2379 atque
658 2299 886 2377 purgationibus.
917 2300 1051 2379 plerique
1066 2302 1094 2360 in
1105 2311 1141 2366 σο

65 2385 195 2462 augloria
213 2384 319 2445 ducunt
335 2384 474 2463 plurumis
497 2384 577 2444 boris
599 2386 712 2463 perpeti
735 2383 862 2444 calorem
884 2402 998 2458 earum,
1020 2384 1097 2462 quod

102 2477 148 2528 est
161 2470 400 2545 inimicissimum,
424 2486 548 2547 namque
567 2467 655 2546 paulo
678 2466 782 2527 diutius
807 2486 890 2546 quam
910 2467 1034 2527 balineis
1055 2468 1096 2528 uti

102 2560 233 2628 oportet,
249 2569 284 2611 ac
300 2562 403 2630 postea
419 2552 524 2629 irigida
540 2550 701 2627 dulcedine,
717 2569 772 2611 nec
785 2552 848 2611 sine
864 2552 932 2612 oleo
946 2549 1096 2610 disceden-

102 2636 155 2710 tis,
169 2634 245 2711 quod
257 2634 362 2711 uolgus
375 2637 496 2696 alienum
511 2634 677 2712 arbitratur,
692 2635 803 2696 idcirco
814 2652 871 2695 non
886 2633 953 2695 alibi
965 2634 1095 2710 corpori·

102 2718 155 2777 bus
170 2719 262 2793 magis
281 2717 429 2795 obnoxiis,
446 2720 553 2797 quippe
565 2728 594 2778 et
607 2720 740 2777 vastitate
755 2717 853 2778 odoris
870 2718 965 2797 capita
979 2717 1094 2794 replen-

66 2811 148 2865 eotur
169 2809 198 2860 et
216 2800 327 2875 frigore
346 2801 516 2862 infestantur
536 2802 681 2876 sudantia,
702 2803 812 2881 reliqua
837 2817 990 2879 corporum
1011 2809 1095 2878 parte

102 2902 207 2945 mersa.
235 2883 336 2942 similis
348 2902 444 2959 error,
458 2903 541 2962 quam
552 2885 684 2964 plurumo
700 2894 769 2964 potu
780 2886 949 2962 gloriantur.
976 2884 1095 2962 vidique

102 2972 156 3029 iam
177 2966 307 3043 turgidos
328 2967 453 3027 bibendo
473 2972 501 3026 in
521 2977 627 3027 tantum
648 2976 679 3026 ut
700 2969 776 3027 anuli
796 2971 993 3044 integerentur
1014 2976 1092 3044 cute,

104 3070 167 3113 cum
181 3050 263 3111 reddi
281 3068 337 3109 non
352 3062 453 3129 posset
467 3052 567 3110 hausta
582 3050 730 3111 multitudo
745 3070 846 3130 aquae.
875 3070 931 3111 nec
945 3051 1002 3112 hoc
1019 3066 1093 3129 ergo

103 3136 166 3195 lieri
182 3136 316 3194 conuenit
332 3136 394 3193 sine
407 3134 511 3193 crebro
527 3135 596 3194 salis
611 3144 706 3211 gustu.
733 3135 855 3196 Utuntur
871 3144 901 3194 et
918 3152 1008 3195 caeno
1025 3135 1088 3195 ion·
1099 3144 1132 3201 61

67 3221 171 3281 sotium
187 3219 313 3295 ipsorum
328 3217 450 3292 utiliter,
472 3217 523 3277 sed
545 3219 582 3277 ita
597 3220 621 3276 si
643 3218 749 3277 inlitum
770 3218 834 3279 sole
853 3220 1006 3279 inarescat.
1036 3236 1092 3279 nec

102 3318 174 3362 vero
200 3303 290 3361 omnis
312 3319 386 3379 quae
411 3303 466 3361 sint
493 3300 603 3360 calidae
628 3301 783 3361 medicatas
812 3318 878 3361 esse
906 3302 1089 3381 credendum,

104 3388 178 3447 sicut
195 3386 223 3444 in
238 3386 361 3463 Segesta
380 3384 514 3460 Siciliae,
537 3383 652 3460 Larisa,
666 3383 795 3461 Troade,
817 3384 981 3463 Magnesia,
1001 3384 1090 3462 blelo,

102 3469 215 3550 lipara.
243 3487 298 3529 neo
314 3467 435 3529 decolor
450 3468 565 3547 species
582 3468 658 3527 aeris
674 3469 839 3545 argentive,
857 3478 886 3529 ut
900 3468 980 3527 multi
994 3470 1091 3528 eristi·
