2484 3817
146 128 207 192 158
488 139 521 188 c.
535 140 630 190 sunu
645 139 795 192 secamur
924 153 927 160 ’

145 293 407 356 senatusconsulto.
436 297 529 359 minus
542 303 625 354 certa
642 302 708 355 sant
721 293 758 356 de
772 295 877 372 quihus
893 299 923 356 at
935 295 990 355 riri
1004 293 1141 374 iudicant,

143 378 324 456 singulorum
343 379 421 438 enim
445 377 536 439 libido
563 379 659 456 pretia
679 378 801 455 siugulis
830 379 900 440 lacit
925 380 1141 458 praecipueque

143 463 315 535 aemulatio,
337 461 420 522 uelut
440 479 503 523 curo
525 458 661 532 Claudius
684 457 794 521 Caesar
814 461 983 540 zmaragdos
1004 460 1141 524 induebat

143 546 192 606 uel
207 544 415 622 sardonyches.
441 547 550 624 primus
564 553 661 605 autem
672 541 865 606 Romanorum
878 545 1140 622 sardonycheasus

143 639 192 690 est
206 629 360 690 Africanus
380 631 480 708 prior,
495 638 527 689 ut
543 629 630 690 tradit
641 627 860 706 Demostratus,
876 629 988 699 atinde
1003 628 1158 690 Romaniss
1239 695 1241 703 p

142 731 275 791 gemmae
290 713 374 772 huius
388 715 554 774 auctoritas.
588 711 776 789 quamohrem
790 721 822 774 et
834 729 1005 792 proxumm
1020 715 1049 774 ei
1065 711 1141 772 dahi-
1212 745 1241 800 ,ἆ

100 807 208 862 eomas
233 797 335 857 locum.
373 796 576 881 Sardonychas
595 796 680 871 olim,
705 798 780 854 sicut
801 811 841 854 ex
863 795 929 865 ipso
951 793 1066 852 nomine
1096 795 1141 856 ad·

45 916 50 923 ·
143 889 244 960 paret,
260 881 506 958 intellegebantur
520 879 648 940 candore
664 881 693 938 iu
707 879 808 954 sarda,
822 878 879 940 hoc
890 885 937 938 est
948 877 1039 938 veluti
1055 895 1141 938 carne

143 966 231 1037 ungui
255 964 379 1024 hominis
401 966 527 1042 inposita
550 971 582 1022 et
603 971 729 1039 utroque
750 961 901 1022 tralucido.
930 961 1054 1038 talisque
1073 981 1140 1022 esse

143 1048 257 1108 lodices
273 1048 386 1107 tradunt
398 1046 549 1122 Ismenias,
564 1045 778 1132 Demostratus,
793 1043 992 1122 Zenothemis,
1007 1044 1169 1121 Sotacus,u

142 1131 172 1192 hi
195 1130 309 1208 quidem
329 1130 386 1191 duo
411 1131 540 1209 reliquas
565 1132 658 1190 omnis
682 1147 756 1207 quae
778 1146 836 1190 nou
858 1129 1019 1189 traluceant
1038 1146 1141 1188 caeces

100 1224 135 1280 87
145 1214 309 1292 appellant,
332 1231 406 1290 quac
421 1231 495 1273 nuuc
511 1212 663 1273 abstulere
680 1230 796 1273 nomen.
827 1212 914 1271 Nullo
931 1212 1077 1273 sardarum
1093 1230 1143 1272 ve

143 1298 232 1374 stigio
256 1297 401 1373 Arabicae
422 1303 505 1372 sunt,
532 1305 755 1375 coeperuntque
780 1296 912 1375 pluribus
932 1296 987 1356 hae
1008 1313 1142 1374 gemmae

142 1380 293 1440 coloribus
316 1380 466 1458 intellegi,
488 1379 585 1440 radice
605 1381 688 1457 nigra
707 1388 756 1438 aut
776 1379 941 1440 caeruleum
961 1381 1091 1440 imitante
1112 1388 1144 1440 et

141 1482 240 1541 ungue
262 1465 377 1524 minium
398 1464 559 1526 redimitum
579 1462 700 1522 candido
723 1463 842 1541 pingui,
863 1481 917 1523 nec
938 1465 1001 1524 siue
1023 1463 1173 1540 quadamrs

143 1547 888 1708 tt⁵tttttttlttillidit?till
909 1546 1144 1707 ‚titillat-'tt

99 1715 220 1778 iifldinls
240 1725 271 1775 ut
293 1718 362 1777 inde
375 1715 495 1792 capulos
509 1715 684 1788 factitarent.
718 1716 826 1776 etenim
842 1722 957 1776 constat
971 1714 1011 1773 ihi
1028 1722 1144 1774 torren-

143 1799 221 1858 tibus
238 1799 356 1878 detegi,
373 1799 518 1877 placuisse
534 1801 563 1858 in
579 1808 682 1859 nostro
698 1799 772 1859 orbe
787 1799 889 1877 initio,
907 1799 1047 1876 quonium
1058 1797 1144 1859 solae

142 1899 237 1960 prope
251 1901 424 1960 gemmarum
440 1882 568 1959 scalptae
583 1885 679 1942 ceram
698 1899 756 1942 non
771 1883 912 1942 auferunt.
946 1883 1178 1961 persuasimusno
1229 1955 1236 1968 ι

143 1965 247 2026 deinde
266 1976 297 2027 et
311 1966 389 2033 ludis
405 1974 437 2025 ut
451 1966 507 2044 ipsi
526 1983 644 2045 quoque
660 1965 705 2025 his
721 1965 891 2043 gauderent.
913 1968 1058 2043 utiturque
1074 1983 1145 2043 per·
1211 1973 1242 2028 te

142 2049 247 2109 foratis
265 2053 364 2128 utique
383 2049 489 2127 volgus
510 2052 540 2110 iu
558 2048 646 2110 collo.
680 2056 710 2109 et
734 2048 791 2109 hoc
814 2067 888 2108 nunc
914 2058 962 2110 est
983 2049 1146 2122 Indicarum

142 2142 350 2209 argumentum.
382 2131 526 2194 Arabicae
548 2132 696 2194 excellunt
715 2132 841 2194 caudore
859 2132 958 2193 circuli
974 2131 1146 2210 praelucido

142 2223 230 2292 atque
249 2233 307 2276 non
324 2216 444 2294 gracili,
466 2235 562 2294 neque
582 2218 612 2276 in
632 2234 753 2277 recessu
773 2234 904 2294 gemmae
919 2217 1010 2277 autin
1025 2216 1146 2277 deiectu

142 2298 296 2360 residente
318 2299 372 2360 sed
397 2301 427 2360 in
446 2302 519 2378 ipsis
541 2301 714 2360 umbonibus
740 2301 870 2377 nitente,
898 2309 1054 2379 praeterea
1075 2300 1180 2360 sub-es

99 2393 135 2446 ao
145 2391 236 2443 strato
251 2384 399 2460 nigerrimi
414 2384 533 2444 coloris.
561 2383 625 2444 lloc
643 2385 671 2444 in
686 2383 790 2444 indicis
806 2403 923 2446 cereum
940 2391 989 2444 aut
1004 2401 1148 2444 corneum

143 2468 298 2542 inuenitur,
310 2469 364 2526 iarn
380 2467 479 2528 circuli
495 2467 564 2528 albi.
583 2468 724 2546 quaedam
738 2470 766 2528 in
783 2469 819 2527 iis
837 2468 976 2528 caelestis
994 2484 1078 2528 arcus
1094 2485 1148 2528 an·

142 2549 252 2611 helatio
268 2559 331 2627 est,
345 2551 517 2627 superficies
533 2569 607 2612 uero
623 2550 798 2611 locustarum
813 2553 901 2611 maris
914 2554 1021 2612 crustis
1036 2551 1149 2612 ruben·

144 2635 209 2694 tior.
243 2652 306 2694 nam
328 2634 451 2694 melleae
474 2643 524 2693 aut
540 2633 723 2695 faeculentae
738 2669 780 2680 -
796 2635 854 2695 hoc
874 2636 950 2695 enim
971 2651 1078 2696 nomeu
1096 2643 1149 2696 est

41 2712 46 2724 ’
142 2719 215 2777 vitio
229 2751 273 2766 -
285 2718 492 2796 inprobantur,
514 2728 564 2778 aut
580 2719 605 2778 si
625 2735 698 2778 aona
712 2717 778 2778 alba
795 2718 897 2780 iaudat
912 2738 962 2796 se,
985 2735 1043 2780 auu
1056 2718 1182 2782 colli-ae

141 2809 211 2877 gat,
234 2803 319 2862 simili
341 2802 428 2862 modo
452 2803 477 2861 si
500 2820 540 2862 en
562 2802 621 2863 alio
645 2800 747 2862 colora
773 2802 903 2864 admittat
928 2804 958 2864 io
981 2821 1014 2868 se
1033 2801 1148 2881 aliquid

143 2889 324 2963 enormiter,
341 2885 411 2944 nihil
426 2886 548 2946 enimin
566 2904 618 2946 sua
632 2884 703 2944 sede
717 2885 899 2964 interpellari
919 2886 1017 2952 alieno
1033 2885 1147 2964 placet.

107 2988 110 2992 ·
143 2968 215 3028 Sunt
229 2979 260 3030 ct
275 2969 430 3029 Ameriae
448 2979 548 3030 cetera
563 2968 729 3048 probandae
747 2969 800 3030 sod
815 2969 921 3047 pallida
936 2988 1017 3030 nona.

100 3063 137 3114 90
207 3052 287 3130 (24.)
309 3052 488 3131 Exponenda
511 3062 557 3112 cst
579 3063 609 3114 et
630 3052 751 3129 onychis
778 3055 871 3132 ipsius
894 3062 997 3114 natura
1015 3060 1150 3132 propter

100 3152 132 3192 as.
142 3155 166 3188 a·
178 3136 301 3194 nominis
316 3138 499 3196 societatem.
531 3137 588 3198 hoc
601 3136 690 3196 aliubi
709 3137 829 3215 lapidis,
844 3136 892 3196 hic
907 3153 1035 3214 gemmae
1051 3152 1183 3198 voce-as
1236 3150 1242 3179 u

142 3216 240 3276 bulum
262 3226 308 3277 est
324 3219 399 3296 {sive
415 3221 506 3296 partis
521 3222 584 3280 eius
600 3235 674 3298 quae
694 3220 730 3281 ad
743 3222 847 3298 unguis
866 3221 1080 3282 similitudinem
1095 3239 1149 3282 re·

143 3298 254 3370 lertur,
277 3300 313 3359 de
335 3301 391 3360 hoc
413 3303 453 3360 ita
475 3305 613 3381 scriptum
637 3304 708 3382 estl.
745 3303 868 3363 Sudines
887 3302 957 3362 dicit
978 3304 1007 3364 in
1027 3321 1149 3381 gemma

144 3397 214 3438 esse
235 3381 406 3460 eandorem,
425 3386 529 3462 unguis
549 3385 662 3448 humani
684 3385 915 3464 similitudinem,
935 3389 1006 3450 itero
1020 3387 1151 3464 chryso·
