2484 3817
144 184 185 247 28
456 155 462 166 ’
495 198 524 248 c.
544 199 640 251 amur
654 195 805 247 sueonum

144 359 294 432 praestare
315 360 345 412 et
366 369 461 414 munus
487 351 591 413 dicitnr
613 349 680 410 luna
701 349 788 426 plena
813 349 959 413 detractus
991 349 1138 426 incipiens

143 438 266 500 fructum
279 435 406 510 babere,
421 436 445 496 si
462 443 567 496 terram
579 450 637 492 non
651 434 798 509 attigerit,
819 435 953 510 privatim
967 431 1138 497 mulieribus

143 518 312 596 adalligatus
334 519 444 579 lacerto
468 527 567 578 eontra
589 516 787 576 abundantiam
797 534 932 576 mensum.
949 515 1005 574 boc
1019 523 1050 574 et
1065 533 1139 592 quo-

143 619 264 680 cumque
283 611 416 680 tempore
432 603 468 664 ab
484 603 555 678 ipsis
571 599 742 676 decerptum
755 601 796 659 ita
813 608 844 658 ut
859 607 966 659 terram
977 615 1034 657 non
1051 601 1138 658 attin-

142 694 193 763 gat
207 686 447 763 adalligatumque
463 685 628 745 existimant
642 691 802 760 praestare.
832 682 903 742 folia
916 683 989 745 mori
1006 683 1074 741 trita
1088 689 1160 743 ants

144 770 223 830 arida
244 771 365 832 decocta
390 769 569 846 serpentium
590 766 696 828 ictibus
716 767 908 843 inponuntur,
941 765 977 825 ad
1002 766 1137 842 idemque

142 862 214 930 potu
240 854 397 932 proficitur.
435 848 638 928 scorpionibus
662 848 831 909 adversatur
852 868 868 908 e
899 849 996 909 radice
1017 851 1137 907 corticis

102 945 152 1002 139
164 955 250 998 sucus
268 957 306 1000 ex
318 939 386 996 rino
400 942 447 994 aut
461 951 549 1011 posca
562 941 657 1010 potus
687 933 832 999 reddenda
848 941 894 992 est
910 941 940 992 et
956 934 1138 1009 antiquorum

144 1022 318 1099 conpositio.
332 1035 429 1078 sucum
435 1034 607 1094 expressum
617 1017 695 1094 pomi
701 1019 802 1076 maturi
817 1017 1007 1093 inmaturique
1018 1016 1137 1075 mixtum

144 1104 308 1181 coquebant
324 1119 393 1160 vase
410 1117 500 1158 aereo
516 1100 552 1160 ad
565 1098 660 1158 mellis
676 1099 902 1158 crassitudinem.
934 1098 1021 1174 aliqui
1041 1115 1135 1158 murra
1145 1113 1175 1152 ao

144 1189 255 1246 adiecta
266 1189 308 1248 'et
330 1201 471 1260 cupresso
494 1183 695 1261 praeduratum
707 1181 742 1242 ad
757 1182 849 1241 solem
868 1182 1019 1245 torrebant
1032 1182 1136 1258 permi-

144 1277 260 1330 scentes
283 1266 384 1345 spatba
405 1275 450 1326 ter
473 1265 528 1326 die.
558 1266 632 1326 baec
647 1273 711 1324 erat
730 1267 880 1326 stomatice
893 1283 949 1342 qua
968 1273 999 1324 et
1015 1264 1137 1324 volnera

143 1353 178 1410 ad
192 1352 356 1410 cicatricem
371 1351 576 1426 perducebant.
606 1349 661 1408 alia
678 1350 753 1408 ratio
769 1350 846 1409 suci:
869 1351 977 1408 siccato
992 1349 1136 1426 exprime-

143 1435 211 1494 bant
226 1451 312 1511 pomo
327 1433 445 1494 multum
461 1434 558 1510 sapori
568 1434 761 1512 opsoniorum
772 1432 988 1508 conterentem,
1003 1434 1033 1490 in
1047 1431 1135 1490 medi-

143 1519 207 1579 cina
232 1535 305 1580 uero
326 1525 427 1576 contra
447 1534 545 1577 nomas
567 1524 596 1576 et
620 1517 750 1592 pectoris
770 1517 888 1593 pituitas
912 1524 943 1574 et
963 1515 1135 1591 ubicumque
1145 1527 1172 1566 1⁵

145 1618 218 1678 opus
248 1609 331 1660 esset
361 1601 499 1676 adstringi
520 1601 642 1658 viscera.
688 1597 783 1657 dentis
812 1616 928 1676 qnoque
960 1597 1136 1657 conluebant

102 1693 154 1748 140
164 1700 210 1744 eo.
239 1685 355 1743 tertium
370 1703 463 1761 genus
476 1685 536 1742 suci
552 1682 632 1744 loliis
647 1690 677 1742 et
693 1682 790 1741 radice
807 1683 936 1745 decoctis
956 1681 992 1742 ad
1007 1681 1146 1741 ambusta.

144 1785 182 1826 ex
198 1766 266 1828 oleo
281 1767 435 1829 inlinenda.
452 1769 628 1845 inponuntur
643 1774 673 1825 et
687 1765 758 1824 lolia
773 1783 826 1844 per
841 1785 883 1826 se,
899 1766 981 1826 radix
994 1782 1048 1842 per
1061 1783 1136 1823 mes-

144 1852 183 1908 sis
203 1851 294 1911 incisa
314 1869 412 1912 sucum
432 1851 480 1910 dat
501 1851 678 1928 aptissimum
701 1849 827 1911 dentium
845 1849 939 1910 dolori
955 1847 1135 1913 collectioni·
1226 1876 1227 1883 ι

144 1934 255 2010 busque
272 1942 302 1993 et
316 1933 581 2011 suppurationibus,
598 1933 693 1992 alvom
707 1942 819 2011 purgat.
842 1934 912 1995 folia
925 1933 998 2000 mori
1012 1935 1042 1990 in
1054 1933 1134 1990 urina
1143 1945 1174 1986 to

143 2016 301 2078 madefacta
315 2015 403 2092 pilum
414 2018 502 2076 coriis
521 2015 680 2075 detrahunt.

102 2109 151 2161 141
186 2097 267 2180 (72.)
298 2096 406 2159 Gerasa
426 2099 521 2157 alvom
539 2099 688 2174 molliunt,
710 2098 857 2158 stomacho
881 2097 1010 2173 inutilia,
1035 2097 1134 2159 eadem

144 2185 250 2244 siccata
273 2181 369 2243 alvom
390 2183 510 2254 sistunt,
526 2182 634 2239 urinam
646 2183 731 2238 cient.
765 2183 881 2240 invenio
897 2179 972 2256 apud
987 2189 1133 2255 auctores,

144 2266 246 2341 siquis
262 2264 399 2326 matutino
414 2263 529 2324 roscida
543 2281 606 2320 cum
621 2264 680 2320 suis
697 2262 807 2321 nucleis
824 2263 964 2339 devoret,
980 2265 1010 2322 in
1027 2271 1135 2323 tantum

144 2347 235 2410 levari
252 2346 346 2409 alvom
362 2355 393 2410 ut
408 2346 499 2424 pedes
514 2345 616 2404 morbo
631 2345 800 2405 liberentur.
1143 2363 1174 2402 as

207 2431 288 2508 (73.)
315 2428 438 2508 llespila
461 2430 592 2505 exceptis
621 2429 760 2503 setania,
782 2445 857 2505 quae
871 2427 946 2493 malo
964 2431 1134 2507 propiorem

143 2515 201 2575 uirn
226 2514 347 2589 babent,
373 2514 485 2590 reliqua
509 2511 690 2588 adstringunt
717 2511 891 2575 stomachum
911 2513 1073 2588 sistuntque
1094 2513 1133 2572 al-

146 2615 219 2658 vom.
251 2600 320 2657 item
336 2597 424 2659 sorba
440 2599 527 2672 sicca,
543 2613 606 2655 uem
621 2597 751 2655 recentia
762 2593 909 2655 stomacho
925 2605 956 2654 et
975 2593 1041 2653 alvo
1057 2596 1134 2656 citae

145 2687 273 2756 presunt.

103 2771 154 2824 142
185 2761 213 2824 8.
235 2763 313 2840 (74.)
338 2761 435 2822 Nuces
451 2765 554 2840 pineae
568 2781 642 2840 quae
657 2763 783 2825 resinam
797 2761 903 2822 babent
914 2768 1072 2825 contunsae
1090 2762 1132 2823 le·
1143 2775 1172 2816 so

144 2848 230 2922 viter,
248 2845 351 2909 additis
367 2847 397 2906 in
412 2845 538 2922 singulas
553 2845 674 2922 singulis
686 2846 821 2904 sextariis
836 2862 927 2921 aquae
942 2843 977 2904 ad
991 2843 1134 2920 dimidium

145 2930 299 3006 decoctae,
315 2930 460 3005 sanguinis
478 2931 672 2991 exscreationi
685 2929 835 2988 medentur
854 2930 894 2986 ita
911 2936 942 2987 ut
963 2927 1058 3002 cyathi
1073 2927 1134 2996 bini

144 3012 279 3075 bibantur
302 3029 340 3076 ex
362 3029 408 3072 eo.
442 3014 559 3072 corticis
583 3031 600 3072 e
623 3014 691 3090 pinu
708 3013 737 3072 in
760 3013 828 3090 uino
850 3012 1000 3071 decoctum
1032 3019 1134 3074 contra

145 3097 268 3160 tormina
284 3095 375 3164 datur.
406 3095 501 3162 nuclei
523 3097 604 3158 nuois
626 3096 730 3173 pineae
754 3096 830 3157 sitim
845 3094 947 3157 sedant
965 3103 996 3157 et
1014 3096 1133 3156 acrimoa

144 3181 221 3241 uiam
234 3179 374 3246 stenedui
385 3180 577 3256 rosionesque
593 3187 624 3238 et
640 3180 802 3242 contrarios
816 3196 932 3242 umores
944 3179 1133 3246 consistentis
1142 3184 1170 3226 ³⁵

144 3263 204 3339 ibi,
219 3271 249 3322 et
264 3263 456 3325 inlirmitateto
467 3263 570 3323 virium
586 3262 738 3339 roborant,
755 3262 886 3338 renibus,
898 3263 1015 3327 vesicae
1032 3260 1130 3325 utiles.

103 3347 256 3408 ltelaucis
278 3346 411 3409 videatur
432 3364 608 3424 exasperare
631 3354 661 3406 et
687 3348 796 3409 tussim.
830 3345 919 3406 bilem
944 3343 1056 3422 pellunt
1070 3346 1134 3424 poti

146 3446 185 3488 ex
197 3447 270 3506 aqua
288 3438 336 3493 aut
351 3430 419 3492 vino
434 3438 482 3490 aut
497 3447 585 3508 passo
597 3438 645 3489 aut
659 3429 825 3492 balanorum
840 3430 972 3493 decocto.
994 3429 1134 3490 miscetur
