2484 3817
338 193 418 241 usu.
433 192 525 243 urar.
539 194 663 243 xxvrrr.
679 192 705 246 t.
724 193 751 247 o.
766 184 825 262 (aa.
840 185 900 261 aa.)
1048 184 1105 245 171

119 364 219 409 rursus
229 344 445 423 contuentibus,
468 364 638 427 omnemque
651 350 707 407 vin
720 348 807 409 talem
817 349 936 428 resolvi,
951 350 976 411 si
992 348 1107 410 mullum

118 434 230 511 piscem
244 429 487 490 seeumbabeant.
508 432 587 491 multi
598 448 671 492 vero
683 433 780 491 inesse
795 433 879 493 etiam
892 433 1017 495 remedia
1029 442 1107 493 tanto

117 514 212 588 malo,
229 514 367 591 podagris
382 514 477 587 inlini,
499 524 623 576 strumas
644 524 674 575 et
688 514 851 592 parotidas,
874 534 982 593 panos,
1004 533 1107 577 saeros

116 598 207 675 ignis,
222 596 408 673 furunculos,
429 597 587 674 epiphoras
600 606 722 659 tractatu
736 598 885 659 mulierum
901 616 997 659 earum
1012 600 1106 675 leniri,

91 682 183 741 ebais
198 688 227 739 et
241 680 332 757 Salpe
349 697 451 739 canum
466 679 646 741 rabiosorum
665 698 778 741 morsus
793 689 823 741 et
842 683 978 741 tertianas
994 692 1106 759 quarta-

116 781 226 841 nasque
245 762 337 822 lebris
357 773 503 823 menstruo
522 765 550 822 in
573 764 638 823 lana
653 764 750 823 arietis
767 764 842 840 nigri
861 774 1001 841 argenteo
1025 765 1105 825 brae

116 846 204 906 chiali
219 845 348 920 incluso,
367 844 508 905 Diotimus
524 846 677 907 Thebanus
698 846 747 907 vel
766 848 879 907 omnino
897 849 985 907 vestis
1004 848 1043 908 ita
1064 849 1103 906 in·
1114 858 1149 913 83

115 931 211 990 lectae
239 928 421 1007 portiuncula
448 946 484 989 ac
507 929 555 990 vel
586 930 654 991 licio
678 928 835 991 bracchiali
856 932 977 991 inserto.
1012 931 1106 991 Sotira

113 1013 261 1074 obstetrix
281 1012 409 1072 tertianis
428 1013 632 1100 quartanisque
650 1013 880 1075 efficacissimum
903 1014 974 1073 dixit
994 1012 1109 1091 plautas

82 1098 213 1173 rosegris
236 1094 403 1171 subterlini,
432 1094 579 1173 multoque
603 1096 755 1157 ellieueius
782 1096 817 1157 ab
842 1096 905 1174 ipsa
930 1096 1050 1155 muliere
1078 1104 1108 1155 et

114 1178 268 1257 ignoranti.
298 1180 341 1237 sio
358 1187 388 1237 et
409 1178 561 1239 comitialis
574 1179 706 1239 excitari.
734 1178 859 1241 icatidas
879 1180 1008 1241 medicus
1023 1196 1106 1257 quar-

114 1273 197 1323 tanas
215 1262 289 1321 liniri
303 1262 392 1339 coitu,
408 1261 611 1340 insipientibus
627 1262 772 1323 dumtaxat
791 1265 955 1337 menstruis,
972 1279 1103 1341 spopon-

113 1346 165 1407 dit.
193 1346 269 1404 inter
285 1344 377 1403 omnis
392 1362 463 1405 vero
482 1346 628 1422 eosvenit,
644 1348 668 1405 si
684 1363 758 1423 aqua
773 1354 917 1424 potusque
935 1344 1147 1409 formidetur&

114 1446 242 1489 amorsu
258 1428 348 1503 oanis,
360 1430 509 1507 supposita
519 1438 624 1489 tuntum
642 1428 725 1489 calici
743 1428 845 1489 lacinia
861 1430 920 1505 tali,
937 1430 1032 1489 statim
1045 1446 1103 1489 rne-

81 1523 172 1574 rstum
187 1529 252 1571 eum
267 1510 389 1585 discuti,
410 1512 547 1573 videlieet
561 1512 750 1591 praevalente
769 1513 929 1590 sympathia
950 1512 1000 1571 illu
1016 1510 1103 1571 Grae-

114 1614 230 1668 corum,
253 1612 316 1653 euru
332 1594 440 1655 rabiem
461 1613 561 1655 eanum
583 1596 646 1656 eius
666 1594 813 1669 sanguinis
842 1602 956 1670 gustatu
975 1596 1104 1670 incipere

2 1699 3 1710 ¹
113 1680 280 1740 dixerimus.
295 1679 440 1741 cineroso
453 1679 641 1738 iumentorum
654 1679 776 1743 omnium
783 1677 884 1737 ulcera
897 1677 990 1735 sanari
1000 1694 1059 1735 cer·
1072 1696 1089 1733 r.
1103 1699 1127 1731 n

1 1843 3 1908 l

112 1772 173 1823 tum
191 1770 237 1821 est
256 1761 351 1819 addita
369 1762 540 1820 caminorum
556 1761 648 1820 farina
663 1768 692 1819 et
715 1776 793 1819 cera.
823 1757 950 1817 maculas
968 1767 1060 1817 autem
1078 1776 1095 1817 e

113 1853 198 1905 veste
215 1862 266 1903 eas
281 1844 406 1903 nonnisi
424 1842 550 1903 eiusdem
566 1843 646 1901 urina
664 1840 749 1903 ablui.
777 1841 903 1901 cinerem
925 1857 979 1918 per
994 1858 1025 1899 se
1048 1857 1094 1899 ro·
1106 1852 1141 1913 85

79 1944 204 1992 rosaceo
225 1930 340 1987 mixtum
364 1927 532 1986 feminarum
553 1926 712 2003 praecipue
736 1925 839 2001 ospitis
860 1923 980 1985 dolores
1001 1921 1104 1983 sedare

117 2010 225 2070 inlitum
240 2010 345 2083 irouti,
367 2009 614 2088 asperrimamque
628 2009 684 2067 vim
700 2006 821 2085 prossuvi
844 2010 905 2067 eius
922 2025 988 2067 esse
1004 2024 1057 2084 per
1071 2023 1105 2065 se
1195 2026 1198 2035 ·

113 2093 198 2154 annis
211 2094 374 2169 virginitate
389 2092 495 2153 soluta.
521 2092 551 2152 id
569 2108 684 2169 quoque
705 2092 849 2165 convenit,
866 2108 923 2169 quo
940 2089 1009 2152 nihil
1025 2090 1103 2167 equi·

114 2179 181 2237 dem
201 2176 337 2241 libentius
360 2175 548 2252 crediderim,
570 2176 654 2236 tactis
670 2175 785 2233 omnino
804 2183 952 2234 menstruo
973 2172 1105 2252 postibus

114 2263 215 2320 inritas
229 2261 292 2319 lieri
307 2258 454 2336 blagorum
469 2268 563 2334 artes,
584 2259 702 2335 generis
719 2258 880 2332 vanissimi,
902 2267 932 2317 ut
952 2258 1104 2317 aestimare

80 2344 194 2405 aslieet.
235 2360 339 2420 ponam
365 2346 438 2401 enim
459 2342 507 2403 vel
529 2342 770 2423 modestissimum
788 2359 806 2401 e
827 2342 976 2420 promissis
991 2358 1101 2416 eorum,
1111 2349 1146 2404 86

113 2446 154 2487 ex
170 2427 286 2487 bomine
301 2425 440 2503 siquidem
464 2425 629 2501 resegmina
645 2424 778 2500 unguium
794 2442 810 2483 e
825 2423 947 2501 pedibus
961 2420 1103 2483 menibus·

114 2528 173 2588 que
197 2526 264 2569 cera
289 2510 443 2587 permixta,
471 2511 509 2567 ita
530 2516 559 2567 ut
577 2508 687 2568 dicatur
707 2507 862 2583 tertianae,
888 2515 1042 2584 quartanae
1056 2503 1105 2563 vel

112 2592 278 2653 cotidianae
299 2591 373 2651 febri
392 2591 548 2653 remedium
569 2591 686 2667 quaeri,
707 2598 772 2649 ante
795 2591 866 2650 solis
884 2599 976 2649 ortum
990 2586 1103 2647 alienae

113 2678 217 2735 ianuae
230 2674 318 2750 adligi
329 2674 427 2735 iubent
438 2674 474 2735 ad
485 2674 610 2734 remedia
625 2675 653 2733 in
663 2673 707 2733 lois
721 2672 838 2750 morbis,
851 2680 954 2752 quanta
968 2669 1103 2745 vanitate,

81 2761 140 2819 susi
156 2759 261 2819 lalsum
276 2766 334 2835 est,
349 2767 451 2836 quanta
469 2775 541 2817 vero
556 2758 658 2830 noxia,
677 2757 701 2815 si
718 2757 890 2817 transierunt
903 2751 1034 2813 morbos!
1063 2754 1103 2809 in·

114 2841 304 2901 nocentiores
331 2859 370 2901 ex
392 2840 437 2901 bis
461 2842 582 2901 omnium
602 2840 755 2916 digitorum
780 2840 944 2913 resegmina
970 2836 1104 2910 unguium

114 2925 151 2985 ad
180 2941 322 2984 cavernas
349 2924 533 2984 formicarum
560 2924 637 2983 abici
666 2922 765 2982 iubent
791 2940 911 2997 eamque
942 2934 1017 2996 quae
1047 2919 1103 2995 pri·

114 3026 160 3067 ma
188 3009 321 3084 coeperit
342 3008 456 3067 trabere
478 3016 644 3085 correptam
670 3006 803 3067 subnecti
825 3003 919 3079 collo,
939 3003 979 3061 ita
1001 2998 1103 3059 discuti

115 3090 257 3151 morbum.

82 3190 108 3231 as
179 3174 210 3235 8.
234 3172 319 3250 (24.)
340 3170 419 3233 llaec
438 3180 503 3233 sunt
524 3189 597 3248 quae
620 3172 756 3231 retulisse
780 3170 825 3229 fas
848 3168 883 3225 sit
905 3184 940 3227 ao
961 3166 1100 3246 pleraque
1111 3175 1143 3230 at

115 3273 174 3315 nou
189 3257 243 3315 nisi
257 3255 369 3315 bonore
383 3255 472 3330 dioto,
484 3253 594 3330 reliqua
604 3253 787 3325 intestabilis,
803 3248 933 3327 infanda,
945 3259 975 3309 ut
989 3250 1104 3310 festinet

116 3341 213 3399 oratio
229 3338 265 3399 ab
280 3339 395 3399 bomine
410 3338 521 3415 lugere.
551 3338 579 3396 in
595 3338 701 3396 ceteris
718 3335 863 3395 claritates
880 3333 1038 3393 animalium
1056 3341 1104 3392 aut

115 3439 242 3501 opernm
254 3440 419 3502 sequemur.
450 3418 604 3497 Elephanti
617 3419 746 3495 sanguis,
765 3418 921 3495 praecipue
933 3417 1034 3491 maris,
1053 3414 1103 3475 du·
