2484 3817
194 266 199 285 Ι
300 196 681 251 ιιιι.ιιιιι.κιιιι.ι.-3.
698 187 828 267 (9-11.)
929 152 936 164 ’
997 189 1059 251 213

78 373 113 416 ac
129 352 286 428 tralucida,
308 360 365 411 turn
386 353 416 411 in
435 361 553 429 stagnea
574 352 682 428 pyxide
703 353 843 413 conditur.
872 355 1004 432 probatio
1027 364 1057 415 ut
1067 366 1101 419 36

77 438 202 498 sordium
221 438 298 496 uirus
314 437 393 495 oleat
407 444 437 495 et
450 453 533 495 manu
557 436 678 495 fricante
704 454 742 495 ex
761 453 835 514 aqua
856 456 912 497 non
935 440 1060 516 liquetur

77 521 130 580 sed
145 520 276 579 albescat
291 528 321 577 ut
335 536 462 580 cerussa.
494 518 587 578 oeulis
600 517 779 578 utilissimum
795 530 894 581 contra
909 522 1058 581 inllamma-

78 607 172 663 tiones
193 619 388 679 genarumque
408 602 521 661 callum.
555 600 668 679 quidam
689 603 717 660 in
739 611 813 662 testa
837 612 946 664 torrent
967 606 1060 665 donec

54 686 301 766 spinguitudinem
316 686 438 758 amittat,
458 686 554 744 utilius
570 685 628 743 tale
644 686 838 745 existimantes
854 688 946 748 erosis
969 698 997 747 et
1011 689 1059 749 du·

77 773 117 830 ris
131 770 226 845 genis,
243 768 354 843 angulis
364 768 505 828 scabiosis
519 777 548 827 et
562 766 784 827 lacrimantibus.
808 770 907 829 ulcera
921 788 978 829 non
989 787 1055 830 oeu-
1067 780 1100 834 at

78 855 172 913 lorum
184 850 269 911 modo
289 859 369 909 sanat
385 851 437 911 sed
451 853 510 910 oris
524 852 609 911 ctiam
625 860 653 909 et
667 852 830 927 genitalium
847 871 910 912 cum
927 855 1059 913 anserino

78 936 172 1014 adipe.
213 934 344 993 medetur
357 942 387 993 et
401 934 505 993 volvae
522 934 797 1016 inflammationibus,
810 943 839 995 et
860 936 938 995 sedis
959 936 1060 1011 rhaga-

77 1019 131 1079 diis
146 1027 176 1077 et
191 1017 401 1091 condylomatis
416 1034 479 1075 cum
498 1018 628 1077 meliloto
649 1035 683 1076 ao
703 1016 816 1091 butyro.
845 1020 975 1097 reliquos
992 1037 1059 1079 usus

47 1105 138 1169 meins
159 1118 212 1159 suo
227 1100 295 1159 loeo
315 1100 487 1176 digeremus.
514 1101 616 1160 sordes
639 1118 753 1179 quoque
773 1102 925 1162 caudarum
941 1119 1060 1162 concre-

79 1196 125 1245 tae
145 1186 175 1243 in
189 1184 293 1264 pilulas
309 1184 434 1242 siccatae
455 1201 507 1260 per
530 1202 563 1242 se
576 1193 735 1262 tunsasque
756 1184 784 1242 in
808 1185 925 1245 farinam
946 1195 975 1245 et
996 1185 1058 1245 inli·

78 1280 124 1329 tae
140 1266 274 1328 dentibus
288 1268 359 1325 mire
374 1276 508 1345 prosunt,
525 1269 611 1346 etiam
626 1266 802 1343 labantibus,
826 1270 1018 1347 gingivisquc‚
1035 1268 1059 1327 si

77 1356 240 1413 carcinoma
255 1358 362 1427 serpat.
391 1350 446 1408 iam
459 1367 530 1409 uero
545 1368 617 1428 pura
632 1349 741 1411 uellera
758 1360 804 1411 aut
819 1368 871 1430 per
886 1370 918 1411 se
933 1353 1056 1430 inposita
1067 1363 1101 1417 38

78 1436 173 1495 caecis
188 1432 336 1493 doloribus
351 1441 397 1491 aut
411 1442 534 1510 accepto
550 1434 683 1512 sulpure,
706 1442 734 1493 ct
750 1434 821 1493 cinis
836 1453 935 1495 eorum
950 1436 1059 1511 genita·

46 1543 71 1583 ιι
79 1518 141 1578 lium
151 1520 242 1595 vitiis,
259 1525 421 1594 tantumque
431 1517 543 1595 pollent
555 1526 586 1575 ut
600 1517 815 1577 medicamentis
829 1536 943 1597 quoque
958 1536 1059 1598 supcr-

77 1610 226 1681 ponautur.
258 1600 407 1659 medeatur
428 1609 493 1659 ante
514 1601 606 1659 omnia
629 1608 658 1659 et
677 1601 778 1677 pecori
794 1602 868 1678 ipsi,
898 1602 922 1659 si
944 1601 1058 1662 fastidio

75 1692 307 1763 nonpascantur.
329 1682 418 1741 cauda
432 1684 507 1741 enim
518 1684 754 1760 quamartissime
770 1683 940 1759 praeligata,
959 1685 1059 1745 evolsa

75 1768 230 1841 indolens,
247 1766 340 1825 statim
357 1775 520 1842 vescuntur,
535 1766 704 1863 traduntque
719 1763 795 1842 quod
812 1774 893 1825 extra
907 1763 1009 1824 nodum
1024 1769 1061 1827 sit

76 1871 94 1912 e
110 1850 199 1909 cauda
216 1850 369 1927 praemori
1099 1852 1115 1879 ⁸

41 1960 68 2001 20
143 1933 280 2009 3.(11.)
308 1933 402 1992 Lanae
424 1930 528 1991 habent
549 1938 578 1990 et
602 1947 666 1989 cum
685 1930 747 1989 ovis
768 1932 955 1991 sociaetatem
976 1930 1101 1996 simu139

77 2015 167 2077 fronti
189 2015 327 2092 inpositae
349 2022 449 2074 contra
473 2014 639 2093 epiphoras.
668 2030 725 2072 non
740 2029 813 2093 opus
832 2023 876 2074 est
894 2032 943 2075 eas
961 2016 988 2074 in
1003 2016 1059 2075 hoc

75 2118 130 2159 usu
143 2097 267 2158 radicula
282 2116 349 2157 esse
364 2106 476 2157 curatas
487 2116 581 2175 neque
593 2096 668 2156 aliud
684 2113 767 2174 quam
785 2098 932 2159 candidum
949 2117 987 2159 ex
1002 2117 1058 2159 ouo

73 2182 187 2243 iniundi
201 2198 236 2240 ac
250 2181 386 2258 pollinem
400 2183 481 2240 turis.
516 2198 571 2240 ova
591 2198 692 2259 perse
714 2181 808 2240 inluso
825 2182 944 2241 candido
966 2182 1058 2243 oculis

75 2266 236 2345 epiphoras
259 2265 392 2323 cohibent
414 2265 579 2342 mentisque
601 2263 834 2341 refrigerant—
791 2266 967 2343 -quidam
996 2283 1059 2325 cum

42 2366 167 2415 meroen
183 2348 409 2424 praeieruut—
366 2356 452 2406 -et
468 2365 523 2425 pro
539 2364 611 2425 equa
632 2348 786 2407 miscentur
801 2348 940 2423 collyriis.
969 2350 1058 2409 inlan-

74 2432 152 2492 tibus
166 2447 237 2489 vero
254 2439 353 2490 contra
372 2430 556 2508 lippitudines
575 2432 625 2489 rix
647 2429 722 2490 aliud
741 2431 868 2491 remedio
890 2441 935 2491 est
955 2432 1058 2505 butyro

74 2515 202 2578 admixto
219 2515 339 2573 recenti.
374 2513 473 2572 cadem
491 2532 555 2574 cunr
568 2513 636 2573 oleo
655 2516 719 2573 trita
739 2514 814 2589 ignis
834 2533 934 2574 sacros
949 2515 1102 2577 leninnt40

74 2598 161 2657 betae
179 2596 256 2656 foliis
271 2596 490 2675 superinligatis.
526 2596 646 2657 candido
667 2614 785 2657 ovorum
808 2599 836 2656 in
851 2598 942 2657 oculis
960 2605 989 2656 et
1008 2596 1059 2673 pili

74 2682 254 2741 reclinantur
275 2680 477 2740 Hammoniaco
504 2681 571 2739 trito
598 2679 779 2758 admixtoque
800 2690 828 2739 et
849 2682 909 2740 vari
934 2682 963 2739 in
984 2679 1060 2738 iacie

43 2766 140 2823 adeum
163 2764 256 2841 pineis
275 2763 385 2822 nucleis
406 2780 440 2821 ae
458 2762 544 2823 melle
567 2764 665 2822 mixto.
699 2763 762 2840 ipsa
783 2763 875 2822 iacies
897 2762 974 2823 inlita
997 2761 1061 2821 sole

74 2864 133 2905 uon
151 2848 251 2905 uritur
287 2846 414 2905 ambusta
429 2847 510 2923 aquis
529 2847 554 2905 sl
569 2847 662 2905 statim
677 2862 733 2905 ovo
753 2855 948 2923 occupentur,
974 2863 1058 2921 pusu-

74 2930 119 2989 las
133 2946 193 2988 non
208 2931 399 3005 sentiuut‚-
419 2928 531 3010 quidam
550 2929 708 2989 admiscent
728 2929 847 2989 farinam
869 2927 1060 2987 hordeaceam

74 3022 105 3072 et
119 3013 191 3072 salis
205 3030 372 3091 parum,-
330 3005 530 3071 -ulcerinus
549 3029 620 3071 uero
643 3029 680 3069 ex
702 3012 831 3071 ambusto
855 3027 917 3069 curn
938 3008 1059 3069 candido

73 3113 198 3155 ovorum
212 3104 319 3155 tostum
333 3094 470 3155 hordeum
483 3104 512 3153 et
523 3095 609 3155 suillo
627 3094 710 3172 adipe
726 3096 796 3153 mire
810 3091 940 3171 prodest.
957 3092 1055 3151 eadem
1067 3103 1099 3155 41

41 3180 225 3239 recuratione
242 3178 278 3237 ad
293 3176 371 3236 sedis
386 3179 454 3237 vitia
468 3185 596 3253 utuntur,
618 3175 770 3237 infantibus
785 3174 913 3254 quidem,
935 3177 1019 3235 etiam
1034 3178 1059 3235 si

74 3261 145 3339 quid
159 3262 200 3320 ibi
221 3259 370 3338 procidat,
392 3260 428 3319 ad
449 3259 552 3339 pedum
568 3262 654 3318 rimas
670 3274 788 3317 ovorum
803 3255 921 3317 candido
936 3258 1059 3319 decocto
1171 3282 1175 3289 ·

74 3361 141 3403 cum
156 3362 295 3405 cerussae
312 3343 492 3403 denariorum
514 3341 597 3401 duum
618 3341 764 3419 pondere,
790 3342 852 3418 pari
878 3357 995 3416 spumae
1015 3359 1059 3401 ar-

73 3429 172 3506 genti,
196 3444 310 3489 murrae
324 3427 448 3503 exiguo,
469 3425 629 3501 delmino,
653 3424 688 3483 ad
703 3424 798 3499 ignem
813 3440 925 3485 sacrum
939 3422 1060 3483 candido
