2484 3817
339 242 418 288 nnn.
441 241 531 292 ausu.
551 243 633 292 xxv,
646 242 674 296 a.
694 233 847 312 (aa—54.)
1043 235 1085 299 85

86 412 171 454 xume
194 396 273 473 quod
297 397 327 454 in
342 393 478 455 Parnaso.
510 396 618 473 alioqui
637 397 816 458 herbiferum
837 417 906 459 esse
926 408 956 461 et
972 401 1084 462 Pelium

85 486 213 537 montem
235 481 264 537 in
279 477 429 538 Thessalia
444 487 475 538 et
489 478 669 539 Telethrium
693 482 722 539 in
737 481 860 540 Euboea
874 492 905 542 et
922 493 1012 544 totam
1027 486 1083 544 Ar·

85 561 194 620 cadiam
209 579 244 620 ac
261 561 429 621 Laconicam
445 562 565 622 tradunt.
599 561 731 622 Arcades
743 564 858 643 quidem
880 584 940 626 non
959 569 1084 628 medica·

86 645 210 704 minibus
227 647 267 704 uti
287 645 339 704 scd
355 644 430 705 lacte
446 648 523 704 circa
537 663 602 722 ver,
625 649 760 724 quoniam
775 657 842 706 tunc
858 666 988 710 munme
1004 653 1083 711 sucis

66 729 195 787 chet-bae
211 736 348 804 turgeant
364 729 602 806 medicenturque
617 730 707 789 ubera
722 732 848 809 pascuis,
872 732 973 792 bibunt
987 743 1083 794 autem

86 813 246 886 vaccinum,
264 813 398 888 quoniam
412 811 504 870 boves
522 813 663 871 omnivori
678 813 743 873 iere
760 821 827 872 sunt
841 815 871 872 in
886 815 995 876 herbis.
1028 835 1081 895 po·

86 896 176 954 tentia
192 912 292 953 earum
308 912 362 973 per
377 894 570 972 quadripedes
586 896 738 955 etiamnum
753 896 866 956 duobus
882 898 969 958 claris
985 918 1081 959 exem·

86 977 140 1056 plis
161 978 316 1036 maniiesta
340 978 378 1035 iit.
412 980 488 1036 circa
506 977 650 1038 Abderam
672 987 703 1038 et
724 979 843 1039 limitem
864 983 912 1057 qui
931 981 1080 1041 Diomedia

87 1069 208 1120 vocatur
231 1062 299 1138 equi
320 1063 395 1139 pasti
419 1060 626 1120 inllammantur
647 1062 740 1138 rabie,
765 1064 842 1122 circa
865 1063 983 1124 Potnias
1008 1083 1080 1124 vero

55 1154 115 1204 roet
132 1145 219 1203 asini.

139 1227 224 1306 (54.)
240 1225 320 1286 Inter
334 1227 530 1288 nobilissimas
544 1228 751 1290 aristolochiae
766 1249 870 1291 nomen
885 1231 1001 1292 dedisse
1013 1249 1078 1309 gra·
1089 1243 1123 1296 95

85 1312 169 1371 vidae
189 1309 338 1386 videntur,
360 1313 493 1388 quoniam
516 1321 597 1371 esset
621 1301 739 1392 ἀρίστη
759 1307 941 1392 λεχούσαις.
985 1317 1079 1374 nostri

85 1394 189 1453 malum
207 1402 306 1453 terrae
322 1403 429 1453 vocant
443 1404 473 1453 et
489 1403 626 1472 quattuor
639 1413 749 1472 genera
766 1401 830 1458 eius
846 1407 978 1458 servant:
995 1417 1080 1457 unum

87 1477 242 1537 tuberibus
260 1477 364 1536 radicis
388 1479 529 1554 rotundis,
549 1479 629 1538 loliis
649 1481 727 1539 inter
746 1481 866 1540 malvam
886 1491 915 1541 et
932 1480 1079 1556 hederam,

57 1577 78 1616 15
86 1560 267 1638 nigrioribus
284 1559 533 1639 mollioribusque.
561 1561 684 1621 alterum
697 1565 853 1640 masculae,
868 1565 965 1624 radice
981 1565 1079 1640 longa,

85 1653 223 1722 quattuor
239 1643 396 1720 digitorum
413 1644 603 1721 longitudine,
620 1645 714 1704 baculi
731 1647 932 1710 crassitudine.
962 1649 1080 1706 tertium

84 1727 289 1805 longissimae,
304 1729 444 1786 tenuitate
459 1730 528 1786 vitis
544 1727 691 1803 novellae,
704 1731 785 1786 cuius
801 1731 840 1788 sit
850 1730 1007 1806 praecipua
1020 1731 1078 1803 ris,

85 1829 161 1889 quae
182 1819 213 1870 et
233 1810 386 1870 clematitis
405 1819 536 1886 vocatur,
560 1810 596 1869 ah
614 1810 680 1870 aliis
696 1809 821 1876 Cretica.
854 1829 954 1869 omnes
975 1810 1122 1873 colorabit

85 1895 199 1968 buxeo,
217 1894 346 1953 caulibus
364 1895 473 1970 parvis,
495 1892 567 1952 llore
583 1910 741 1970 purpureo.
768 1895 865 1954 ierunt
880 1893 997 1953 baculas
1013 1910 1078 1970 par·

52 1992 142 2035 covas
162 1985 194 2034 ut
209 1979 333 2054 cappari.
363 1975 460 2035 valent
475 1975 572 2035 radice
587 1983 703 2035 tantum.
732 1984 779 2036 est
799 1986 830 2037 et
852 1995 927 2055 quae
946 1975 1079 2055 plistolo-

88 2060 153 2118 chia
175 2069 303 2136 vocatur,
323 2061 416 2136 quarti
437 2061 567 2136 generis,
590 2060 706 2119 tenuior
724 2078 807 2138 quam
830 2077 971 2139 proxume
992 2061 1078 2135 dicta,

88 2143 189 2203 densis
201 2143 305 2202 radicis
318 2142 537 2222 capillamentis,
549 2144 625 2202 iunci
638 2143 779 2220 plenioris
791 2143 990 2204 crassitudine.
1006 2144 1079 2203 hanc

89 2227 201 2304 quidam
219 2226 407 2304 polyrrhizon
422 2227 635 2302 cognominant.
667 2226 741 2286 odor
762 2229 885 2286 omnium
905 2229 1075 2300 medicatus,
1086 2233 1120 2288 st

91 2311 139 2370 sed
164 2309 314 2386 oblongae
335 2309 422 2369 radici
446 2310 631 2387 tenuiorique
651 2313 774 2386 gratior,
800 2312 913 2369 carnosi
937 2313 1012 2370 enim
1031 2317 1079 2368 est

54 2409 80 2451 as
91 2396 220 2468 corticis,
244 2393 398 2468 unguentis
420 2409 537 2470 quoque¹
558 2392 684 2452 nardinis
707 2394 893 2453 conveniens.
925 2400 1080 2452 nascuntur

91 2476 245 2554 pinguibus
261 2476 335 2535 locis
350 2483 381 2536 et
394 2476 612 2553 campestribus.
637 2475 768 2536 effodere
784 2494 834 2535 eas
849 2476 993 2535 messibus
1008 2483 1079 2532 tem·

89 2562 246 2637 pestivom,
263 2561 302 2618 ita
318 2561 505 2636 desquamato
520 2567 639 2618 terreno
656 2567 815 2619 seruantur.
837 2576 969 2618 maxume
983 2565 1078 2615 tamen

86 2643 219 2702 laudatur
240 2641 360 2702 Pontica
383 2651 412 2702 et
436 2644 465 2700 in
487 2659 667 2719 quocumque
692 2659 803 2721 genere
830 2640 1078 2720 ponderosissima

86 2743 235 2804 quaeque,
246 2726 394 2786 medicinis
407 2726 503 2803 aptior
513 2725 646 2801 rotunda,
661 2733 763 2784 contra
779 2727 925 2803 serpentis
940 2722 1078 2798 oblonga,

49 2813 115 2871 auin
132 2827 242 2868 summa
257 2817 354 2867 tamen
371 2808 542 2884 gloriaest,
561 2809 584 2865 si
600 2807 685 2867 modo
700 2825 717 2865 a
732 2818 875 2886 conceptu
889 2807 1002 2866 admota
1018 2803 1079 2862 vol·

82 2895 184 2951 visin
206 2909 294 2951 carne
315 2891 421 2950 bubula
440 2893 526 2950 maris
548 2891 668 2967 ligurat,
690 2899 721 2950 ut
742 2892 870 2950 traditur.
908 2889 1121 2951 Piscatoresos

84 2974 263 3055 Campaniae
284 2974 410 3034 radicem
433 2992 495 3035 eam
514 2991 588 3052 quae
608 2974 730 3034 rotunda
750 2983 797 3033 est
816 2990 958 3030 venenum
980 2979 1077 3030 terrae

82 3067 204 3135 vocant,
220 3075 376 3135 coramque
392 3059 475 3118 nobis
491 3066 659 3117 contunsam
672 3060 760 3115 mixta
773 3056 853 3115 calce
866 3056 895 3111 in
909 3071 988 3113 mara
1000 3071 1079 3130 spar-

82 3161 166 3202 sere.
200 3140 338 3200 advolant
360 3143 457 3217 pisces
481 3140 638 3217 cupiditate
658 3143 728 3198 mira
751 3141 904 3212 statimque
925 3138 1077 3196 exanimati

47 3227 209 3284 asdnitant.
245 3221 329 3294 Quae
348 3223 530 3299 polyrrhizos
547 3224 765 3298 cognominatur
779 3217 938 3297 convolsis,
959 3229 1078 3279 contun-

81 3312 138 3386 sis,
170 3325 209 3366 ex
235 3306 296 3366 alto
323 3307 522 3385 praecipitatis
548 3305 646 3364 radice
671 3313 741 3382 pota
767 3321 806 3361 ex
831 3314 904 3379 aqua
927 3303 1078 3361 utilissima

81 3411 158 3454 esse
171 3391 305 3466 traditur,
318 3391 430 3448 semine
445 3389 605 3467 pleuriticis
624 3396 655 3446 et
668 3389 778 3461 nervis,
790 3383 1078 3458 coniimuare,e1cal·

78 3479 199 3551 lacere,
217 3473 319 3534 eadem
336 3474 466 3548 satyrion
483 3489 559 3532 esse.
