<?xml version="1.0" encoding="UTF-8"?>
<!DOCTYPE html PUBLIC "-//W3C//DTD XHTML 1.0 Transitional//EN"
    "http://www.w3.org/TR/xhtml1/DTD/xhtml1-transitional.dtd">
<html xmlns="http://www.w3.org/1999/xhtml" xml:lang="en" lang="en">
 <head>
  <title>
</title>
<meta http-equiv="Content-Type" content="text/html;charset=utf-8" />
  <meta name='ocr-system' content='tesseract 3.04.00' />
  <meta name='ocr-capabilities' content='ocr_page ocr_carea ocr_par ocr_line ocrx_word'/>
</head>
<body>
  <div class='ocr_page' id='page_1' title='image "./cplinisecundina24plingoog_0236.png"; bbox 0 0 2484 3817; ppageno 0'>
   <div class='ocr_carea' id='block_1_1' title="bbox 165 192 837 258">
    <p class='ocr_par' dir='ltr' id='par_1_1' title="bbox 165 192 837 258">
     <span class='ocr_line' id='line_1_1' title="bbox 165 192 837 258; baseline -0.022 0"><span class='ocrx_word' id='word_1_1' title='bbox 165 192 242 258; x_wconf 67' lang='lat' dir='ltr'><strong>ibt</strong></span> <span class='ocrx_word' id='word_1_2' title='bbox 531 196 837 253; x_wconf 79' lang='lat' dir='ltr'><strong>eenmrsucunnr</strong></span> 
     </span>
    </p>
   </div>
   <div class='ocr_carea' id='block_1_2' title="bbox 140 346 1205 2588">
    <p class='ocr_par' dir='ltr' id='par_1_2' title="bbox 180 346 1194 915">
     <span class='ocr_line' id='line_1_2' title="bbox 182 346 1169 430; baseline -0.008 -13"><span class='ocrx_word' id='word_1_3' title='bbox 182 368 241 418; x_wconf 91' lang='lat' dir='ltr'><strong>tum</strong></span> <span class='ocrx_word' id='word_1_4' title='bbox 256 354 381 418; x_wconf 85' lang='lat' dir='ltr'><strong>vocabat</strong></span> <span class='ocrx_word' id='word_1_5' title='bbox 393 354 527 430; x_wconf 71' lang='lat' dir='ltr'><strong>botryou.</strong></span> <span class='ocrx_word' id='word_1_6' title='bbox 558 348 647 411; x_wconf 88' lang='lat' dir='ltr'><strong>llulta</strong></span> <span class='ocrx_word' id='word_1_7' title='bbox 660 367 770 427; x_wconf 84' lang='lat' dir='ltr'><strong>genera</strong></span> <span class='ocrx_word' id='word_1_8' title='bbox 790 347 955 410; x_wconf 79' lang='lat' dir='ltr'>morborum</span> <span class='ocrx_word' id='word_1_9' title='bbox 975 346 1068 426; x_wconf 87' lang='lat' dir='ltr'><strong>primo</strong></span> <span class='ocrx_word' id='word_1_10' title='bbox 1088 346 1169 409; x_wconf 89' lang='lat' dir='ltr'><strong>coitu</strong></span> 
     </span>
     <span class='ocr_line' id='line_1_3' title="bbox 183 431 1170 518; baseline -0.011 -17"><span class='ocrx_word' id='word_1_11' title='bbox 183 441 335 502; x_wconf 85' lang='lat' dir='ltr'><strong>solvantur</strong></span> <span class='ocrx_word' id='word_1_12' title='bbox 349 440 499 518; x_wconf 84' lang='lat' dir='ltr'><strong>primoque</strong></span> <span class='ocrx_word' id='word_1_13' title='bbox 510 435 678 496; x_wconf 78' lang='lat' dir='ltr'><strong>feminarum</strong></span> <span class='ocrx_word' id='word_1_14' title='bbox 692 450 790 493; x_wconf 89' lang='lat' dir='ltr'><strong>mense</strong></span> <span class='ocrx_word' id='word_1_15' title='bbox 804 442 862 508; x_wconf 86' lang='lat' dir='ltr'><strong>aut,</strong></span> <span class='ocrx_word' id='word_1_16' title='bbox 877 432 903 491; x_wconf 86' lang='lat' dir='ltr'><strong>si</strong></span> <span class='ocrx_word' id='word_1_17' title='bbox 916 431 974 491; x_wconf 87' lang='lat' dir='ltr'><strong>boo</strong></span> <span class='ocrx_word' id='word_1_18' title='bbox 987 448 1045 491; x_wconf 89' lang='lat' dir='ltr'><strong>oon</strong></span> <span class='ocrx_word' id='word_1_19' title='bbox 1059 432 1170 491; x_wconf 86' lang='lat' dir='ltr'><strong>contiu-</strong></span> 
     </span>
     <span class='ocr_line' id='line_1_4' title="bbox 182 516 1168 601; baseline -0.009 -19"><span class='ocrx_word' id='word_1_20' title='bbox 182 526 241 601; x_wconf 89' lang='lat' dir='ltr'><strong>git,</strong></span> <span class='ocrx_word' id='word_1_21' title='bbox 260 524 415 600; x_wconf 85' lang='lat' dir='ltr'><strong>longinqua</strong></span> <span class='ocrx_word' id='word_1_22' title='bbox 435 522 504 581; x_wconf 87' lang='lat' dir='ltr'><strong>bunt</strong></span> <span class='ocrx_word' id='word_1_23' title='bbox 518 534 709 594; x_wconf 84' lang='lat' dir='ltr'><strong>maxumeque</strong></span> <span class='ocrx_word' id='word_1_24' title='bbox 727 516 896 575; x_wconf 75' lang='lat' dir='ltr'><strong>comitiales.</strong></span> <span class='ocrx_word' id='word_1_25' title='bbox 929 516 996 593; x_wconf 89' lang='lat' dir='ltr'><strong>quin</strong></span> <span class='ocrx_word' id='word_1_26' title='bbox 1018 522 1048 575; x_wconf 89' lang='lat' dir='ltr'><strong>et</strong></span> <span class='ocrx_word' id='word_1_27' title='bbox 1067 533 1085 574; x_wconf 93' lang='lat' dir='ltr'><strong>a</strong></span> <span class='ocrx_word' id='word_1_28' title='bbox 1106 532 1168 575; x_wconf 92' lang='lat' dir='ltr'><strong>ser·</strong></span> 
     </span>
     <span class='ocr_line' id='line_1_5' title="bbox 182 598 1170 684; baseline -0.009 -18"><span class='ocrx_word' id='word_1_29' title='bbox 182 603 287 684; x_wconf 88' lang='lat' dir='ltr'><strong>pente,</strong></span> <span class='ocrx_word' id='word_1_30' title='bbox 316 624 334 667; x_wconf 95' lang='lat' dir='ltr'><strong>a</strong></span> <span class='ocrx_word' id='word_1_31' title='bbox 353 606 511 682; x_wconf 76' lang='lat' dir='ltr'><strong>scorpione</strong></span> <span class='ocrx_word' id='word_1_32' title='bbox 530 618 690 679; x_wconf 86' lang='lat' dir='ltr'><strong>percussos</strong></span> <span class='ocrx_word' id='word_1_33' title='bbox 709 602 785 660; x_wconf 90' lang='lat' dir='ltr'><strong>coitu</strong></span> <span class='ocrx_word' id='word_1_34' title='bbox 800 600 892 660; x_wconf 87' lang='lat' dir='ltr'><strong>levari</strong></span> <span class='ocrx_word' id='word_1_35' title='bbox 906 598 1045 677; x_wconf 89' lang='lat' dir='ltr'><strong>produnt,</strong></span> <span class='ocrx_word' id='word_1_36' title='bbox 1069 614 1170 658; x_wconf 86' lang='lat' dir='ltr'><strong>verum</strong></span> 
     </span>
     <span class='ocr_line' id='line_1_6' title="bbox 180 682 1194 758; baseline -0.012 -9"><span class='ocrx_word' id='word_1_37' title='bbox 180 690 303 749; x_wconf 83' lang='lat' dir='ltr'><strong>feminae</strong></span> <span class='ocrx_word' id='word_1_38' title='bbox 323 706 432 750; x_wconf 82' lang='lat' dir='ltr'><strong>venere</strong></span> <span class='ocrx_word' id='word_1_39' title='bbox 454 706 488 747; x_wconf 91' lang='lat' dir='ltr'><strong>ea</strong></span> <span class='ocrx_word' id='word_1_40' title='bbox 513 684 598 745; x_wconf 85' lang='lat' dir='ltr'><strong>laedi.</strong></span> <span class='ocrx_word' id='word_1_41' title='bbox 635 683 790 743; x_wconf 76' lang='lat' dir='ltr'>Oculorum</span> <span class='ocrx_word' id='word_1_42' title='bbox 811 683 879 742; x_wconf 86' lang='lat' dir='ltr'><strong>vitia</strong></span> <span class='ocrx_word' id='word_1_43' title='bbox 900 682 962 741; x_wconf 89' lang='lat' dir='ltr'><strong>lieri</strong></span> <span class='ocrx_word' id='word_1_44' title='bbox 984 688 1092 758; x_wconf 86' lang='lat' dir='ltr'><strong>negant</strong></span> <span class='ocrx_word' id='word_1_45' title='bbox 1107 695 1194 739; x_wconf 79' lang='lat' dir='ltr'><strong>meos</strong></span> 
     </span>
     <span class='ocr_line' id='line_1_7' title="bbox 181 764 1170 851; baseline -0.009 -19"><span class='ocrx_word' id='word_1_46' title='bbox 181 773 287 851; x_wconf 79' lang='lat' dir='ltr'>lippire</span> <span class='ocrx_word' id='word_1_47' title='bbox 312 773 451 850; x_wconf 88' lang='lat' dir='ltr'><strong>eosqui,</strong></span> <span class='ocrx_word' id='word_1_48' title='bbox 477 786 541 830; x_wconf 88' lang='lat' dir='ltr'><strong>oum</strong></span> <span class='ocrx_word' id='word_1_49' title='bbox 566 765 657 846; x_wconf 87' lang='lat' dir='ltr'><strong>pedes</strong></span> <span class='ocrx_word' id='word_1_50' title='bbox 677 766 790 844; x_wconf 88' lang='lat' dir='ltr'><strong>lavant,</strong></span> <span class='ocrx_word' id='word_1_51' title='bbox 818 782 892 843; x_wconf 89' lang='lat' dir='ltr'><strong>aqua</strong></span> <span class='ocrx_word' id='word_1_52' title='bbox 911 764 977 825; x_wconf 89' lang='lat' dir='ltr'><strong>inde</strong></span> <span class='ocrx_word' id='word_1_53' title='bbox 996 774 1043 825; x_wconf 89' lang='lat' dir='ltr'><strong>ter</strong></span> <span class='ocrx_word' id='word_1_54' title='bbox 1066 764 1170 825; x_wconf 81' lang='lat' dir='ltr'><strong>oeulos</strong></span> 
     </span>
     <span class='ocr_line' id='line_1_8' title="bbox 182 864 309 915; baseline -0.008 0"><span class='ocrx_word' id='word_1_55' title='bbox 182 864 229 915; x_wconf 85' lang='lat' dir='ltr'><strong>tao</strong></span> <span class='ocrx_word' id='word_1_56' title='bbox 252 864 309 915; x_wconf 89' lang='lat' dir='ltr'><strong>ant.</strong></span> 
     </span>
    </p>

    <p class='ocr_par' dir='ltr' id='par_1_3' title="bbox 140 874 1205 1430">
     <span class='ocr_line' id='line_1_9' title="bbox 140 874 1169 1017; baseline -0.014 -15"><span class='ocrx_word' id='word_1_57' title='bbox 140 951 172 1003; x_wconf 82' lang='lat'><strong>45</strong></span> <span class='ocrx_word' id='word_1_58' title='bbox 230 874 330 1017; x_wconf 64' lang='grc' dir='ltr'><strong>ἔ(11.)</strong></span> <span class='ocrx_word' id='word_1_59' title='bbox 349 936 489 996; x_wconf 81' lang='lat' dir='ltr'><strong>Inmatura</strong></span> <span class='ocrx_word' id='word_1_60' title='bbox 500 942 593 994; x_wconf 87' lang='lat' dir='ltr'><strong>morte</strong></span> <span class='ocrx_word' id='word_1_61' title='bbox 604 940 750 1010; x_wconf 89' lang='lat' dir='ltr'><strong>raptorum</strong></span> <span class='ocrx_word' id='word_1_62' title='bbox 765 950 847 992; x_wconf 87' lang='lat' dir='ltr'><strong>mauu</strong></span> <span class='ocrx_word' id='word_1_63' title='bbox 863 940 995 1006; x_wconf 78' lang='lat' dir='ltr'><strong>strumas,</strong></span> <span class='ocrx_word' id='word_1_64' title='bbox 1010 928 1169 1010; x_wconf 81' lang='lat' dir='ltr'><strong>parotidas,</strong></span> 
     </span>
     <span class='ocr_line' id='line_1_10' title="bbox 181 1013 1169 1099; baseline -0.011 -18"><span class='ocrx_word' id='word_1_65' title='bbox 181 1030 293 1099; x_wconf 89' lang='lat' dir='ltr'><strong>guttura</strong></span> <span class='ocrx_word' id='word_1_66' title='bbox 315 1029 393 1079; x_wconf 91' lang='lat' dir='ltr'><strong>tactu</strong></span> <span class='ocrx_word' id='word_1_67' title='bbox 406 1019 499 1079; x_wconf 89' lang='lat' dir='ltr'><strong>sanari</strong></span> <span class='ocrx_word' id='word_1_68' title='bbox 514 1017 676 1091; x_wconf 83' lang='lat' dir='ltr'><strong>adfirmant,</strong></span> <span class='ocrx_word' id='word_1_69' title='bbox 692 1015 804 1093; x_wconf 87' lang='lat' dir='ltr'><strong>quidam</strong></span> <span class='ocrx_word' id='word_1_70' title='bbox 815 1032 886 1075; x_wconf 83' lang='lat' dir='ltr'><strong>vero</strong></span> <span class='ocrx_word' id='word_1_71' title='bbox 902 1016 1104 1092; x_wconf 88' lang='lat' dir='ltr'><strong>cuiuscumque</strong></span> <span class='ocrx_word' id='word_1_72' title='bbox 1119 1013 1169 1071; x_wconf 91' lang='lat' dir='ltr'><strong>de-</strong></span> 
     </span>
     <span class='ocr_line' id='line_1_11' title="bbox 181 1096 1205 1178; baseline -0.009 -14"><span class='ocrx_word' id='word_1_73' title='bbox 181 1105 279 1178; x_wconf 78' lang='lat' dir='ltr'><strong>functi,</strong></span> <span class='ocrx_word' id='word_1_74' title='bbox 296 1103 442 1164; x_wconf 81' lang='lat' dir='ltr'><strong>dumtaxat</strong></span> <span class='ocrx_word' id='word_1_75' title='bbox 457 1102 502 1159; x_wconf 90' lang='lat' dir='ltr'><strong>sul</strong></span> <span class='ocrx_word' id='word_1_76' title='bbox 518 1118 616 1172; x_wconf 84' lang='lat' dir='ltr'><strong>sexus,</strong></span> <span class='ocrx_word' id='word_1_77' title='bbox 640 1099 722 1159; x_wconf 82' lang='lat' dir='ltr'><strong>laeva</strong></span> <span class='ocrx_word' id='word_1_78' title='bbox 736 1116 818 1159; x_wconf 87' lang='lat' dir='ltr'><strong>maun</strong></span> <span class='ocrx_word' id='word_1_79' title='bbox 833 1116 945 1158; x_wconf 78' lang='lat' dir='ltr'><strong>aversa.</strong></span> <span class='ocrx_word' id='word_1_80' title='bbox 974 1107 1004 1157; x_wconf 89' lang='lat' dir='ltr'><strong>et</strong></span> <span class='ocrx_word' id='word_1_81' title='bbox 1018 1097 1096 1172; x_wconf 91' lang='lat' dir='ltr'><strong>liguo</strong></span> <span class='ocrx_word' id='word_1_82' title='bbox 1111 1096 1167 1155; x_wconf 82' lang='lat' dir='ltr'><strong>lul·</strong></span> <span class='ocrx_word' id='word_1_83' title='bbox 1180 1113 1205 1155; x_wconf 83' lang='lat' dir='ltr'><strong>ro</strong></span> 
     </span>
     <span class='ocr_line' id='line_1_12' title="bbox 182 1179 1170 1263; baseline -0.007 -17"><span class='ocrx_word' id='word_1_84' title='bbox 182 1205 255 1263; x_wconf 90' lang='lat' dir='ltr'><strong>gnre</strong></span> <span class='ocrx_word' id='word_1_85' title='bbox 269 1187 329 1245; x_wconf 90' lang='lat' dir='ltr'><strong>icto</strong></span> <span class='ocrx_word' id='word_1_86' title='bbox 343 1186 461 1245; x_wconf 86' lang='lat' dir='ltr'><strong>reiectis</strong></span> <span class='ocrx_word' id='word_1_87' title='bbox 474 1192 539 1261; x_wconf 89' lang='lat' dir='ltr'><strong>post</strong></span> <span class='ocrx_word' id='word_1_88' title='bbox 553 1191 636 1257; x_wconf 86' lang='lat' dir='ltr'><strong>terga</strong></span> <span class='ocrx_word' id='word_1_89' title='bbox 647 1181 774 1241; x_wconf 91' lang='lat' dir='ltr'><strong>manibus</strong></span> <span class='ocrx_word' id='word_1_90' title='bbox 788 1180 951 1241; x_wconf 80' lang='lat' dir='ltr'><strong>demorderi</strong></span> <span class='ocrx_word' id='word_1_91' title='bbox 967 1179 1071 1258; x_wconf 89' lang='lat' dir='ltr'><strong>aliquid</strong></span> <span class='ocrx_word' id='word_1_92' title='bbox 1088 1188 1119 1239; x_wconf 88' lang='lat' dir='ltr'><strong>et</strong></span> <span class='ocrx_word' id='word_1_93' title='bbox 1131 1179 1170 1239; x_wconf 92' lang='lat' dir='ltr'><strong>ad</strong></span> 
     </span>
     <span class='ocr_line' id='line_1_13' title="bbox 181 1263 1169 1346; baseline -0.007 -18"><span class='ocrx_word' id='word_1_94' title='bbox 181 1270 296 1329; x_wconf 86' lang='lat' dir='ltr'><strong>dentem</strong></span> <span class='ocrx_word' id='word_1_95' title='bbox 311 1270 358 1346; x_wconf 89' lang='lat' dir='ltr'><strong>qui</strong></span> <span class='ocrx_word' id='word_1_96' title='bbox 376 1267 473 1327; x_wconf 86' lang='lat' dir='ltr'><strong>doleat</strong></span> <span class='ocrx_word' id='word_1_97' title='bbox 487 1266 634 1326; x_wconf 87' lang='lat' dir='ltr'><strong>admoveri</strong></span> <span class='ocrx_word' id='word_1_98' title='bbox 648 1266 777 1325; x_wconf 88' lang='lat' dir='ltr'><strong>remedio</strong></span> <span class='ocrx_word' id='word_1_99' title='bbox 792 1281 860 1323; x_wconf 88' lang='lat' dir='ltr'><strong>esse</strong></span> <span class='ocrx_word' id='word_1_100' title='bbox 874 1263 1009 1343; x_wconf 89' lang='lat' dir='ltr'><strong>produnt.</strong></span> <span class='ocrx_word' id='word_1_101' title='bbox 1038 1271 1102 1323; x_wconf 86' lang='lat' dir='ltr'><strong>sunt</strong></span> <span class='ocrx_word' id='word_1_102' title='bbox 1118 1264 1169 1341; x_wconf 89' lang='lat' dir='ltr'><strong>qui</strong></span> 
     </span>
     <span class='ocr_line' id='line_1_14' title="bbox 182 1347 1170 1430; baseline -0.002 -21"><span class='ocrx_word' id='word_1_103' title='bbox 182 1352 361 1430; x_wconf 88' lang='lat' dir='ltr'><strong>praecipiant</strong></span> <span class='ocrx_word' id='word_1_104' title='bbox 381 1350 494 1410; x_wconf 89' lang='lat' dir='ltr'><strong>dentem</strong></span> <span class='ocrx_word' id='word_1_105' title='bbox 509 1348 600 1407; x_wconf 87' lang='lat' dir='ltr'><strong>sulliri</strong></span> <span class='ocrx_word' id='word_1_106' title='bbox 622 1347 707 1407; x_wconf 91' lang='lat' dir='ltr'><strong>dente</strong></span> <span class='ocrx_word' id='word_1_107' title='bbox 723 1347 845 1407; x_wconf 86' lang='lat' dir='ltr'><strong>bominis</strong></span> <span class='ocrx_word' id='word_1_108' title='bbox 859 1349 902 1407; x_wconf 87' lang='lat' dir='ltr'><strong>sui</strong></span> <span class='ocrx_word' id='word_1_109' title='bbox 923 1364 1029 1423; x_wconf 83' lang='lat' dir='ltr'><strong>sexus,</strong></span> <span class='ocrx_word' id='word_1_110' title='bbox 1054 1356 1084 1406; x_wconf 87' lang='lat' dir='ltr'><strong>et</strong></span> <span class='ocrx_word' id='word_1_111' title='bbox 1103 1364 1170 1407; x_wconf 87' lang='lat' dir='ltr'><strong>eum</strong></span> 
     </span>
    </p>

    <p class='ocr_par' dir='ltr' id='par_1_4' title="bbox 140 1427 1203 1595">
     <span class='ocr_line' id='line_1_15' title="bbox 140 1427 1169 1513; baseline -0.005 -20"><span class='ocrx_word' id='word_1_112' title='bbox 140 1446 175 1501; x_wconf 79' lang='lat'><strong>46</strong></span> <span class='ocrx_word' id='word_1_113' title='bbox 186 1436 234 1513; x_wconf 86' lang='lat' dir='ltr'><strong>qui</strong></span> <span class='ocrx_word' id='word_1_114' title='bbox 252 1434 369 1492; x_wconf 87' lang='lat' dir='ltr'><strong>caninus</strong></span> <span class='ocrx_word' id='word_1_115' title='bbox 382 1427 504 1493; x_wconf 80' lang='lat' dir='ltr'><strong>v&#39;ocetur</strong></span> <span class='ocrx_word' id='word_1_116' title='bbox 517 1430 662 1508; x_wconf 89' lang='lat' dir='ltr'><strong>insepulto</strong></span> <span class='ocrx_word' id='word_1_117' title='bbox 681 1440 843 1508; x_wconf 82' lang='lat' dir='ltr'><strong>exemptum</strong></span> <span class='ocrx_word' id='word_1_118' title='bbox 857 1429 1017 1506; x_wconf 87' lang='lat' dir='ltr'><strong>adalligari.</strong></span> <span class='ocrx_word' id='word_1_119' title='bbox 1048 1429 1169 1489; x_wconf 83' lang='lat' dir='ltr'><strong>Terram</strong></span> 
     </span>
     <span class='ocr_line' id='line_1_16' title="bbox 182 1512 1203 1595; baseline -0.002 -18"><span class='ocrx_word' id='word_1_120' title='bbox 182 1536 200 1577; x_wconf 90' lang='lat' dir='ltr'><strong>e</strong></span> <span class='ocrx_word' id='word_1_121' title='bbox 217 1516 341 1578; x_wconf 87' lang='lat' dir='ltr'><strong>calvaria</strong></span> <span class='ocrx_word' id='word_1_122' title='bbox 357 1516 505 1595; x_wconf 80' lang='lat' dir='ltr'><strong>psilotrum</strong></span> <span class='ocrx_word' id='word_1_123' title='bbox 527 1532 594 1573; x_wconf 87' lang='lat' dir='ltr'><strong>esse</strong></span> <span class='ocrx_word' id='word_1_124' title='bbox 609 1514 811 1591; x_wconf 85' lang='lat' dir='ltr'><strong>palpebrarum</strong></span> <span class='ocrx_word' id='word_1_125' title='bbox 825 1514 953 1590; x_wconf 75' lang='lat' dir='ltr'><strong>uadunt,</strong></span> <span class='ocrx_word' id='word_1_126' title='bbox 975 1512 1065 1573; x_wconf 92' lang='lat' dir='ltr'><strong>berba</strong></span> <span class='ocrx_word' id='word_1_127' title='bbox 1082 1531 1203 1590; x_wconf 83' lang='lat' dir='ltr'><strong>vero,1a</strong></span> 
     </span>
    </p>

    <p class='ocr_par' dir='ltr' id='par_1_5' title="bbox 155 1596 1201 2173">
     <span class='ocr_line' id='line_1_17' title="bbox 155 1596 1169 1677; baseline -0.003 -18"><span class='ocrx_word' id='word_1_128' title='bbox 155 1617 157 1621; x_wconf 86' lang='lat'>·</span> <span class='ocrx_word' id='word_1_129' title='bbox 182 1601 208 1659; x_wconf 91' lang='lat' dir='ltr'><strong>si</strong></span> <span class='ocrx_word' id='word_1_130' title='bbox 226 1618 281 1677; x_wconf 88' lang='lat' dir='ltr'><strong>qua</strong></span> <span class='ocrx_word' id='word_1_131' title='bbox 294 1598 332 1659; x_wconf 89' lang='lat' dir='ltr'><strong>lbi</strong></span> <span class='ocrx_word' id='word_1_132' title='bbox 348 1601 444 1676; x_wconf 89' lang='lat' dir='ltr'><strong>genita</strong></span> <span class='ocrx_word' id='word_1_133' title='bbox 458 1600 505 1673; x_wconf 85' lang='lat' dir='ltr'><strong>sit,</strong></span> <span class='ocrx_word' id='word_1_134' title='bbox 522 1596 745 1658; x_wconf 88' lang='lat' dir='ltr'><strong>conmanducata</strong></span> <span class='ocrx_word' id='word_1_135' title='bbox 757 1597 849 1657; x_wconf 88' lang='lat' dir='ltr'><strong>dentis</strong></span> <span class='ocrx_word' id='word_1_136' title='bbox 865 1598 981 1671; x_wconf 86' lang='lat' dir='ltr'><strong>cadere,</strong></span> <span class='ocrx_word' id='word_1_137' title='bbox 998 1596 1096 1655; x_wconf 90' lang='lat' dir='ltr'><strong>ulcera</strong></span> <span class='ocrx_word' id='word_1_138' title='bbox 1110 1614 1169 1656; x_wconf 90' lang='lat' dir='ltr'><strong>nou</strong></span> 
     </span>
     <span class='ocr_line' id='line_1_18' title="bbox 182 1680 1168 1761; baseline -0.005 -18"><span class='ocrx_word' id='word_1_139' title='bbox 182 1701 304 1761; x_wconf 87' lang='lat' dir='ltr'><strong>serpere</strong></span> <span class='ocrx_word' id='word_1_140' title='bbox 317 1699 385 1743; x_wconf 89' lang='lat' dir='ltr'><strong>osse</strong></span> <span class='ocrx_word' id='word_1_141' title='bbox 401 1682 522 1743; x_wconf 89' lang='lat' dir='ltr'><strong>bominis</strong></span> <span class='ocrx_word' id='word_1_142' title='bbox 537 1682 763 1758; x_wconf 87' lang='lat' dir='ltr'><strong>circumscripta.</strong></span> <span class='ocrx_word' id='word_1_143' title='bbox 793 1680 850 1740; x_wconf 81' lang='lat' dir='ltr'><strong>Alii</strong></span> <span class='ocrx_word' id='word_1_144' title='bbox 863 1699 880 1739; x_wconf 91' lang='lat' dir='ltr'><strong>o</strong></span> <span class='ocrx_word' id='word_1_145' title='bbox 895 1680 986 1740; x_wconf 88' lang='lat' dir='ltr'><strong>tribus</strong></span> <span class='ocrx_word' id='word_1_146' title='bbox 999 1680 1092 1757; x_wconf 86' lang='lat' dir='ltr'><strong>puteis</strong></span> <span class='ocrx_word' id='word_1_147' title='bbox 1104 1681 1168 1756; x_wconf 91' lang='lat' dir='ltr'><strong>pari</strong></span> 
     </span>
     <span class='ocr_line' id='line_1_19' title="bbox 183 1761 1169 1845; baseline -0.005 -19"><span class='ocrx_word' id='word_1_148' title='bbox 183 1784 315 1827; x_wconf 85' lang='lat' dir='ltr'><strong>mensura</strong></span> <span class='ocrx_word' id='word_1_149' title='bbox 326 1784 415 1845; x_wconf 86' lang='lat' dir='ltr'><strong>aquas</strong></span> <span class='ocrx_word' id='word_1_150' title='bbox 426 1767 548 1825; x_wconf 90' lang='lat' dir='ltr'><strong>miscent</strong></span> <span class='ocrx_word' id='word_1_151' title='bbox 556 1774 585 1823; x_wconf 89' lang='lat' dir='ltr'><strong>et</strong></span> <span class='ocrx_word' id='word_1_152' title='bbox 598 1764 741 1841; x_wconf 90' lang='lat' dir='ltr'><strong>prolibant</strong></span> <span class='ocrx_word' id='word_1_153' title='bbox 754 1778 830 1823; x_wconf 81' lang='lat' dir='ltr'><strong>noro</strong></span> <span class='ocrx_word' id='word_1_154' title='bbox 843 1764 934 1838; x_wconf 83' lang='lat' dir='ltr'><strong>fictili,</strong></span> <span class='ocrx_word' id='word_1_155' title='bbox 946 1762 1088 1840; x_wconf 87' lang='lat' dir='ltr'><strong>reliquom</strong></span> <span class='ocrx_word' id='word_1_156' title='bbox 1100 1761 1169 1821; x_wconf 89' lang='lat' dir='ltr'><strong>dant</strong></span> 
     </span>
     <span class='ocr_line' id='line_1_20' title="bbox 182 1846 1167 1923; baseline -0.006 -12"><span class='ocrx_word' id='word_1_157' title='bbox 182 1853 210 1911; x_wconf 92' lang='lat' dir='ltr'><strong>io</strong></span> <span class='ocrx_word' id='word_1_158' title='bbox 231 1852 359 1910; x_wconf 85' lang='lat' dir='ltr'><strong>tertianis</strong></span> <span class='ocrx_word' id='word_1_159' title='bbox 380 1868 502 1909; x_wconf 88' lang='lat' dir='ltr'><strong>accessu</strong></span> <span class='ocrx_word' id='word_1_160' title='bbox 522 1847 645 1908; x_wconf 83' lang='lat' dir='ltr'><strong>febrium</strong></span> <span class='ocrx_word' id='word_1_161' title='bbox 671 1847 833 1907; x_wconf 88' lang='lat' dir='ltr'><strong>bibendum.</strong></span> <span class='ocrx_word' id='word_1_162' title='bbox 863 1846 948 1906; x_wconf 86' lang='lat' dir='ltr'><strong>iidem</strong></span> <span class='ocrx_word' id='word_1_163' title='bbox 971 1846 999 1904; x_wconf 92' lang='lat' dir='ltr'><strong>in</strong></span> <span class='ocrx_word' id='word_1_164' title='bbox 1022 1847 1167 1923; x_wconf 89' lang='lat' dir='ltr'><strong>quartanis</strong></span> 
     </span>
     <span class='ocr_line' id='line_1_21' title="bbox 182 1927 1201 2009; baseline -0.007 -15"><span class='ocrx_word' id='word_1_165' title='bbox 182 1936 371 2009; x_wconf 77' lang='lat' dir='ltr'><strong>fragmentum</strong></span> <span class='ocrx_word' id='word_1_166' title='bbox 392 1933 466 1992; x_wconf 86' lang='lat' dir='ltr'><strong>claui</strong></span> <span class='ocrx_word' id='word_1_167' title='bbox 486 1950 503 1991; x_wconf 88' lang='lat' dir='ltr'><strong>a</strong></span> <span class='ocrx_word' id='word_1_168' title='bbox 523 1949 611 1991; x_wconf 87' lang='lat' dir='ltr'><strong>eruce</strong></span> <span class='ocrx_word' id='word_1_169' title='bbox 632 1932 788 1991; x_wconf 87' lang='lat' dir='ltr'><strong>involutum</strong></span> <span class='ocrx_word' id='word_1_170' title='bbox 808 1930 871 1990; x_wconf 88' lang='lat' dir='ltr'><strong>lana</strong></span> <span class='ocrx_word' id='word_1_171' title='bbox 892 1930 970 1989; x_wconf 93' lang='lat' dir='ltr'><strong>collo</strong></span> <span class='ocrx_word' id='word_1_172' title='bbox 986 1927 1166 2004; x_wconf 85' lang='lat' dir='ltr'><strong>subnectunt,</strong></span> <span class='ocrx_word' id='word_1_173' title='bbox 1176 1945 1201 1987; x_wconf 84' lang='lat' dir='ltr'><strong>ao</strong></span> 
     </span>
     <span class='ocr_line' id='line_1_22' title="bbox 183 2012 1169 2093; baseline -0.002 -18"><span class='ocrx_word' id='word_1_174' title='bbox 183 2023 371 2092; x_wconf 84' lang='lat' dir='ltr'><strong>antepartum</strong></span> <span class='ocrx_word' id='word_1_175' title='bbox 386 2034 403 2073; x_wconf 90' lang='lat' dir='ltr'><strong>a</strong></span> <span class='ocrx_word' id='word_1_176' title='bbox 421 2031 525 2090; x_wconf 87' lang='lat' dir='ltr'><strong>cruce,</strong></span> <span class='ocrx_word' id='word_1_177' title='bbox 546 2014 727 2093; x_wconf 89' lang='lat' dir='ltr'><strong>liberatoque</strong></span> <span class='ocrx_word' id='word_1_178' title='bbox 743 2013 866 2074; x_wconf 88' lang='lat' dir='ltr'><strong>condunt</strong></span> <span class='ocrx_word' id='word_1_179' title='bbox 882 2030 1004 2072; x_wconf 83' lang='lat' dir='ltr'><strong>caverna</strong></span> <span class='ocrx_word' id='word_1_180' title='bbox 1025 2028 1108 2090; x_wconf 85' lang='lat' dir='ltr'><strong>quarn</strong></span> <span class='ocrx_word' id='word_1_181' title='bbox 1121 2012 1169 2073; x_wconf 89' lang='lat' dir='ltr'><strong>sol</strong></span> 
     </span>
     <span class='ocr_line' id='line_1_23' title="bbox 182 2100 385 2173; baseline -0.01 -16"><span class='ocrx_word' id='word_1_182' title='bbox 182 2116 241 2157; x_wconf 90' lang='lat' dir='ltr'><strong>noo</strong></span> <span class='ocrx_word' id='word_1_183' title='bbox 257 2100 385 2173; x_wconf 89' lang='lat' dir='ltr'><strong>attingat.</strong></span> 
     </span>
    </p>

    <p class='ocr_par' dir='ltr' id='par_1_6' title="bbox 141 2179 1202 2588">
     <span class='ocr_line' id='line_1_24' title="bbox 141 2179 1167 2258; baseline -0.007 -14"><span class='ocrx_word' id='word_1_184' title='bbox 141 2192 173 2244; x_wconf 74' lang='lat'><strong>47</strong></span> <span class='ocrx_word' id='word_1_185' title='bbox 251 2179 334 2258; x_wconf 84' lang='lat'><strong>(12.)</strong></span> <span class='ocrx_word' id='word_1_186' title='bbox 356 2179 505 2254; x_wconf 80' lang='lat' dir='ltr'><strong>Magorum</strong></span> <span class='ocrx_word' id='word_1_187' title='bbox 516 2179 589 2239; x_wconf 90' lang='lat' dir='ltr'><strong>baec</strong></span> <span class='ocrx_word' id='word_1_188' title='bbox 605 2188 762 2237; x_wconf 89' lang='lat' dir='ltr'><strong>commenta</strong></span> <span class='ocrx_word' id='word_1_189' title='bbox 779 2188 859 2253; x_wconf 83' lang='lat' dir='ltr'><strong>sunt,</strong></span> <span class='ocrx_word' id='word_1_190' title='bbox 878 2186 909 2237; x_wconf 90' lang='lat' dir='ltr'><strong>ut</strong></span> <span class='ocrx_word' id='word_1_191' title='bbox 929 2188 1024 2239; x_wconf 90' lang='lat' dir='ltr'><strong>cotem</strong></span> <span class='ocrx_word' id='word_1_192' title='bbox 1038 2196 1092 2257; x_wconf 90' lang='lat' dir='ltr'><strong>qua</strong></span> <span class='ocrx_word' id='word_1_193' title='bbox 1108 2179 1167 2239; x_wconf 86' lang='lat' dir='ltr'><strong>ler-</strong></span> 
     </span>
     <span class='ocr_line' id='line_1_25' title="bbox 183 2260 1167 2338; baseline 0 -17"><span class='ocrx_word' id='word_1_194' title='bbox 183 2272 310 2322; x_wconf 89' lang='lat' dir='ltr'><strong>ramenta</strong></span> <span class='ocrx_word' id='word_1_195' title='bbox 325 2279 415 2338; x_wconf 89' lang='lat' dir='ltr'><strong>saepe</strong></span> <span class='ocrx_word' id='word_1_196' title='bbox 430 2270 550 2321; x_wconf 85' lang='lat' dir='ltr'><strong>exacuta</strong></span> <span class='ocrx_word' id='word_1_197' title='bbox 567 2264 622 2320; x_wconf 85' lang='lat' dir='ltr'><strong>slot</strong></span> <span class='ocrx_word' id='word_1_198' title='bbox 638 2260 795 2323; x_wconf 88' lang='lat' dir='ltr'><strong>subiectam</strong></span> <span class='ocrx_word' id='word_1_199' title='bbox 811 2263 901 2338; x_wconf 87' lang='lat' dir='ltr'><strong>ignari</strong></span> <span class='ocrx_word' id='word_1_200' title='bbox 923 2261 1115 2323; x_wconf 85' lang='lat' dir='ltr'><strong>ceruicalibus</strong></span> <span class='ocrx_word' id='word_1_201' title='bbox 1129 2261 1167 2322; x_wconf 94' lang='lat' dir='ltr'><strong>de</strong></span> 
     </span>
     <span class='ocr_line' id='line_1_26' title="bbox 182 2343 1202 2423; baseline -0.001 -20"><span class='ocrx_word' id='word_1_202' title='bbox 182 2346 326 2405; x_wconf 84' lang='lat' dir='ltr'><strong>veneficio</strong></span> <span class='ocrx_word' id='word_1_203' title='bbox 340 2344 500 2404; x_wconf 83' lang='lat' dir='ltr'><strong>deficientis</strong></span> <span class='ocrx_word' id='word_1_204' title='bbox 514 2360 641 2405; x_wconf 87' lang='lat' dir='ltr'><strong>evocare</strong></span> <span class='ocrx_word' id='word_1_205' title='bbox 656 2343 799 2420; x_wconf 87' lang='lat' dir='ltr'><strong>indicium,</strong></span> <span class='ocrx_word' id='word_1_206' title='bbox 816 2353 846 2405; x_wconf 91' lang='lat' dir='ltr'><strong>nt</strong></span> <span class='ocrx_word' id='word_1_207' title='bbox 857 2346 922 2422; x_wconf 87' lang='lat' dir='ltr'><strong>ipse</strong></span> <span class='ocrx_word' id='word_1_208' title='bbox 938 2344 1014 2406; x_wconf 89' lang='lat' dir='ltr'><strong>dicat</strong></span> <span class='ocrx_word' id='word_1_209' title='bbox 1029 2344 1095 2423; x_wconf 88' lang='lat' dir='ltr'><strong>quid</strong></span> <span class='ocrx_word' id='word_1_210' title='bbox 1112 2344 1167 2404; x_wconf 90' lang='lat' dir='ltr'><strong>sibi</strong></span> <span class='ocrx_word' id='word_1_211' title='bbox 1176 2362 1202 2401; x_wconf 76' lang='lat' dir='ltr'><strong>ar</strong></span> 
     </span>
     <span class='ocr_line' id='line_1_27' title="bbox 183 2426 1168 2506; baseline -0.001 -19"><span class='ocrx_word' id='word_1_212' title='bbox 183 2429 278 2489; x_wconf 90' lang='lat' dir='ltr'><strong>datum</strong></span> <span class='ocrx_word' id='word_1_213' title='bbox 294 2431 331 2486; x_wconf 87' lang='lat' dir='ltr'><strong>sit</strong></span> <span class='ocrx_word' id='word_1_214' title='bbox 347 2437 376 2487; x_wconf 91' lang='lat' dir='ltr'><strong>et</strong></span> <span class='ocrx_word' id='word_1_215' title='bbox 390 2426 439 2487; x_wconf 89' lang='lat' dir='ltr'><strong>ubi</strong></span> <span class='ocrx_word' id='word_1_216' title='bbox 454 2438 554 2506; x_wconf 88' lang='lat' dir='ltr'><strong>et·quo</strong></span> <span class='ocrx_word' id='word_1_217' title='bbox 568 2436 716 2503; x_wconf 88' lang='lat' dir='ltr'><strong>tempore,</strong></span> <span class='ocrx_word' id='word_1_218' title='bbox 733 2436 879 2490; x_wconf 89' lang='lat' dir='ltr'><strong>auctorem</strong></span> <span class='ocrx_word' id='word_1_219' title='bbox 893 2436 987 2489; x_wconf 90' lang='lat' dir='ltr'><strong>tamen</strong></span> <span class='ocrx_word' id='word_1_220' title='bbox 1001 2445 1059 2487; x_wconf 87' lang='lat' dir='ltr'><strong>oon</strong></span> <span class='ocrx_word' id='word_1_221' title='bbox 1077 2428 1168 2486; x_wconf 88' lang='lat' dir='ltr'><strong>uomi-</strong></span> 
     </span>
     <span class='ocr_line' id='line_1_28' title="bbox 183 2509 1169 2588; baseline -0.003 -17"><span class='ocrx_word' id='word_1_222' title='bbox 183 2529 263 2571; x_wconf 88' lang='lat' dir='ltr'><strong>nare.</strong></span> <span class='ocrx_word' id='word_1_223' title='bbox 298 2509 416 2569; x_wconf 79' lang='lat' dir='ltr'><strong>fulmine</strong></span> <span class='ocrx_word' id='word_1_224' title='bbox 432 2512 529 2588; x_wconf 90' lang='lat' dir='ltr'><strong>utique</strong></span> <span class='ocrx_word' id='word_1_225' title='bbox 546 2528 715 2587; x_wconf 89' lang='lat' dir='ltr'><strong>percussum</strong></span> <span class='ocrx_word' id='word_1_226' title='bbox 736 2512 937 2571; x_wconf 88' lang='lat' dir='ltr'><strong>circumactum</strong></span> <span class='ocrx_word' id='word_1_227' title='bbox 956 2514 984 2571; x_wconf 90' lang='lat' dir='ltr'><strong>in</strong></span> <span class='ocrx_word' id='word_1_228' title='bbox 999 2509 1169 2571; x_wconf 65' lang='lat' dir='ltr'><strong>voluustbo·</strong></span> 
     </span>
    </p>
   </div>
   <div class='ocr_carea' id='block_1_3' title="bbox 31 2591 1169 2677">
    <p class='ocr_par' dir='ltr' id='par_1_7' title="bbox 31 2591 1169 2677">
     <span class='ocr_line' id='line_1_29' title="bbox 31 2591 1169 2677; baseline -0.002 -24"><span class='ocrx_word' id='word_1_229' title='bbox 31 2668 39 2677; x_wconf 33' lang='lat'><strong>¹</strong></span> <span class='ocrx_word' id='word_1_230' title='bbox 141 2596 287 2659; x_wconf 70' lang='lat' dir='ltr'><strong>temiuem</strong></span> <span class='ocrx_word' id='word_1_231' title='bbox 302 2592 381 2670; x_wconf 88' lang='lat' dir='ltr'><strong>loqui</strong></span> <span class='ocrx_word' id='word_1_232' title='bbox 397 2596 527 2670; x_wconf 87' lang='lat' dir='ltr'><strong>protinus</strong></span> <span class='ocrx_word' id='word_1_233' title='bbox 547 2601 668 2653; x_wconf 88' lang='lat' dir='ltr'><strong>constat.</strong></span> <span class='ocrx_word' id='word_1_234' title='bbox 692 2591 857 2670; x_wconf 78' lang='lat' dir='ltr'><strong>Inguinibus</strong></span> <span class='ocrx_word' id='word_1_235' title='bbox 871 2594 1018 2654; x_wconf 90' lang='lat' dir='ltr'><strong>medentur</strong></span> <span class='ocrx_word' id='word_1_236' title='bbox 1033 2593 1119 2670; x_wconf 85' lang='lat' dir='ltr'><strong>aliqui</strong></span> <span class='ocrx_word' id='word_1_237' title='bbox 1135 2593 1169 2653; x_wconf 92' lang='lat' dir='ltr'><strong>li·</strong></span> 
     </span>
    </p>
   </div>
   <div class='ocr_carea' id='block_1_4' title="bbox 141 2675 1206 3505">
    <p class='ocr_par' dir='ltr' id='par_1_8' title="bbox 141 2675 1206 3505">
     <span class='ocr_line' id='line_1_30' title="bbox 184 2675 1170 2755; baseline 0 -18"><span class='ocrx_word' id='word_1_238' title='bbox 184 2679 256 2737; x_wconf 89' lang='lat' dir='ltr'><strong>cium</strong></span> <span class='ocrx_word' id='word_1_239' title='bbox 270 2675 348 2735; x_wconf 94' lang='lat' dir='ltr'><strong>telae</strong></span> <span class='ocrx_word' id='word_1_240' title='bbox 365 2675 520 2737; x_wconf 88' lang='lat' dir='ltr'><strong>detractum</strong></span> <span class='ocrx_word' id='word_1_241' title='bbox 535 2676 694 2753; x_wconf 87' lang='lat' dir='ltr'><strong>adligantes</strong></span> <span class='ocrx_word' id='word_1_242' title='bbox 707 2678 826 2737; x_wconf 87' lang='lat' dir='ltr'><strong>novenis</strong></span> <span class='ocrx_word' id='word_1_243' title='bbox 840 2678 1008 2755; x_wconf 84' lang='lat' dir='ltr'><strong>septenisve</strong></span> <span class='ocrx_word' id='word_1_244' title='bbox 1023 2676 1117 2750; x_wconf 89' lang='lat' dir='ltr'><strong>nodis,</strong></span> <span class='ocrx_word' id='word_1_245' title='bbox 1131 2676 1170 2737; x_wconf 93' lang='lat' dir='ltr'><strong>ad</strong></span> 
     </span>
     <span class='ocr_line' id='line_1_31' title="bbox 182 2758 1206 2838; baseline -0.001 -19"><span class='ocrx_word' id='word_1_246' title='bbox 182 2758 312 2835; x_wconf 84' lang='lat' dir='ltr'><strong>singulos</strong></span> <span class='ocrx_word' id='word_1_247' title='bbox 328 2760 503 2820; x_wconf 89' lang='lat' dir='ltr'><strong>nominantes</strong></span> <span class='ocrx_word' id='word_1_248' title='bbox 520 2760 632 2820; x_wconf 84' lang='lat' dir='ltr'><strong>uiduam</strong></span> <span class='ocrx_word' id='word_1_249' title='bbox 647 2760 770 2838; x_wconf 86' lang='lat' dir='ltr'><strong>aliquam</strong></span> <span class='ocrx_word' id='word_1_250' title='bbox 784 2769 869 2837; x_wconf 80' lang='lat' dir='ltr'><strong>atque</strong></span> <span class='ocrx_word' id='word_1_251' title='bbox 886 2762 925 2819; x_wconf 89' lang='lat' dir='ltr'><strong>ita</strong></span> <span class='ocrx_word' id='word_1_252' title='bbox 946 2761 1052 2837; x_wconf 88' lang='lat' dir='ltr'><strong>inguini</strong></span> <span class='ocrx_word' id='word_1_253' title='bbox 1067 2758 1169 2821; x_wconf 89' lang='lat' dir='ltr'><strong>adalli·</strong></span> <span class='ocrx_word' id='word_1_254' title='bbox 1179 2778 1206 2820; x_wconf 88' lang='lat' dir='ltr'><strong>ao</strong></span> 
     </span>
     <span class='ocr_line' id='line_1_32' title="bbox 182 2842 1170 2922; baseline 0 -21"><span class='ocrx_word' id='word_1_255' title='bbox 182 2851 297 2918; x_wconf 85' lang='lat' dir='ltr'><strong>gentes.</strong></span> <span class='ocrx_word' id='word_1_256' title='bbox 329 2842 397 2901; x_wconf 88' lang='lat' dir='ltr'><strong>lloio</strong></span> <span class='ocrx_word' id='word_1_257' title='bbox 412 2852 442 2902; x_wconf 90' lang='lat' dir='ltr'><strong>et</strong></span> <span class='ocrx_word' id='word_1_258' title='bbox 457 2843 571 2904; x_wconf 86' lang='lat' dir='ltr'><strong>clavom</strong></span> <span class='ocrx_word' id='word_1_259' title='bbox 585 2843 699 2903; x_wconf 82' lang='lat' dir='ltr'><strong>aliudve</strong></span> <span class='ocrx_word' id='word_1_260' title='bbox 717 2843 794 2920; x_wconf 87' lang='lat' dir='ltr'><strong>quod</strong></span> <span class='ocrx_word' id='word_1_261' title='bbox 810 2844 873 2922; x_wconf 86' lang='lat' dir='ltr'><strong>quis</strong></span> <span class='ocrx_word' id='word_1_262' title='bbox 888 2843 1043 2903; x_wconf 83' lang='lat' dir='ltr'><strong>calcaverit</strong></span> <span class='ocrx_word' id='word_1_263' title='bbox 1057 2842 1170 2919; x_wconf 86' lang='lat' dir='ltr'><strong>adliga-</strong></span> 
     </span>
     <span class='ocr_line' id='line_1_33' title="bbox 182 2925 1170 3002; baseline 0.002 -19"><span class='ocrx_word' id='word_1_264' title='bbox 182 2935 241 2984; x_wconf 90' lang='lat' dir='ltr'><strong>tum</strong></span> <span class='ocrx_word' id='word_1_265' title='bbox 255 2927 336 3002; x_wconf 85' lang='lat' dir='ltr'><strong>ipooo</strong></span> <span class='ocrx_word' id='word_1_266' title='bbox 352 2925 449 2985; x_wconf 89' lang='lat' dir='ltr'><strong>iubent</strong></span> <span class='ocrx_word' id='word_1_267' title='bbox 460 2943 577 3001; x_wconf 84' lang='lat' dir='ltr'><strong>gerere,</strong></span> <span class='ocrx_word' id='word_1_268' title='bbox 592 2944 629 2985; x_wconf 93' lang='lat' dir='ltr'><strong>ne</strong></span> <span class='ocrx_word' id='word_1_269' title='bbox 646 2928 683 2985; x_wconf 89' lang='lat' dir='ltr'><strong>sit</strong></span> <span class='ocrx_word' id='word_1_270' title='bbox 699 2925 794 2986; x_wconf 89' lang='lat' dir='ltr'><strong>dolori</strong></span> <span class='ocrx_word' id='word_1_271' title='bbox 805 2926 918 2987; x_wconf 90' lang='lat' dir='ltr'><strong>volnus.</strong></span> <span class='ocrx_word' id='word_1_272' title='bbox 935 2944 1075 2988; x_wconf 86' lang='lat' dir='ltr'><strong>verrucas</strong></span> <span class='ocrx_word' id='word_1_273' title='bbox 1087 2925 1170 2985; x_wconf 85' lang='lat' dir='ltr'><strong>arel·</strong></span> 
     </span>
     <span class='ocr_line' id='line_1_34' title="bbox 183 3007 1172 3087; baseline 0.004 -20"><span class='ocrx_word' id='word_1_274' title='bbox 183 3008 243 3068; x_wconf 88' lang='lat' dir='ltr'><strong>lunt</strong></span> <span class='ocrx_word' id='word_1_275' title='bbox 259 3026 276 3067; x_wconf 94' lang='lat' dir='ltr'><strong>a</strong></span> <span class='ocrx_word' id='word_1_276' title='bbox 291 3008 427 3067; x_wconf 88' lang='lat' dir='ltr'><strong>vicesima</strong></span> <span class='ocrx_word' id='word_1_277' title='bbox 442 3008 549 3073; x_wconf 70' lang='lat' dir='ltr'><strong>luneio</strong></span> <span class='ocrx_word' id='word_1_278' title='bbox 564 3007 699 3066; x_wconf 90' lang='lat' dir='ltr'><strong>limitibus</strong></span> <span class='ocrx_word' id='word_1_279' title='bbox 714 3010 807 3085; x_wconf 90' lang='lat' dir='ltr'><strong>supini</strong></span> <span class='ocrx_word' id='word_1_280' title='bbox 827 3011 919 3087; x_wconf 90' lang='lat' dir='ltr'><strong>ipsam</strong></span> <span class='ocrx_word' id='word_1_281' title='bbox 935 3012 1078 3069; x_wconf 89' lang='lat' dir='ltr'><strong>intuentes</strong></span> <span class='ocrx_word' id='word_1_282' title='bbox 1094 3008 1172 3071; x_wconf 89' lang='lat' dir='ltr'><strong>ultra</strong></span> 
     </span>
     <span class='ocr_line' id='line_1_35' title="bbox 183 3089 1170 3168; baseline 0.002 -19"><span class='ocrx_word' id='word_1_283' title='bbox 183 3099 269 3168; x_wconf 90' lang='lat' dir='ltr'><strong>caput</strong></span> <span class='ocrx_word' id='word_1_284' title='bbox 284 3091 412 3149; x_wconf 89' lang='lat' dir='ltr'><strong>manibus</strong></span> <span class='ocrx_word' id='word_1_285' title='bbox 424 3092 566 3167; x_wconf 77' lang='lat' dir='ltr'><strong>porrectis</strong></span> <span class='ocrx_word' id='word_1_286' title='bbox 581 3099 612 3148; x_wconf 92' lang='lat' dir='ltr'><strong>et</strong></span> <span class='ocrx_word' id='word_1_287' title='bbox 626 3089 761 3166; x_wconf 87' lang='lat' dir='ltr'><strong>quidquid</strong></span> <span class='ocrx_word' id='word_1_288' title='bbox 776 3092 995 3168; x_wconf 84' lang='lat' dir='ltr'><strong>apprehendere</strong></span> <span class='ocrx_word' id='word_1_289' title='bbox 1011 3108 1047 3151; x_wconf 91' lang='lat' dir='ltr'><strong>eo</strong></span> <span class='ocrx_word' id='word_1_290' title='bbox 1062 3092 1170 3151; x_wconf 80' lang='lat' dir='ltr'><strong>frican-</strong></span> 
     </span>
     <span class='ocr_line' id='line_1_36' title="bbox 141 3172 1205 3252; baseline 0 -19"><span class='ocrx_word' id='word_1_291' title='bbox 141 3182 174 3236; x_wconf 77' lang='lat'><strong>49</strong></span> <span class='ocrx_word' id='word_1_292' title='bbox 186 3181 240 3231; x_wconf 90' lang='lat' dir='ltr'><strong>tes.</strong></span> <span class='ocrx_word' id='word_1_293' title='bbox 263 3173 374 3233; x_wconf 90' lang='lat' dir='ltr'><strong>clavom</strong></span> <span class='ocrx_word' id='word_1_294' title='bbox 386 3174 530 3250; x_wconf 82' lang='lat' dir='ltr'><strong>corporis,</strong></span> <span class='ocrx_word' id='word_1_295' title='bbox 546 3190 609 3231; x_wconf 90' lang='lat' dir='ltr'><strong>cum</strong></span> <span class='ocrx_word' id='word_1_296' title='bbox 626 3173 701 3233; x_wconf 88' lang='lat' dir='ltr'><strong>eadit</strong></span> <span class='ocrx_word' id='word_1_297' title='bbox 719 3172 804 3233; x_wconf 87' lang='lat' dir='ltr'><strong>stella</strong></span> <span class='ocrx_word' id='word_1_298' title='bbox 816 3174 841 3233; x_wconf 92' lang='lat' dir='ltr'><strong>si</strong></span> <span class='ocrx_word' id='word_1_299' title='bbox 856 3178 919 3252; x_wconf 85' lang='lat' dir='ltr'><strong>quis</strong></span> <span class='ocrx_word' id='word_1_300' title='bbox 932 3176 1100 3251; x_wconf 83' lang='lat' dir='ltr'><strong>destringat,</strong></span> <span class='ocrx_word' id='word_1_301' title='bbox 1118 3175 1205 3235; x_wconf 77' lang='lat' dir='ltr'><strong>velas</strong></span> 
     </span>
     <span class='ocr_line' id='line_1_37' title="bbox 184 3254 1172 3333; baseline 0.006 -20"><span class='ocrx_word' id='word_1_302' title='bbox 184 3255 240 3313; x_wconf 90' lang='lat' dir='ltr'><strong>cito</strong></span> <span class='ocrx_word' id='word_1_303' title='bbox 264 3258 356 3315; x_wconf 88' lang='lat' dir='ltr'><strong>sanari</strong></span> <span class='ocrx_word' id='word_1_304' title='bbox 379 3255 473 3330; x_wconf 88' lang='lat' dir='ltr'><strong>aiunt,</strong></span> <span class='ocrx_word' id='word_1_305' title='bbox 502 3254 664 3333; x_wconf 84' lang='lat' dir='ltr'><strong>cardinibus</strong></span> <span class='ocrx_word' id='word_1_306' title='bbox 689 3259 827 3317; x_wconf 89' lang='lat' dir='ltr'><strong>ostiorum</strong></span> <span class='ocrx_word' id='word_1_307' title='bbox 848 3266 932 3317; x_wconf 88' lang='lat' dir='ltr'><strong>aceto</strong></span> <span class='ocrx_word' id='word_1_308' title='bbox 955 3257 1059 3317; x_wconf 82' lang='lat' dir='ltr'><strong>adfuso</strong></span> <span class='ocrx_word' id='word_1_309' title='bbox 1078 3257 1172 3319; x_wconf 90' lang='lat' dir='ltr'><strong>lutnm</strong></span> 
     </span>
     <span class='ocr_line' id='line_1_38' title="bbox 182 3337 1171 3419; baseline 0.003 -22"><span class='ocrx_word' id='word_1_310' title='bbox 182 3338 269 3398; x_wconf 87' lang='lat' dir='ltr'><strong>lrouti</strong></span> <span class='ocrx_word' id='word_1_311' title='bbox 286 3339 393 3398; x_wconf 88' lang='lat' dir='ltr'><strong>inlitum</strong></span> <span class='ocrx_word' id='word_1_312' title='bbox 408 3340 510 3417; x_wconf 88' lang='lat' dir='ltr'><strong>eapitis</strong></span> <span class='ocrx_word' id='word_1_313' title='bbox 524 3337 653 3397; x_wconf 91' lang='lat' dir='ltr'><strong>dolorem</strong></span> <span class='ocrx_word' id='word_1_314' title='bbox 668 3340 787 3414; x_wconf 92' lang='lat' dir='ltr'><strong>sedare,</strong></span> <span class='ocrx_word' id='word_1_315' title='bbox 807 3341 876 3399; x_wconf 89' lang='lat' dir='ltr'><strong>item</strong></span> <span class='ocrx_word' id='word_1_316' title='bbox 896 3339 1028 3417; x_wconf 88' lang='lat' dir='ltr'><strong>laqueum</strong></span> <span class='ocrx_word' id='word_1_317' title='bbox 1045 3358 1171 3419; x_wconf 88' lang='lat' dir='ltr'><strong>suspen·</strong></span> 
     </span>
     <span class='ocr_line' id='line_1_39' title="bbox 183 3420 1171 3505; baseline 0.004 -26"><span class='ocrx_word' id='word_1_318' title='bbox 183 3421 257 3481; x_wconf 86' lang='lat' dir='ltr'><strong>diosi</strong></span> <span class='ocrx_word' id='word_1_319' title='bbox 272 3421 472 3505; x_wconf 85' lang='lat' dir='ltr'><strong>circumdatum</strong></span> <span class='ocrx_word' id='word_1_320' title='bbox 487 3420 672 3499; x_wconf 90' lang='lat' dir='ltr'><strong>temporibus.</strong></span> <span class='ocrx_word' id='word_1_321' title='bbox 704 3424 728 3483; x_wconf 89' lang='lat' dir='ltr'><strong>si</strong></span> <span class='ocrx_word' id='word_1_322' title='bbox 745 3422 844 3501; x_wconf 86' lang='lat' dir='ltr'><strong>quide</strong></span> <span class='ocrx_word' id='word_1_323' title='bbox 861 3424 942 3503; x_wconf 86' lang='lat' dir='ltr'><strong>pisce</strong></span> <span class='ocrx_word' id='word_1_324' title='bbox 963 3423 1089 3485; x_wconf 85' lang='lat' dir='ltr'><strong>haeserit</strong></span> <span class='ocrx_word' id='word_1_325' title='bbox 1105 3424 1171 3485; x_wconf 87' lang='lat' dir='ltr'><strong>iau·</strong></span> 
     </span>
    </p>
   </div>
   <div class='ocr_carea' id='block_1_5' title="bbox 0 0 1247 3817">
    <p class='ocr_par' dir='ltr' id='par_1_9' title="bbox 0 0 1247 3817">
     <span class='ocr_line' id='line_1_40' title="bbox 0 0 1247 3817; baseline 0 0"><span class='ocrx_word' id='word_1_326' title='bbox 0 0 1247 3817; x_wconf 95' lang='lat' dir='ltr'><strong> </strong></span> 
     </span>
    </p>
   </div>
  </div>
 </body>
</html>
