2484 3817
163 164 224 229 138
491 172 797 227 crumenarum

161 329 322 391 inflationes
340 328 454 390 discutit
470 345 535 388 curn
554 328 608 387 sile
628 336 657 387 et
677 326 768 387 nardo
788 322 919 401 Gallico,
940 325 1015 385 aceti
1041 324 1150 401 exiguo

159 414 266 474 addito.
297 413 412 473 fastidia
425 412 593 489 absterget,
615 410 823 469 concoctiones
838 408 969 483 adiuvat,
994 408 1151 468 cruditates

160 496 284 556 detrahit
300 515 363 556 carn
378 506 440 556 ruta
455 504 486 555 et
497 498 599 574 pipere
610 503 640 553 et
656 495 728 553 sale.
751 492 858 569 antiqui
873 492 1051 569 purgationis
1062 506 1151 552 causa

160 579 293 639 databant
317 598 381 639 curn
402 580 529 639 marinae
552 596 645 656 aquae
671 576 780 636 veteris
803 576 930 634 sextario
953 576 1070 633 seminis
1096 592 1151 635 sex

115 676 151 729 49
162 662 312 723 drachmas
329 680 393 721 cam
409 662 500 721 tribus
518 661 587 721 salis
607 669 637 720 et
655 660 750 719 mellis
767 657 883 733 cyatho.
914 657 1062 717 ellicacias
1084 676 1151 738 pur·
1163 678 1176 717 ι

157 755 207 823 gat
222 745 368 830 duplicato
380 746 451 805 sale.
484 744 639 821 diligenter
654 752 746 803 antem
762 742 818 802 teri
833 740 920 801 debet
938 750 1060 820 propter
1077 742 1151 813 dilli-

160 830 306 890 cultatem.
333 821 445 907 quidam
463 828 518 887 et
508 845 537 887 ιιι
551 828 668 905 polenta
683 826 792 887 dedere
802 842 891 925 snpra
905 825 1009 884 dictum
1026 825 1151 903 pondus,
1226 820 1235 914 ‘J

159 912 254 973 addito
272 912 382 991 puleio,
397 912 447 971 alii
467 912 568 989 pueris
579 911 694 971 foliam
711 911 766 969 lico
784 910 874 984 sicca,
892 917 921 967 ut
935 908 1152 968 amaritudinem

158 996 302 1056 fallerent.
338 995 485 1054 thoracem
509 1004 613 1073 purgat
633 1012 696 1053 cum
724 992 796 1053 iride
818 1000 968 1071 sumptum.
1012 993 1041 1051 in
1066 993 1151 1067 regio

158 1079 259 1139 morbo
276 1077 393 1137 crudum
407 1078 514 1137 bibitur
534 1078 679 1156 camapio
701 1086 748 1137 aut
762 1076 886 1137 adianto.
912 1076 1053 1135 adversus
1069 1076 1149 1135 inlla·
1161 1094 1187 1135 ιι

160 1166 254 1222 tiones
278 1161 389 1221 caldum
412 1161 547 1240 paulatim
567 1161 703 1220 sorbetur
724 1176 762 1219 ex
789 1177 881 1238 aqua,
907 1160 1043 1219 iocineris
1064 1176 1152 1219 causa
1234 1168 1235 1173 ’

160 1262 224 1305 curn
239 1244 351 1305 Gallico
366 1244 467 1321 nardo,
490 1244 574 1304 lienis
589 1262 653 1303 cum
668 1252 752 1303 aceto
770 1253 818 1302 ant
834 1242 913 1321 pulte
930 1251 977 1303 aat
991 1243 1047 1302 lico
1064 1244 1150 1301 sumi·

118 1337 217 1393 sotor.
247 1327 416 1387 adversatur
432 1327 527 1403 fungis
541 1345 579 1386 ex
593 1336 689 1403 aceto,
705 1328 774 1386 item
790 1327 887 1403 viaco
904 1328 1014 1389 cicutae
1029 1344 1067 1385 ex
1082 1326 1151 1385 vino
1234 1342 1235 1397 ι

119 1452 130 1483 a
162 1419 192 1469 et
208 1411 294 1469 aruris
306 1414 402 1470 mansi
416 1410 570 1485 morsibus,
585 1410 832 1485 draconimariao‚
846 1408 1058 1488 scorpionibus
1081 1426 1150 1469 ocu·
1234 1398 1235 1485 i

160 1494 253 1553 loram
268 1492 390 1554 claritati
403 1494 521 1553 multam
537 1495 660 1553 confert.
692 1492 840 1571 epiphoris
855 1511 916 1551 cam
933 1510 1022 1571 passo
1037 1494 1149 1571 inponi·
1161 1515 1185 1555 ιι
1234 1512 1235 1565 ι

158 1585 216 1651 ιιι,
238 1576 400 1653 suggillatis
416 1595 480 1636 curn
493 1577 591 1637 melle.
620 1576 698 1637 auris
713 1576 897 1635 decoctae
871 1594 932 1635 crus
948 1592 1040 1654 vapor
1054 1576 1151 1636 salita
1234 1590 1235 1649 g

160 1668 242 1720 sanat
257 1669 318 1731 ant,
343 1660 368 1719 si
387 1670 502 1721 manent
522 1662 619 1736 sanie,
642 1677 705 1719 curn
726 1659 813 1720 melle
837 1658 941 1719 tritam.
985 1660 1094 1720 urinam
1115 1676 1151 1719 ac
1234 1652 1235 1737 3

76 1748 85 1764 ⁸
159 1760 275 1803 menses
291 1744 369 1803 cient
384 1752 630 1823 tresquattuurve
644 1742 743 1803 ramuli
758 1760 821 1802 cunr
837 1742 939 1803 Gallici
952 1742 1032 1803 nardi
1049 1742 1150 1803 radice
1234 1748 1235 1751 ’

159 1845 222 1901 una,
238 1826 349 1901 cyathis
365 1846 458 1907 aquae
472 1828 529 1905 Vl,
544 1845 661 1888 menses
682 1828 814 1906 privatim
830 1844 893 1886 curn
906 1826 992 1886 melle
1008 1835 1150 1907 sumptam

116 1924 148 1973 51
161 1918 190 1969 et
204 1913 233 1968 in
245 1910 357 1970 vellere
368 1912 539 1990 adpositum.
566 1912 689 1988 anginae
704 1910 836 1970 subvenit
847 1928 910 1969 curn
921 1909 1007 1969 melle
1023 1912 1184 1973 etnitro.ao
1234 1946 1235 1971 ι

158 1993 337 2070 epinyctidas
353 2013 391 2053 ex
405 2013 480 2072 aqua
494 2003 585 2071 sanat,
601 1994 722 2054 volnera
736 1995 864 2053 recentia
878 1994 957 2072 prius
975 2012 1058 2072 qaam
1073 2011 1149 2071 aqua
1234 2014 1235 2069 j

158 2084 309 2151 tangantur
330 2078 497 2155 inpositum,
526 2086 679 2155 praeterea
700 2080 801 2155 capitis
818 2076 927 2137 ulcera.
963 2078 1150 2156 peculiariter
1234 2080 1235 2115 l

157 2158 244 2217 ilibas
259 2159 404 2236 inponitur
420 2179 483 2220 cum
500 2159 606 2236 Cypria
623 2178 690 2222 cera
706 2170 831 2220 antcam
846 2161 912 2220 fico.
944 2170 1026 2222 sanat
1040 2170 1069 2221 et
1080 2179 1148 2241 pru·
1234 2180 1235 2225 ι

115 2243 239 2304 caritas.
268 2258 325 2301 nou
341 2242 520 2305 estdandum
534 2244 562 2301 in
582 2243 668 2303 lebri.
700 2244 827 2303 nausiam
842 2246 928 2304 maris
947 2254 1028 2303 arcet
1048 2244 1076 2303 iu
1098 2262 1148 2305 na·
1234 2280 1235 2283 =

156 2324 348 2400 rigationibus
368 2336 481 2403 potum,
507 2327 652 2403 inguinum
673 2335 811 2385 tumorem
831 2329 859 2387 in
874 2328 993 2388 ventrali
1011 2327 1183 2387 habitamus
1234 2360 1235 2405 3

157 2424 274 2467 somnos
290 2407 389 2468 adlicit
403 2410 539 2469 ollactnm
554 2418 601 2469 aut
611 2412 703 2470 inscio
718 2409 771 2470 sab
789 2412 883 2487 capite
898 2412 1029 2489 positam.
1058 2412 1149 2470 resti·
1234 2442 1235 2447 ι

156 2489 211 2550 bas
228 2491 366 2552 insertam
382 2494 476 2553 tineas
493 2502 583 2553 arcet.
618 2492 728 2553 calices
751 2512 788 2553 ex
808 2494 876 2555 oleo
895 2496 1041 2573 perunctis
1058 2493 1149 2571 abigit

156 2583 186 2634 et
202 2574 333 2650 iumo‚'
309 2593 334 2634 ιι
346 2586 450 2636 uratur.
480 2585 667 2637 atramentum
680 2576 824 2638 librarium
844 2596 882 2637 ex
895 2577 984 2638 diluto
1000 2580 1061 2639 eiua
1076 2588 1148 2639 ten·

154 2666 284 2734 peratum
298 2658 409 2719 litteras
423 2678 440 2719 a
455 2659 591 2720 masculis
610 2668 715 2721 tuetur.
749 2661 883 2741 capillum
900 2661 1030 2739 denigrat
1051 2662 1148 2723 absin·

31 2802 36 2815 ,
155 2740 237 2800 thi
211 2742 284 2800 cunis
305 2752 451 2818 unguento
470 2760 653 2823 rosaceoque
668 2746 835 2823 permixtus.
1157 2762 1184 2805 m
1234 2772 1235 2811 3

113 2834 149 2887 53
223 2823 307 2904 (29.)
328 2824 383 2885 llst
403 2835 433 2885 et
453 2826 624 2887 absinthium
649 2830 803 2905 marinum,
834 2827 912 2906 quod
936 2828 1048 2906 quidam
1071 2830 1146 2889 seri·

156 2906 242 2985 pharn
264 2918 383 2986 vocant,
410 2909 680 2988 probatissimum
671 2930 700 2970 m
726 2911 860 2987 Taposiri
880 2911 1020 2989 Aegypti.
1060 2910 1147 2971 huius

154 3008 262 3051 ramum
282 2991 367 3052 Isiaci
388 2994 539 3071 praeferre
557 2995 700 3056 sollemne
726 2991 842 3053 habeat.
874 2995 1022 3069 angustius
1043 2996 1147 3073 priore

154 3076 303 3152 minusque
318 3093 458 3150 amaram,
475 3077 624 3138 stomacho
646 3077 803 3150 inimicam,
825 3075 919 3135 alvom
942 3076 1033 3135 mollit
1047 3077 1146 3156 pellit·

156 3174 213 3234 que
227 3158 357 3217 animalia
370 3159 592 3221 interaneorum.
625 3159 730 3219 bibitur
752 3159 896 3219 cameleo
917 3168 946 3219 et
966 3160 1028 3219 sale
1043 3170 1092 3221 aut
1114 3163 1145 3223 in
1157 3179 1184 3222 aa

155 3239 265 3299 larinae
281 3241 434 3303 trimestris
453 3244 612 3304 sorbitione
629 3241 753 3301 dilatum.
788 3244 919 3319 coquitur
933 3252 1067 3321 quantum
1082 3262 1143 3306 ma-

154 3340 207 3382 nas
222 3324 317 3402 capiat
331 3327 359 3385 in
374 3345 465 3405 aquae
482 3328 616 3389 sextario.
625 3323 661 3384 ad
675 3324 813 3383 dimidias.
1176 3380 1179 3384 .

112 3415 147 3469 54
218 3406 246 3469 8.
270 3408 352 3489 (30.)
373 3410 506 3474 Balloten
521 3411 577 3472 alio
589 3408 704 3468 nomine
722 3422 837 3485 porram
848 3410 959 3487 nigrum
971 3407 1075 3471 Graeci
1089 3428 1144 3470 vo·
