2484 3817
292 186 372 234 usn.
388 184 479 234 msc.
491 184 614 234 xxv111.
630 184 673 239 19.
690 182 732 237 to.
750 179 897 247 (tt—81.)
1029 174 1090 239 205

103 341 190 400 betur
202 340 328 399 virorum
341 356 442 400 venna.
472 339 649 401 Ebrietatem
665 348 747 399 arcet
762 340 858 418 pulmo
881 342 944 419 apri
963 350 1011 402 aut
1032 342 1090 403 suis

103 442 200 499 assus,
214 424 302 483 ieiuni
318 422 382 483 cibo
398 433 525 501 sumptus
541 441 577 483 eo
594 423 651 500 die,
670 425 736 481 item
750 422 899 483 haedinus.

168 508 218 569 20.
242 506 325 584 (81.)
347 505 419 567 llira
441 516 592 585 praeterea
613 505 761 565 traduntur
774 506 803 565 in
824 507 926 567 iisdem
947 507 1072 569 animali·
1082 519 1134 573 263

102 591 176 650 bus:
205 591 359 666 uestigium
375 590 442 667 eqni
458 606 610 649 excussum
625 589 744 665 ungula,
766 597 797 647 ut
816 589 892 649 solet
910 590 1090 669 plerumque,

79 675 129 739 5si
149 674 213 753 quis
236 673 389 732 collectum
408 682 548 750 reponat,
573 672 714 748 singultus
732 672 887 731 remedium
904 691 971 734 esse
992 692 1091 733 recor-

103 756 238 817 dantibus
261 772 383 833 quonam
402 754 470 815 loeo
488 754 517 813 id
534 755 729 833 reposuerint.
760 756 842 815 iocur
863 756 995 833 luporum
1013 759 1092 835 equi·

101 857 159 899 nae
174 840 298 915 ungulae
315 839 406 898 simile
422 856 489 898 esse
505 847 534 896 et
548 841 639 915 rumpi
656 853 748 915 equos
764 838 812 916 qui
826 841 950 915 vestigia
961 840 1094 917 luporum

103 922 157 983 sub
172 927 270 1001 equite
286 931 449 999 sequantur.
476 920 541 980 talis
557 938 638 980 suum
651 920 812 981 discordiae
827 924 883 980 vim
898 924 1037 1001 quandam
1052 924 1093 981 in·

104 1025 182 1066 esse.
209 1006 238 1063 in
252 1005 402 1080 incendiis,
424 1006 450 1063 si
462 1005 519 1064 fimi
534 1004 641 1083 aliquid
654 1013 790 1081 egeratur
805 1023 821 1065 e
836 1005 964 1081 stabulis,
980 1006 1093 1066 facilius

70 1114 95 1153 ro
104 1088 217 1151 extrahi
235 1106 292 1147 neo
305 1105 456 1147 recurrere
472 1089 535 1147 ovis
549 1086 709 1165 bovesque.
730 1087 874 1147 hircorum
886 1091 980 1149 carnis
994 1091 1073 1149 virus
1084 1098 1136 1153 264

103 1190 162 1232 non
176 1171 320 1250 resipere,
339 1173 364 1229 si
380 1188 482 1248 panem
496 1170 690 1231 hordeaceum
705 1187 741 1229 eo
758 1170 804 1230 die
816 1188 873 1249 quo
889 1173 1094 1233 interficiantur

104 1255 218 1316 ederint
232 1256 348 1315 laserve
364 1254 481 1314 dilutum
494 1254 636 1328 biberint,
658 1254 750 1313 nullas
765 1272 836 1313 vero
852 1255 1010 1316 teredinem
1027 1274 1093 1315 sen·

102 1341 158 1399 tire
174 1340 241 1398 luna
256 1338 446 1398 decrescente
462 1338 606 1398 induratas
623 1336 695 1397 salo.
725 1338 857 1415 adeoquo
869 1339 939 1399 nihil
957 1341 1094 1399 omissum

104 1432 195 1483 estut
209 1421 340 1499 leporem
352 1421 465 1481 surdum
477 1421 603 1482 celerius
614 1421 807 1499 pinguescere
824 1424 1018 1499 reperiamus,
1036 1425 1093 1483 ani·

73 1506 217 1566 renalium
227 1520 300 1563 tero
312 1504 480 1565 medicinas:
502 1507 526 1563 si
540 1505 657 1582 sanguis
668 1504 792 1581 prolluat
803 1504 945 1579 iumentis,
960 1505 1073 1566 suillum
1084 1515 1135 1569 265

103 1592 199 1651 limam
226 1606 265 1647 cx
291 1588 357 1646 vino
383 1587 600 1663 inlundendnm,
626 1585 712 1646 boum
737 1596 832 1646 antem
854 1587 961 1647 morbis
982 1588 1093 1663 sebum,

102 1673 205 1751 sulpur
217 1672 324 1744 vivom,
340 1670 425 1730 alium
439 1671 573 1729 silvestre
590 1677 780 1741 concoctum,
795 1671 862 1729 trita
876 1670 903 1727 in
920 1670 987 1728 vino
1002 1670 1094 1731 danda

102 1764 154 1817 aut
168 1755 263 1833 volpis
283 1753 405 1831 adipem.
431 1771 546 1812 carnem
566 1750 735 1811 caballinam
756 1750 913 1809 discoctam
929 1760 1001 1829 potu
1016 1770 1094 1811 suum

104 1838 216 1897 morbis
228 1837 347 1911 mederi,
363 1836 486 1895 omnium
498 1851 568 1894 vero
582 1832 788 1911 quadripedum
801 1832 908 1893 morbis
920 1852 1035 1912 capram
1048 1852 1094 1893 so·

67 1921 198 1981 aolidarn
218 1938 279 1979 cum
303 1920 383 1979 corio
405 1926 436 1977 et
454 1935 551 1977 ranam
576 1916 706 1976 rubetam
728 1916 883 1977 discoctae.
915 1917 1094 1994 gallinaceos

105 2020 167 2064 non
182 2004 279 2080 attingi
295 2000 458 2080 avolpibus
470 2002 517 2078 qui
533 2002 615 2059 iocur
630 1999 757 2059 animalis
773 2001 836 2059 eius
848 2000 956 2059 aridum
972 2000 1094 2076 ederint,

103 2088 155 2148 vel
172 2087 198 2145 si
212 2086 346 2164 pellicula
361 2104 400 2145 ex
415 2103 451 2145 eo
469 2084 547 2144 eollo
562 2083 677 2142 inducta
694 2083 763 2159 galli
780 2084 904 2159 inierint,
920 2085 1051 2145 similiter
1067 2086 1095 2144 in

103 2170 179 2231 ielle
198 2169 346 2229 mustelae.
377 2168 470 2240 boues
492 2168 521 2225 in
542 2165 641 2244 Cypro
668 2176 768 2227 contra
789 2168 909 2227 tormina
932 2168 1074 2229 bominum
1085 2178 1136 2235 266

105 2254 300 2315 excrementis
313 2252 366 2311 sibi
377 2252 496 2326 mederi,
506 2266 564 2309 uon
577 2248 685 2309 subteri
695 2249 786 2328 podes
796 2248 890 2326 bourn,
904 2251 927 2310 si
939 2253 1019 2330 prius
1031 2268 1094 2312 cor·

69 2362 97 2401 aa
107 2356 164 2397 nna
180 2338 236 2395 ima
253 2337 320 2414 pice
335 2334 440 2413 liquida
458 2341 681 2413 perunguantur.
713 2332 798 2410 lupos
816 2333 844 2391 in
861 2350 960 2409 agrum
974 2351 1031 2395 non
1048 2353 1093 2395 ac-

79 2440 87 2451 ‘
105 2420 227 2494 cedere,
243 2420 267 2477 si
288 2420 363 2496 capti
377 2420 459 2477 anius
471 2416 593 2495 pedibus
605 2416 733 2475 inlraotis
745 2415 894 2495 cultroque
909 2418 1012 2479 adacto
1027 2432 1094 2496 pau·

104 2505 187 2566 latim
202 2501 318 2578 sanguis
333 2502 411 2561 circa
422 2501 486 2559 linis
501 2502 565 2575 agri
580 2508 733 2577 spargatur
751 2508 835 2577 atque
855 2501 918 2578 ipse
935 2500 1096 2560 defodiatur

103 2591 134 2649 in
148 2604 187 2646 eo
203 2585 271 2645 loco
287 2602 327 2643 ex
337 2601 394 2661 quo
406 2584 537 2662 coeperit
551 2581 634 2657 trabi,
650 2592 697 2641 aut
710 2583 734 2640 si
746 2598 891 2643 vomerem
902 2600 959 2662 quo
970 2584 1076 2662 primus
1086 2592 1135 2646 267

104 2670 206 2731 sulcus
220 2685 258 2727 eo
274 2684 349 2727 anno
363 2668 392 2725 in
407 2684 478 2743 apro
493 2665 594 2724 ductus
612 2667 650 2725 sit
666 2678 817 2725 excussum
834 2677 929 2727 aratro
950 2667 1033 2726 locus
1056 2665 1094 2723 la-

71 2756 179 2816 aorium
196 2769 254 2831 quo
270 2750 376 2810 lamilia
400 2750 534 2809 convenit
552 2748 698 2824 absumat,
720 2766 755 2807 ac
775 2748 871 2829 lupum
893 2748 963 2808 nulli
984 2748 1096 2807 animali

103 2838 267 2898 nociturum
281 2835 310 2892 in
325 2850 360 2892 eo
378 2849 448 2909 agro
465 2832 548 2911 quarn
563 2831 610 2890 din
625 2831 653 2889 id
663 2831 721 2891 fiat.
749 2832 822 2893 lllno
842 2832 944 2892 deinde
959 2848 1094 2909 praever-

103 2918 256 3063 teurpnfreraad
280 2916 410 2977 animalia
431 2918 476 2975 sui
502 2916 620 2993 generis
642 2932 714 2992 quae
745 2925 791 2975 aut
816 2914 929 2992 placida
951 2931 1008 2975 non
1032 2923 1095 2975 sunt
