2484 3817
144 172 164 231 d
208 160 212 171 '
479 186 508 235 c.
529 187 625 234 resur
647 187 796 236 arcuum

145 359 207 400 rum
223 338 450 419 templorumque
466 341 628 401 tantundem
645 360 699 402 nec
714 341 833 418 amplius
848 342 958 416 luisse,
979 342 1056 419 quod
1071 345 1133 421 qui-

144 424 208 483 dem
235 425 264 482 in
289 424 409 499 augurio
434 423 614 483 intellectum
638 434 700 502 est,
726 442 789 486 cum
813 420 993 506 Capitolinos
1016 425 1132 504 duplum
1169 420 1174 428 ’

143 506 325 566 reddidisset.
359 505 427 565 illud
443 525 559 585 quoque
575 508 672 567 obiter
691 508 808 568 indicari
824 509 1017 567 convenit-
1031 518 1062 567 et
1076 511 1131 570 iam

143 590 179 649 de
195 590 286 650 anulis
303 607 464 650 sermonem
479 592 667 669 repetivimus
677 626 730 669 -,
745 591 889 651 aedituum
903 592 1052 652 custodiae
1067 594 1130 659 eius

143 673 373 752 conprehensum
387 674 475 733 iracta
489 676 517 733 in
533 691 586 734 ore
598 675 673 734 anuli
690 692 801 753 gemma
812 674 907 733 statim
921 676 1088 753 exspirasse
1100 684 1152 738 ets

101 766 135 821 16
146 756 278 816 indicium
289 758 329 816 ita
342 759 520 817 exstinctum.
545 776 618 834 ergo
631 767 662 817 ut
671 776 801 819 maxume
813 775 892 817 0000
903 765 1010 816 tantum
1022 759 1130 836 pondo,

142 858 204 899 cum
221 848 303 919 capta
320 847 365 899 est
378 838 486 916 Roma,
510 857 583 899 anne
600 839 787 901 CCCLXllll.
808 841 909 915 fuere,
930 858 993 898 cum
1013 842 1068 900 iam
1085 858 1131 900 ca·

143 925 231 1001 pitum
246 922 505 984 liberorumscensa
521 933 620 983 essent
634 923 708 986 CLll
722 924 799 984 milia
810 921 964 982 nnxxttt.
986 925 1015 982 in
1031 924 1131 984 eadem

142 1015 210 1084 post
225 1024 315 1067 annos
331 1004 476 1080 CCCVll,
500 1007 576 1083 quod
592 1026 631 1066 ex
645 1007 825 1087 Capitolinae
840 1007 920 1066 aedis
934 1007 1067 1066 incendio
1083 1026 1131 1067 ce·

142 1091 271 1166 terisque
296 1089 426 1148 omnihus
448 1088 576 1148 delubris
598 1088 630 1149 C.
645 1090 752 1151 marrus
778 1090 853 1150 iilius
868 1089 1028 1149 Praeneste
1050 1090 1166 1151 deta-m

141 1172 232 1247 lerat,
250 1172 331 1239 affin-1
345 1172 459 1250 pondo,
482 1190 556 1249 quae
581 1174 634 1232 suh
657 1192 693 1234 eo
709 1174 793 1233 titulo
808 1174 837 1233 in
853 1172 994 1251 triumpho
1008 1182 1130 1247 transtu-

143 1255 176 1313 lit
192 1254 271 1313 Sulla
288 1263 317 1314 et
335 1256 447 1331 argenti
464 1258 509 1322 ᾔ.
539 1256 614 1315 idem
629 1276 667 1318 ex
681 1256 792 1334 reliqua
806 1258 881 1315 omni
898 1258 1020 1316 victoria
1035 1256 1129 1336 pridie

141 1335 327 1397 transtulerat
344 1340 404 1399 auri
424 1340 520 1417 pondo
535 1342 601 1416 XV,
617 1342 729 1417 argenti
743 1339 840 1417 pondo
854 1342 937 1406 δῆτ’.

102 1430 134 1485 ll
208 1420 267 1496 (6.)
286 1420 478 1499 Frequentior
493 1433 587 1484 antem
601 1443 670 1483 osus
684 1423 831 1482 anulorum
843 1440 905 1483 non
919 1432 986 1482 ante
998 1421 1048 1483 Co.
1064 1423 1128 1483 Fla-

143 1504 218 1563 vium
230 1503 302 1565 Anci
314 1505 401 1566 lilium
416 1506 650 1585 deprehenditur.
673 1507 719 1566 hic
730 1524 849 1584 namque
861 1505 1127 1585 publicatisdiebns
1139 1525 1165 1565 ns

141 1588 224 1647 lastis
236 1606 308 1665 quos
320 1590 443 1668 populus
457 1609 472 1649 a
488 1594 586 1668 paucis
602 1594 759 1669 principum
772 1591 879 1650 cotidie
893 1590 1012 1668 petebat
1023 1597 1127 1649 tantam

141 1674 261 1747 gratiam
277 1673 374 1751 plebel
398 1673 517 1751 adeptus
536 1684 597 1751 est,
614 1708 658 1719 —
672 1673 808 1734 libertino
824 1682 906 1750 patre
924 1673 1030 1750 alioqui
1045 1676 1126 1750 geni-

142 1763 188 1814 tus
209 1764 239 1815 et
258 1758 321 1835 ipse
340 1756 434 1815 scriba
450 1758 527 1834 Appi
544 1756 646 1835 Caeci,
670 1760 749 1818 cuius
765 1755 879 1815 hortatu
897 1764 1054 1833 exceperat
1073 1773 1126 1815 eos

141 1838 204 1897 dies
220 1840 408 1899 consultando
425 1840 542 1901 adsidue
560 1844 655 1919 sagaci
671 1842 788 1917 ingenio
805 1838 1069 1917 promulgaratque,
1083 1872 1127 1884 -

145 1931 175 1979 ut
190 1921 292 1982 aedilis
308 1922 413 1981 curulis
430 1932 580 1983 crearetur
597 1943 659 1983 curn
677 1922 711 1995 Q.
728 1924 831 1981 Anicio
846 1922 1052 1998 Praenestino,
1077 1925 1162 2001 quiro

141 2007 239 2081 paucis
262 2014 329 2064 ante
350 2008 429 2065 annis
445 2006 538 2066 hostis
558 2008 679 2082 luisset,
701 2007 868 2084 praeteritis
890 2003 922 2064 C.
939 2004 1074 2065 Poetelio
1096 2015 1126 2065 et

100 2086 267 2151 taltomitto
283 2105 402 2165 quorum
422 2098 520 2167 patres
537 2089 672 2149 consules
688 2090 810 2149 lucrant.
840 2087 963 2148 additum
980 2087 1080 2149 Flavio
1095 2098 1126 2148 nt

142 2171 223 2230 simul
245 2179 274 2231 et
297 2171 425 2231 tribunus
449 2172 546 2249 plebei
567 2182 666 2255 esset,
693 2189 750 2251 quo
774 2173 851 2232 lacto
870 2179 947 2230 tanta
968 2170 1124 2249 indignatio

141 2254 250 2312 exarsit
271 2262 301 2314 ut
326 2254 454 2315 anulos
478 2256 650 2316 abiectos
679 2258 708 2316 in
733 2256 937 2331 antiquissimis
963 2257 1126 2332 reperiatur
1216 2279 1218 2282 ·

140 2336 295 2396 annalibus.
328 2337 401 2397 fallit
417 2339 575 2417 plerosque
591 2340 668 2416 qnod
687 2348 746 2398 tum
767 2345 797 2399 et
812 2345 977 2416 equestrem
996 2336 1126 2404 ordinem
1134 2356 1160 2396 ac

140 2419 168 2478 id
183 2421 290 2479 lauisse
307 2420 489 2481 arbitrantur.
527 2424 646 2482 atenim
668 2423 808 2482 adiectum
830 2421 885 2480 hoc
905 2438 1037 2499 quoque:
1060 2422 1126 2481 sed

141 2522 163 2585 e
166 2512 177 2561 t
191 2502 361 2581 phaleras
378 2506 538 2582 positas,
551 2512 728 2585 propterque
739 2504 1125 2582 nomenequitumadiectum

141 2596 203 2662 est,
224 2586 324 2647 anulos
340 2604 455 2665 quoque
470 2588 621 2666 depositos
637 2588 820 2653 anohilitate
835 2589 864 2645 in
878 2587 987 2647 annalis
1003 2589 1125 2649 relatum

99 2679 132 2734 19
144 2678 200 2745 est,
215 2686 270 2729 non
287 2689 302 2729 a
318 2679 419 2730 senatu
434 2672 579 2731 universo.
604 2672 660 2732 hoc
677 2681 769 2731 actum
784 2670 815 2729 Ρ.
828 2670 999 2748 Sempronio
1014 2671 1045 2732 t.
1061 2672 1124 2730 Snl-

131 2755 217 2831 picio
232 2750 406 2813 consulibus.
429 2754 544 2814 Flavius
555 2758 637 2816 vovit
652 2755 751 2815 aedem
766 2752 958 2830 Concordiae,
974 2756 999 2812 si
1014 2754 1123 2832 populo
1133 2775 1159 2816 ao

140 2835 359 2897 reconciliasset
374 2837 499 2896 ordines.
516 2846 545 2898 et
559 2857 621 2898 cum
637 2837 671 2897 ad
689 2836 717 2896 id
731 2838 852 2914 pecunia
867 2835 983 2913 publice
1001 2854 1060 2898 non
1075 2838 1129 2897 de-‘

140 2928 324 2995 cerneretur,
354 2938 392 2978 ex
411 2919 565 2981 multaticia
585 2920 815 2980 faeneratoribus
830 2918 1025 2980 condemnatis
1047 2920 1123 2980 aedi·

141 3001 230 3063 culam
245 3020 360 3062 aeream
373 3004 443 3063 lecit
458 3006 486 3062 in
500 3002 695 3079 Graecostasi,
709 3020 782 3081 quae
797 3010 863 3061 tunc
878 3020 965 3080 supra
979 3006 1124 3064 comitium

140 3095 213 3162 erat,
223 3084 379 3163 inciditque
395 3088 424 3144 in
439 3086 544 3146 tabella
559 3103 646 3146 aerea
659 3088 760 3147 laetam
771 3078 834 3145 eard
847 3084 947 3144 aedem
961 3084 1066 3147 001111
1077 3106 1124 3147 ao·

98 3179 132 3231 to
142 3170 186 3227 nis
202 3175 268 3246 post
284 3166 471 3255 Capitolinam
486 3168 655 3229 dedicatam.
680 3172 719 3229 ita
731 3159 964 3229 ccccxtvlttt
979 3186 994 3228 a
1008 3171 1158 3232 conditae

104 3282 111 3297 ·
140 3250 212 3309 urhe
228 3259 342 3327 gestum
357 3258 403 3311 est
418 3258 447 3309 et
464 3253 582 3329 primum
599 3252 747 3312 anulorum
761 3252 916 3327 vestigium
932 3261 1044 3332 exstat,
1057 3270 1125 3332 pro·

139 3334 238 3415 miscui
263 3342 356 3393 autem
380 3346 448 3391 usus
473 3334 593 3395 alterum
618 3334 746 3396 secundo
771 3332 879 3392 l’unioo
905 3334 1003 3413 hello,
1027 3354 1124 3416 neque

140 3415 214 3473 enim
229 3413 313 3475 aliter
328 3416 492 3493 potuissent
507 3417 637 3478 trimodia
651 3416 798 3479 anulorum
811 3415 860 3475 illa
872 3414 1075 3497 Carthaginem
1087 3420 1126 3481 ab
