2484 3817
189 157 249 220 102
536 135 840 207 o.rn1u1'sncurrn1

188 317 303 397 qnidam
317 320 381 380 eius
395 315 498 394 lapidis
515 314 545 372 in
561 330 688 391 spumam
703 309 880 389 eoagulatus.
907 309 964 369 hoc
978 327 1076 389 genus
1091 310 1197 370 alumi-

185 402 231 462 nis
246 403 339 460 minus
360 402 447 459 siccat
462 398 613 475 minusque
631 398 708 456 sistit
727 411 856 454 mnorem
870 393 1000 455 iu'utilem
1019 411 1196 472 corporum,

186 492 217 544 et
235 485 357 556 ¹auribus
380 497 561 559 magnopere
581 480 704 558 prodest
724 479 848 538 infusum
870 477 918 537 rel
940 478 1053 537 inlitum
1076 486 1111 537 et
1136 481 1195 538 oris

185 566 334 627 ulceribus
349 566 559 643 dentibusque,
574 567 599 624 si
618 565 708 624 saliva
723 582 787 622 enm
802 579 838 622 eo
854 563 1055 638 contineatur,
1074 570 1108 621 et
1129 581 1195 622 ocn-

185 649 280 711 lorum
303 649 519 710 medicamentis
543 651 682 709 inseritur
710 655 777 726 apte
810 646 1006 724 verendisque
1035 647 1231 725 utriusquae

144 743 195 800 181
210 751 307 796 serus.
341 735 476 811 coquitur
495 735 524 792 in
541 733 644 793 catinis
661 732 755 791 donec
776 730 878 808 liquari
900 729 1024 789 desinat.
1064 728 1195 790 luertio-

187 821 229 880 ris
242 825 288 878 est
303 816 425 876 alterurn
438 819 557 894 generis
573 815 650 893 quod
665 814 837 892 strongylen
852 822 965 874 vocant.
988 814 1064 873 duae
1081 823 1115 873 et
1133 817 1194 874 eins

188 902 323 982 species,
347 901 501 978 fungosum
519 909 605 978 atque
630 901 704 958 omni
728 916 827 958 umore
845 897 914 957 dilui
934 897 1039 973 facile,
1067 899 1152 975 quod
1169 901 1195 958 in
1230 971 1231 976 γ

188 995 279 1046 totum
299 984 457 1044 damnatur.
493 984 596 1042 melius
626 985 802 1060 pumicosum
828 989 858 1041 et
886 982 1056 1041 foraminum
1086 982 1194 1042 fistulis
1230 1055 1231 1062 ἵ

125 1123 132 1129 .
188 1085 338 1147 spongeae
354 1067 449 1127 simile
465 1066 674 1143 rotundumque
691 1075 808 1142 natura,
824 1065 945 1125 candido
961 1065 1107 1145 prbpius,
1134 1077 1231 1138 cunici

189 1151 309 1230 quadarn
329 1150 546 1229 pinguitudine,
575 1151 639 1208 sine
664 1150 797 1225 harenis,
818 1149 950 1227 friabile,
974 1167 1030 1209 nee
1058 1149 1195 1211 inliciens
1230 1141 1231 1152 ¹

188 1236 315 1310 nigritia.
352 1234 408 1292 hoc
433 1234 566 1310 coquitur
587 1251 643 1310 per
658 1252 691 1292 se
712 1232 887 1308 carbonibus
909 1235 988 1312 puris
1004 1233 1104 1293 donec
1123 1238 1194 1294 cinis

146 1327 200 1385 18ss
213 1319 272 1380 fiat.
296 1318 448 1396 Optumum
463 1335 501 1377 ex
516 1316 646 1389 omnibus
665 1315 742 1394 quod
757 1315 894 1376 Melinum
910 1325 1014 1377 vocant
1031 1317 1069 1376 ab
1087 1314 1194 1394 insula,

147 1410 221 1461 suut
241 1402 373 1462 diximus.
405 1401 475 1460 nulli
494 1397 539 1459 uis
553 1403 645 1459 maior
667 1419 763 1478 neque
780 1400 977 1478 adstringendi
995 1419 1096 1480 neque
1115 1403 1195 1482 deni·

149 1490 152 1502 ’
188 1487 400 1564 grandiusque
416 1484 576 1561 indurandi,
593 1484 701 1550 nullum
714 1485 847 1562 spissius.
872 1484 1020 1545 oculorum
1035 1485 1215 1545 scabritiass

189 1578 345 1646 extenuat,
366 1569 545 1628 combustum
565 1568 663 1627 utilius
685 1568 835 1646 epiphoris
851 1567 1032 1645 inhibendis,
1048 1570 1095 1628 sic
1114 1579 1149 1630 et
1164 1570 1195 1628 ad

189 1656 317 1731 pruritus
332 1653 476 1730 corporis.
500 1654 667 1728 sanguinem
679 1669 795 1730 quoqne
810 1654 887 1712 sistit
903 1655 978 1711 intus
990 1661 1107 1730 potum,
1122 1655 1195 1714 foris

188 1736 311 1796 inlitum.
344 1736 436 1796 volsis
452 1734 519 1812 pilis
537 1755 575 1794 ex
589 1745 674 1797 aceto
691 1736 820 1795 inlinitur
837 1738 1080 1814 renascentisque
1099 1738 1195 1797 mollit

147 1829 199 1886 189
210 1822 240 1880 in
255 1820 429 1896 lanuginem.
446 1818 556 1878 Summa
573 1822 696 1879 omnium
711 1838 850 1896 generum
865 1823 908 1879 vis
926 1822 955 1879 in
969 1820 1194 1898 adstringendo,

190 1904 266 1964 unde
290 1918 395 1962 nomen
411 1901 537 1962 Graecis.
564 1903 602 1962 ob
625 1903 652 1962 id
674 1903 822 1963 oculorum
843 1904 922 1963 vitiis
946 1905 1096 1982 aptissima
1116 1914 1218 1981 sunt,a

191 1988 340 2064 sanguinis
358 1986 511 2046 fluctiones
531 1986 663 2046 inhibent
683 2004 746 2044 curn
768 1986 860 2063 adipe.
890 1991 1091 2066 putrescentia
1113 1989 1193 2048 ulce-

191 2090 254 2132 rum
268 2071 421 2147 conpescit
439 2088 502 2129 cum
517 2071 602 2146 adipe
623 2070 665 2128 sic
683 2077 713 2128 et
728 2071 874 2130 infantium
893 2070 990 2131 ulcera
1005 2080 1036 2131 et
1052 2071 1194 2150 hydropi-

191 2171 291 2215 corum
306 2154 476 2231 eruptiones
492 2156 582 2214 siccat
597 2163 627 2212 et
643 2154 751 2212 aurium
766 2155 835 2212 vitia
850 2174 913 2214 cum
925 2172 995 2214 suco
1007 2154 1110 2215 Punici
1127 2157 1194 2216 mali

193 2246 223 2298 et
239 2237 375 2313 unguium
392 2237 543 2297 scabritias
568 2239 790 2315 cicatricumque
812 2238 931 2298 duritias
955 2247 984 2298 et
1002 2242 1146 2317 pterygia
1164 2258 1196 2298 ac

192 2322 360 2399 perniones.
388 2321 590 2398 phagedaenas
605 2320 733 2380 ulcerum
749 2341 786 2380 ex
801 2331 884 2381 aceto
899 2330 946 2380 aut
959 2340 1022 2380 cum
1033 2322 1113 2399 galla
1131 2323 1219 2401 paris

192 2405 324 2482 po‘ndere
347 2416 489 2481 cremata,
512 2404 609 2481 lepras
633 2423 695 2463 cum
717 2423 787 2464 suco
809 2406 935 2482 olerum,
951 2424 1013 2464 oum
1031 2406 1102 2466 salis
1120 2425 1194 2466 vero

192 2487 302 2548 duabus
316 2490 446 2564 partibus
462 2488 531 2547 vitia
548 2506 621 2565 quae
637 2498 768 2566 serpunt,
784 2489 884 2548 lendes
902 2498 932 2548 et
945 2489 1000 2548 alia
1018 2490 1196 2567 capillorum

150 2582 202 2636 190
213 2570 344 2631 animalia
366 2590 457 2648 aquae
473 2573 654 2648 permixtum.
685 2574 727 2632 sic
744 2580 773 2630 et
794 2572 931 2632 ambustis
947 2571 1071 2650 prodest
1089 2583 1121 2634 et
1137 2576 1196 2634 fur-

193 2654 304 2715 furibus
319 2672 474 2732 corporum
492 2673 554 2712 cnm
571 2675 640 2716 sero
658 2658 740 2733 picis.
764 2655 921 2715 infunditur
943 2665 972 2716 et
990 2656 1195 2733 dysintericis,

193 2756 273 2797 uvam
286 2757 401 2816 quoque
418 2739 446 2796 in
462 2755 515 2797 ore
530 2743 684 2818 conprimit
698 2758 731 2798 ac
744 2740 884 2800 tonsillas.
907 2740 954 2799 Ad
966 2742 1059 2799 omnia
1073 2759 1154 2818 quae
1167 2745 1222 2802 ina

192 2824 301 2882 ceteris
317 2821 475 2899 generibus
492 2821 614 2882 diximus
628 2824 772 2884 efficacius
787 2823 975 2900 intellegatur
994 2843 1031 2882 ex
1047 2823 1135 2884 Melo
1151 2825 1196 2885 ad·

192 2916 324 2981 rectum,
345 2921 409 2963 nam
425 2904 459 2963 ad
473 2905 604 2982 reliquos
619 2926 688 2967 usus
706 2908 783 2965 vitae
803 2909 832 2966 in
847 2909 935 2966 coriis
954 2908 1087 2985 lanisque
1104 2910 1196 2986 perii·

152 2990 307 3049 reiciendis
322 2989 419 3064 quanti
435 2990 473 3047 sit
487 2993 624 3050 momenti
640 2991 830 3066 significatum
848 2999 902 3050 est.

150 3083 199 3137 191
268 3071 314 3130 16.
333 3071 415 3150 (53.)
432 3071 478 3131 Ab
491 3073 535 3133 his
551 3091 605 3151 per
618 3092 652 3134 se
667 3075 701 3133 ad
715 3074 884 3133 medicinam
898 3074 1074 3151 pertinentia
1091 3083 1197 3136 terrae

192 3172 304 3232 genera
330 3155 522 3216 tractabimus.
564 3158 675 3218 Samiae
696 3158 768 3218 duae
795 3166 860 3216 sunt
884 3175 958 3235 quae
983 3157 1144 3233 collyrium
1168 3168 1228 3220 ets

194 3254 268 3314 quae
284 3244 363 3296 aster
379 3237 569 3315 appellantur.
599 3243 707 3318 prioris
724 3242 784 3301 laus
803 3249 833 3298 nt
848 3258 952 3299 recens
970 3242 1007 3300 sit
1021 3259 1055 3299 ac
1073 3241 1199 3304 lenissi-

193 3337 237 3378 ma
253 3319 427 3398 linguaeque
443 3320 600 3398 glutinosa,
617 3326 708 3385 altera
723 3323 1049 3402 glaebostor,eandida,
1066 3334 1200 3406 utraque

194 3403 304 3478 uritur,
325 3402 444 3462 lavatur.
471 3415 537 3465 sunt
558 3408 606 3484 qui
626 3410 792 3486 praeferant
811 3407 946 3484 priorem.
978 3417 1104 3486 prosunt
1132 3430 1202 3472 san·
