2484 3817
135 175 199 239 aot
462 188 775 238 [(1.1111111111111111

135 347 200 423 quis
214 360 343 403 maxume
355 341 480 421 probari.
511 342 563 401 sed
575 342 603 401 hi
617 342 756 403 1111111111
767 342 913 417 adierunt,
932 342 1064 418 quoniam
1080 340 1124 401 le-

135 429 252 486 uissima
269 428 305 485 sit
319 426 447 485 imbrium
465 442 538 501 quae
554 425 649 484 subire
666 427 790 503 potuerit
809 444 842 484 ac
858 423 984 504 pendere
999 426 1027 484 in
1042 442 1122 484 aere.

91 509 534 587 3111111111111111111111111,
554 508 723 585 nivibusque
738 510 821 569 etiam
843 508 967 584 glaciem
987 508 1065 566 velut
1087 508 1124 567 ad

134 594 271 653 inlinitum
282 600 383 651 coacta
399 591 564 651 subtilitate.
590 591 702 651 leviora
711 593 785 650 enim
797 592 870 651 haec
882 610 948 649 esse
960 600 990 649 et
999 590 1124 666 glaciem

135 675 224 736 multo
240 675 380 735 leviorem
397 692 480 752 aqua.
510 673 609 733 horum
621 677 789 733 sententiam
800 673 895 733 refelli
907 675 1025 731 interest
1032 675 1148 740 ’111115

134 761 162 817 in
178 759 277 837 primis
293 760 367 818 enim
383 758 485 816 leuitas
499 756 548 816 illa
563 757 742 836 deprehendi
763 758 845 817 aliter
862 774 943 834 qnam
967 774 1053 814 sensu
1073 757 1125 815 uix

134 851 249 920 potest,
266 840 344 900 nullo
360 857 453 917 paene
468 850 612 900 momento
628 840 763 917 ponderis
784 841 865 917 aquis
881 840 953 897 inter
971 856 1002 896 se
1020 838 1124 897 distan-

135 925 221 985 tibus.
253 941 310 983 nec
323 924 449 982 leuitatis
464 923 493 980 in
518 922 614 999 pluvia
636 940 708 999 aqua
729 931 923 998 argumentum
944 930 988 979 est
1010 920 1124 979 subisse

135 1023 198 1067 eam
212 1010 240 1066 in
253 1006 379 1079 caelum,
396 1022 460 1063 cum
475 1006 560 1063 etiam
570 1005 682 1083 lapides
698 1006 794 1064 subire
810 1005 946 1082 adpareat
958 1003 1124 1081 cadensque

134 1092 275 1149 inficiatur
285 1086 373 1147 halitu
383 1096 496 1162 terrae,
509 1104 565 1164 quo
581 1089 652 1147 litut
665 1087 778 1166 pluviae
790 1105 881 1164 aquae
893 1086 1016 1147 sordium
1027 1085 1123 1164 pluru-
1135 1108 1160 1148 1o

135 1191 210 1232 mum
227 1174 324 1231 inesse
342 1170 479 1229 sentiatur
495 1171 686 1248 citissimeque
705 1171 772 1230 ideo
788 1170 900 1229 oaleliat
921 1188 995 1247 aqua
1016 1168 1123 1247 pluvia.

90 1256 233 1319 33111111
250 1254 364 1331 quidem
378 1252 559 1329 glaciemque
577 1253 788 1313 subtilissimum
804 1252 937 1312 elementi
956 1252 1125 1317 eiusvideri

134 1340 223 1396 miror
244 1335 378 1413 adposito
389 1335 555 1411 grandinum
568 1345 752 1412 argumento,
768 1355 784 1393 e
801 1335 905 1413 quibus
922 1335 1124 1413 pestilentissi-

134 1438 210 1479 mum
226 1427 322 1496 potum
337 1436 405 1477 esse
417 1420 560 1478 convenit.
587 1436 642 1477 neo
656 1436 727 1479 vero
743 1420 827 1496 pauci
842 1422 915 1477 inter
929 1420 1010 1495 ipsos
1026 1435 1124 1477 econ-

135 1502 222 1562 trario
239 1520 276 1559 ex
291 1499 361 1577 gelu
382 1501 417 1560 ac
440 1500 552 1561 nivibus
581 1500 816 1560 insaluberrimos
838 1510 922 1579 potus
944 1502 1122 1579 praedicant,
1134 1522 1160 1562 11

134 1585 268 1663 quoniam
294 1592 424 1643 exactum
445 1586 480 1643 sit
507 1584 573 1643 inde
594 1584 672 1661 quod
690 1586 882 1643 tenuissimum
907 1585 1001 1643 fuerit.
1038 1585 1124 1642 minui

136 1675 216 1727 certe
240 1667 381 1745 liquorem
406 1684 519 1727 omnem
540 1666 745 1743 congelatione
768 1666 989 1745 deprehenditur
1009 1675 1038 1725 et
1055 1684 1124 1725 rore

133 1750 220 1809 nimio
237 1750 364 1809 scabiem
375 1751 450 1825 lieri,
465 1751 564 1827 pruina
576 1749 735 1824 uredinem,
752 1752 883 1827 cognatis
894 1759 923 1809 et
934 1750 1007 1809 nivis
1018 1750 1122 1808 causis.

91 1844 127 1899 34
137 1834 250 1912 pluvias
265 1833 378 1910 quidem
392 1850 481 1909 aquas
493 1833 643 1892 celerrime
658 1842 827 1910 putrescere
843 1834 976 1891 convenit
989 1832 1124 1890 minume·

134 1934 191 1993 que
206 1915 310 1974 durare
324 1918 352 1974 in
367 1914 559 1990 navigatione.
589 1916 740 1991 Epigenes
756 1925 848 1975 autent
866 1933 966 1992 aquam
983 1933 1055 1992 quae
1077 1932 1122 1973 se·
1133 1936 1161 1976 ao

134 2000 228 2078 ptiens
244 1999 406 2075 putrefacta
421 2006 541 2074 purgata
551 2000 589 2056 sit
600 1998 645 2057 1111
655 1999 777 2075 amplius
790 2017 847 2057 non
861 2008 1039 2076 putrescere.
1059 2015 1123 2057 nam

135 2083 275 2140 cisternas
287 2082 370 2138 etiam
380 2079 484 2137 medici
496 2082 665 2139 confitentur
673 2081 778 2139 inutilis
790 2082 855 2140 alvo
869 2080 969 2139 duritia
979 2080 1122 2139 lancibus·

135 2180 206 2240 que,
227 2194 269 2205 -—
292 2164 376 2221 etiam
398 2162 457 2221 limi
477 2163 1033 2241 111111111111111111111111111111111
1050 2181 1123 2241 quae

90 2257 126 2311 35
138 2246 245 2305 iaciunt
256 2244 380 2303 taedium
390 2245 552 2307 confitentis
566 2245 688 2322 habent,
702 2279 744 2293 —-
758 2264 813 2305 nec
829 2247 921 2305 statim
935 2246 1056 2305 11111111
1070 2247 1123 2304 uti-

134 2328 259 2387 lissimas
274 2344 357 2401 esse,
370 2328 452 2386 sicuti
466 2346 520 2386 nec
533 2330 699 2387 torrentium
710 2330 810 2404 ullius,
826 2328 961 2405 lacusque
974 2329 1121 2405 plurumos
1132 2352 1158 2393 11

135 2408 269 2469 salubris.
291 2427 430 2487 quaenam
449 2411 534 2485 igitur
558 2419 587 2469 et
606 2414 686 2470 cuius
709 2413 827 2487 generis
842 2408 1025 2487 aptissimae?
1047 2412 1121 2470 aliae

134 2492 213 2552 alibi.
244 2492 410 2553 Parthorum
423 2511 511 2569 reges
526 2511 563 2551 en
575 2492 709 2571 Choaspe
725 2503 753 2552 et
767 2494 878 2553 Eulaeo
890 2502 996 2552 tantum
1011 2493 1121 2569 bibunt,

134 2576 189 2635 hae
206 2577 334 2654 quemme
347 2577 376 2634 11
392 2576 547 2653 longinqua
568 2578 737 2637 comitantur
759 2576 835 2635 illos.
865 2576 917 2635 sed
939 2576 1038 2635 horum
1061 2576 1122 2655 pla-

137 2676 206 2719 cere
216 2676 274 2718 non
287 2659 352 2736 quia
364 2659 419 2716 sint
434 2676 531 2719 amnes
545 2660 682 2758 adparet,
700 2660 834 2735 quoniam
845 2676 938 2735 neque
951 2658 1122 2734 11111111-

135 2759 191 2819 que
206 2741 370 2818 Euphrate,
386 2759 479 2819 neque
494 2760 511 2801 e
524 2722 619 2802 multis
634 2742 697 2802 aliis
712 2741 819 2801 bibunt.
1131 2760 1158 2803 11

92 2835 128 2889 36
201 2822 283 2902 (22.)
304 2823 399 2883 bimus
418 2842 551 2901 aquarum
573 2826 671 2885 vitium
699 2826 916 2883 1111111111
939 2824 1012 2883 idem
1033 2825 1123 2883 amnis

135 2905 268 3003 apguillis
283 2915 409 2982 scateat,
432 2908 605 2968 salubritatis
624 2907 755 2966 indicium
770 2906 904 2980 habetur,
932 2906 1015 2966 sicuti
1030 2898 1141 2981 irigo·

134 2990 175 3049 ris
192 2991 324 3048 1111111
316 3007 344 3048 11
357 2952 438 3051 iodte
452 2992 540 3067 gigni.
572 2998 637 3049 ante
650 2992 742 3049 omnia
758 2998 850 3048 autem
867 2989 1030 3050 damnantur
1043 3007 1122 3048 ama·

133 3089 184 3130 rae
201 3081 229 3130 et
243 3090 317 3156 quae
330 3073 494 3133 sorbentem
512 3073 605 3133 statim
619 3072 745 3168 inplent,
761 3072 837 3149 quod
849 3073 945 3131 evenit
960 3071 1118 3133 Troezene.

100 3200 103 3206 .
134 3172 199 3213 nam
213 3155 338 3215 nitrosas
353 3166 439 3234 atque
460 3155 653 3216 salmacidas
645 3172 672 3212 11
689 3155 811 3214 desertis
825 3155 952 3215 Rubrum
971 3171 1050 3215 mare
1067 3172 1117 3231 pe·
1129 3178 1157 3221 11

135 3244 229 3295 tentes
244 3236 336 3298 addita
352 3239 469 3316 polenta
485 3240 562 3299 utilis
582 3239 655 3297 intra
676 3236 852 3297 (1111111111
870 3238 1007 3298 iaciunt
998 3254 1119 3315 rpsaque

135 3328 288 3379 vescuntur
303 3321 430 3399 polenta.
460 3321 646 3383 damnantur'
638 3337 666 3377 11
687 3320 784 3397 primis
803 3334 877 3397 quae
899 3320 978 3379 fonte
1001 3338 1121 3379 caenum

134 3400 242 3462 iaciunt
262 3422 394 3482 quaeque
404 3405 508 3466 1111111
525 3403 655 3463 colorem
666 3401 844 3479 bibentibus,
861 3402 951 3462 relert
966 3410 995 3462 et
1013 3404 1121 3463 siresa
