2484 3817
145 203 149 211 ·
216 200 219 205 Δ
260 178 341 225 nnn.
358 176 590 228 mmmmm.
603 178 646 229 11.
665 176 706 229 la.
722 168 872 245 (lo—50.)
1002 168 1062 234 tao

26 390 33 405 ,
81 348 183 393 eorum
198 329 367 409 plerumque
382 331 502 391 inueniri
519 347 597 391 ossa.
628 330 701 391 baec
716 330 870 407 adalligata
885 334 1005 395 eundem
1020 334 1061 393 ei·

80 418 189 477 lectum
204 412 320 487 babent,
336 415 404 473 item
415 414 546 491 leporina
564 414 687 491 coagula
708 432 760 491 per
772 432 868 475 aurem
882 418 975 477 infusa
994 436 1061 479 con·

79 510 123 559 tra
139 496 269 572 dolores,
286 504 315 555 et
328 498 430 573 capitis
440 514 540 557 eorum
550 498 621 557 cinis
637 496 825 557 dentifricium
835 508 881 557 est
891 500 1063 579 adiectoque

80 580 172 649 nardo
187 580 294 639 mulcet
313 579 540 655 graveolentiam
565 580 634 639 oris.
666 578 752 656 aliqui
773 580 946 645 murinorum
967 586 1103 663 capi-179

7 713 8 738 ,
61 676 141 725 stum
168 664 295 723 cinerem
316 663 467 721 miscuisse
487 662 601 722 malunt.
629 663 772 739 reperitur
791 664 820 723 in
841 662 932 726 latere
952 667 1062 744 leporis

80 766 134 809 acu
149 763 184 805 os
200 744 307 819 simile,
328 745 387 804 hoc
401 745 566 823 scariphare
582 744 674 805 dentis
694 746 722 805 in
743 746 845 807 dolore
866 748 994 809 suadent.
1021 757 1061 808 ta-

80 832 124 891 lus
147 828 273 889 bubulus
295 844 436 888 accensus
456 846 510 887 eos
535 828 583 905 qui
602 827 700 887 labent
726 829 913 891 cumdolore
934 830 1063 893 admotus

81 914 239 974 confirmat.
270 911 397 970 eiusdem
420 911 490 972 cinis
511 929 574 971 cum
587 928 679 971 murra
699 910 888 973 dentifricium
910 922 965 973 est.
996 931 1064 977 osta

81 1014 198 1075 quoque
221 1011 259 1053 ex
280 994 392 1069 ungulis
413 1012 493 1053 suurn
513 994 660 1056 combusta
678 994 797 1053 eundem
816 1014 895 1055 usum
916 996 1063 1074 praebent,

7 1117 8 1158 3
52 1105 74 1145 ru
82 1083 147 1140 item
167 1094 289 1137 ossa-ex
301 1075 457 1137 acetabulis
470 1096 619 1154 pernarum
635 1080 712 1138 circa
724 1096 797 1155 quac
813 1080 987 1141 coxendices
999 1098 1064 1139 ver-

7 1161 8 1250 }
81 1172 187 1223 tuctur.
217 1160 319 1220 iisdem
334 1161 428 1224 sanari
443 1159 574 1222 demissis
587 1162 617 1219 in
630 1160 721 1221 faucis
738 1162 925 1223 iumentorum
940 1162 1043 1240 permi-
1056 1172 1106 1226 180

7 1255 8 1292 t
81 1248 212 1306 nationes
226 1252 324 1303 notum
337 1252 397 1320 est,
420 1243 472 1304 sed
494 1253 522 1302 et
536 1243 693 1305 combustis
706 1244 798 1305 dentis
816 1247 993 1322 confirmari,
1009 1245 1062 1307 asi·

7 1323 8 1398 l
80 1332 151 1389 nino·
161 1345 278 1407 quoque
292 1326 368 1385 lacte
386 1344 526 1405 percussu
541 1336 662 1387 vexatos
683 1336 731 1387 aut
744 1328 867 1389 dentium
882 1328 1062 1409 eiusdemm-

7 1403 8 1490 l
81 1432 167 1487 nere,
182 1414 252 1470 item
266 1409 380 1469 lichene
395 1411 462 1487 equi
478 1429 539 1471 cum
556 1410 624 1471 oleo
639 1410 732 1469 inluso
749 1430 802 1490 per
821 1430 928 1475 aurern.
958 1422 1002 1473 est
1016 1431 1064 1471 au·

54 1506 137 1555 ratem
151 1496 211 1555 hoc
228 1510 285 1553 non
298 1492 505 1571 hippomanes,
531 1494 608 1572 quod
622 1494 729 1571 alioqui
742 1496 859 1556 noxium
873 1497 989 1571 omilin,
1011 1495 1064 1556 sed

7 1643 8 1652 χ
83 1581 109 1639 in
127 1594 268 1656 equorum
287 1575 410 1651 genibus
429 1594 567 1653 acsuper
581 1576 712 1653 ungulas.
742 1587 894 1655 praeterea
911 1580 939 1637 in
956 1578 1044 1637 corde
1056 1588 1103 1641 181

7 1657 8 1712 l
82 1678 219 1741 equorum
236 1660 377 1718 invenitur
391 1678 425 1718 os
439 1660 571 1719 dentibus
590 1660 699 1718 caninis
719 1661 856 1719 maxumis
878 1660 987 1734 simile,
1009 1660 1065 1717 hoc

7 1788 8 1817 ,
81 1743 242 1822 scariphari
257 1742 387 1803 dolorem
403 1752 599 1820 aut‘exempto
620 1741 705 1800 dente
723 1742 842 1801 emortui
860 1743 926 1818 equi
942 1741 1065 1809 maxillis

82 1830 279 1889 adnumerum
294 1826 355 1885 eius
377 1826 425 1903 qui
442 1825 540 1883 doleat
561 1823 766 1886 demonstrant.
796 1842 930 1901 equarum
952 1825 1065 1883 virusa

7 1983 8 1988 ἵ
52 1912 164 1975 zocoitu
185 1912 217 1968 in
236 1908 387 1984 ellychniis
409 1924 561 1970 accensum
576 1906 735 1967 Anaxilaus
753 1906 878 1985 prodidit
899 1907 1067 1984 equinorum

7 2019 9 2076 p
83 1993 290 2072 capiturgusus
308 1999 530 2069 repraesentare
550 1989 740 2065 monstrifice,
759 1990 888 2051 similiter
907 2008 945 2049 err
968 1991 1065 2051 asinis.

7 2079 8 2082 ’
82 2095 148 2137 narn
164 2075 353 2154 hippomanes
368 2084 460 2133 tantas
474 2074 503 2132 in
523 2072 665 2133 veneficio
687 2075 756 2133 viris
779 2072 866 2133 habet
890 2082 919 2147 pt
939 2072 1067 2134 adiusum

84 2162 161 2221 aeris
182 2160 322 2218 mixturae
342 2160 371 2218 in
385 2157 523 2233 ,effigiem
545 2174 639 2236 equae
660 2155 808 2235 Olympiae
832 2157 961 2217 admotos
980 2158 1065 2217 maris

7 2269 8 2298 r
85 2260 175 2322 equos
199 2241 236 2301 ad
256 2240 366 2300 rabiem
380 2241 472 2300 coitus
490 2250 568 2317 agat.
595 2240 724 2301 medetur
740 2240 870 2301 dentibus
891 2250 919 2301 et
940 2239 1046 2301 labrile
1058 2248 1107 2303 182

55 2354 78 2391 rs
85 2327 223 2403 glutinum
244 2326 272 2383 in
287 2340 361 2401 aqua
377 2323 529 2384 decoctum
546 2323 654 2383 inlitum
667 2332 699 2385 et
711 2340 779 2382 mox
800 2323 886 2401 paulo
908 2324 1066 2385 detractum

85 2413 122 2468 ita
137 2418 167 2469 ut
184 2408 335 2467 confertim
356 2408 505 2467 ooluantur
523 2408 590 2466 nino
610 2409 639 2465 in
656 2424 712 2483 quo
727 2406 840 2469 decocti
859 2416 924 2467 sunt
942 2408 1066 2467 cortices

84 2492 148 2552 mali
168 2491 266 2551 Punici
289 2490 389 2549 dulcis.
422 2490 531 2559 ,efficax
550 2489 670 2549 habetur
693 2499 722 2548 et
742 2490 861 2567 caprino
886 2490 963 2551 lacte
990 2488 1066 2547 colui

84 2575 177 2636 dentis
192 2574 242 2633 vel
256 2572 327 2633 lelle
341 2574 458 2631 taurino.
486 2572 608 2633 talorum
626 2590 730 2649 caprae
746 2576 903 2633 recentium
915 2572 987 2631 cinis
999 2570 1066 2629 deu·

84 2659 189 2719 tirricio
204 2657 302 2736 placet
315 2665 345 2715 et
359 2659 482 2715 omnium
496 2656 560 2715 iere
578 2655 767 2717 villaticarum
788 2655 1007 2735 quadripedum,
1030 2668 1066 2711 ne

57 2744 200 2820 msaepius
213 2738 314 2799 eadem
333 2739 469 2799 dicantur.

145 2825 195 2884 12.
220 2822 304 2900 (50.)
326 2820 425 2881 Gutem
445 2823 474 2880 in
493 2820 569 2882 lacie
591 2820 706 2897 erugari
720 2829 748 2881 et
769 2830 956 2881 tenerescere
982 2826 1110 2880 can-183

85 2907 156 2967 dore
178 2905 322 2967 custodito
343 2905 419 2964 lacte
436 2906 545 2974 asinino
561 2912 675 2984 putant,
697 2894 850 2982 notumque
871 2911 915 2961 est
933 2899 1068 2978 quasdam

87 2990 192 3050 cotidie
210 2988 420 3067 septingenties
434 2989 576 3048 custodito
592 3003 710 3046 numero
725 2986 838 3046 fovere.
860 2984 998 3062 Poppaea
1012 2981 1068 3041 hoc

86 3073 208 3134 Neronis
224 3071 496 3151 principisiustituit
510 3070 684 3131 balinearum
707 3085 822 3146 quoquc
842 3066 916 3126 solia
937 3067 982 3135 sic,
999 3074 1068 3125 tern-

59 3175 210 3235 nperans,
227 3154 267 3215 ob
282 3154 341 3214 boc
354 3154 493 3213 asinarum
510 3153 646 3229 gregibus
668 3168 730 3211 eam
742 3147 951 3211 comitantibus.
981 3148 1068 3227 impe·

89 3250 132 3299 tus
150 3240 272 3317 pituitae
295 3238 325 3295 in
344 3236 419 3296 facie
440 3237 543 3309 butyro
558 3236 639 3296 inlito
661 3232 814 3306 tolluntur,
838 3230 986 3293 efficacius
1008 3248 1069 3291 cum

90 3341 224 3398 cerussa,
248 3322 364 3380 sincero
378 3336 450 3379 vero
471 3336 507 3378 ea
527 3318 594 3379 sitia
607 3332 681 3394 quae
703 3324 837 3392 serpunt,
859 3315 1069 3392 superinposita

88 3406 178 3467 larina
198 3404 384 3479 hordeacea,
404 3402 502 3463 ulcera
518 3400 546 3459 iu
571 3400 646 3459 iacie
660 3397 826 3459 membrana
847 3417 863 3457 e
890 3406 970 3475 partu
986 3396 1070 3456 bouis
