2484 3817
316 193 826 272 nsr.rusr.xxvr.e.(be-at.)
1007 193 1068 258 lob

73 366 440 519 :dinztj'ildllit
456 357 564 502 iil:
578 355 1069 517 &tibitibi-m

73 527 183 602 amylo,
209 523 382 598 dysinterias
401 533 470 602 pota
492 532 523 584 et
536 523 648 598 inlusa,
670 525 739 584 item
758 524 923 586 verbenaca
939 544 979 586 ex
991 545 1068 605 aqua

73 610 135 670 data
165 617 215 668 aut
240 606 405 668 carentibus
432 607 507 667 febri
537 625 575 666 ex
601 609 668 667 vino
692 607 833 685 Amineo,
861 609 1068 670 cochlearibus

54 697 199 770 squinque
213 691 317 752 additis
332 692 361 750 iu
376 690 497 764 cyathus
512 691 564 750 tris
577 691 646 750 vini.

132 775 220 852 (32.)
241 773 334 832 Lauer
351 789 466 851 quoquc
477 791 600 834 mmccus
610 774 641 832 in
650 775 722 833 riuis
734 774 849 835 conditu
860 784 892 834 et
902 784 989 834 cocto
1002 784 1063 835 tor·
1073 790 1112 841 sn

72 859 193 918 minibus
204 857 343 933 medetur,
359 855 443 934 (33.)
461 856 659 934 potamogiton
670 875 743 917 vcro
753 877 793 918 ex
804 860 872 918 rino
884 858 1068 931 dysintericis

73 944 156 1002 etiarn
168 951 198 1000 et
211 940 361 1015 coeliacis,
378 940 479 1000 similis
491 938 576 1000 betae
589 940 680 1016 loliis,
690 943 784 1000 minor
795 950 903 1002 tantm
915 941 1068 1002 hirsutior·

73 1044 138 1104 que,
147 1023 265 1102 paulurn
279 1041 395 1100 semper
401 1023 529 1082 eminens
537 1032 617 1082 extra
630 1041 740 1100 aquam.
758 1024 969 1084 ususinfoliis:
981 1025 1068 1084 tciri·

45 1129 65 1168 m
74 1117 186 1185 gerant,
198 1108 335 1184 spissaret,
350 1107 536 1184 peculiariter
551 1106 682 1166 cruribus
694 1108 808 1167 vitiosis
822 1109 903 1168 utilia
918 1116 948 1166 et
964 1115 1067 1166 contre

71 1193 199 1252 ulcerum
211 1189 629 1250 nomascummcllerelnceto.
647 1188 751 1250 Castor
762 1191 1110 1266 hmcaliternoventol

72 1276 147 1334 tenui
163 1273 238 1334 folio
252 1272 332 1334 velut
348 1274 459 1350 equinis
474 1273 570 1349 sactis,
587 1272 689 1347 thyrso
702 1274 791 1350 longo
805 1284 835 1334 et
846 1275 915 1351 leri,
930 1276 960 1334 in
971 1290 1065 1352 aquo·

72 1362 110 1420 sis
123 1365 303 1418 nascentem.
346 1355 445 1416 radice
458 1356 577 1416 sanabat
592 1365 715 1416 strumas
729 1366 760 1416 et
774 1357 904 1418 duritias.
932 1367 1064 1435 notam-

73 1445 153 1518 gilon
173 1439 346 1500 adversatur
367 1439 538 1516 crocodilis,
562 1443 660 1517 itnque
680 1457 778 1500 secum
802 1440 909 1502 hebent
929 1458 995 1500 eam
1013 1442 1067 1517 qui

43 1534 220 1589 serenantur.
251 1523 349 1584 *duom
364 1525 438 1583 sistit
451 1532 481 1582 et
494 1523 640 1584 Achillea.
662 1523 782 1584 eosdem
797 1525 920 1584 ellectum
934 1532 1067 1602 praestat

72 1619 98 1668 et
114 1609 230 1681 statice,
247 1616 359 1685 septem
374 1606 502 1667 caulibus
516 1606 604 1666 veluti
617 1624 706 1666 rosae
720 1608 816 1685 capita
831 1608 985 1666 casinens

131 1691 217 1769 (34.)
239 1688 354 1749 (ieratis
365 1707 421 1750 uno
433 1690 516 1765 lolio,
531 1690 631 1750 radice
647 1689 759 1750 nndcsn
774 1699 804 1748 et
817 1706 932 1764 magua,
949 1691 980 1746 iu
992 1689 1108 1754 cibosz

72 1775 207 1836 coeliacis
225 1781 255 1832 ct
271 1773 451 1847 dysintericis
465 1772 603 1832 medetur.
635 1771 860 1850 leontopodion
880 1770 932 1830 alii
945 1771 1064 1830 leuceo-

72 1877 137 1934 ron,
155 1857 203 1916 alii
218 1856 395 1934 doripetron,
410 1855 458 1916 alii
472 1853 683 1928 thorybethron
697 1863 814 1930 vocant,
831 1854 914 1913 cuius
924 1852 1007 1914 radix
1021 1853 1066 1913 al·

40 1959 143 2003 norom
162 1941 235 2000 sistit
254 1949 415 2018 purgatque
432 1939 534 2015 bilem,
557 1940 586 1998 iu
609 1955 713 2014 aquam
734 1937 854 1998 mulsam
868 1936 970 1997 addito
991 1954 1065 2016 pon-

75 2025 146 2084 dere
164 2022 342 2083 denariorum
358 2023 486 2084 duorum.
531 2022 659 2081 uescitur
678 2022 708 2079 in
726 2023 883 2099 campestri
911 2030 940 2079 ct
958 2020 1065 2096 gracili

75 2109 150 2168 solo.
192 2124 289 2166 semen
311 2108 373 2166 cius
396 2115 493 2183 potum
507 2104 681 2182 lymphatica
696 2108 807 2164 somnia
827 2105 929 2164 iacere
948 2103 1070 2170 dicitur„

5 2203 7 2252 l
74 2191 207 2268 hugopus
221 2189 400 2250 sistitslroru
413 2207 429 2248 e
444 2192 510 2247 vino
527 2197 595 2266 pota
610 2197 658 2247 aut
671 2189 701 2247 ia
715 2188 791 2248 febri
802 2206 840 2246 ex
851 2205 935 2265 aqua.
955 2187 1106 2253 endenses

76 2275 180 2350 inguini
195 2272 368 2350 adalligatur
381 2274 409 2331 in
429 2282 549 2331 tumore.
589 2272 715 2330 rescitur
736 2272 766 2330 in
779 2271 940 2348 segetibus.
981 2271 1073 2330 multi·

43 2372 69 2412 ns
77 2375 160 2435 suber
171 2359 264 2416 omnia
278 2355 393 2416 laudant
403 2354 438 2414 nd
450 2355 619 2433 deploratos
630 2353 824 2428 dysintericos
834 2355 1065 2433 quinquefolium

77 2440 199 2500 decoctis
215 2442 243 2498 iu
260 2439 335 2499 laete
356 2438 500 2499 radicibus
521 2439 612 2515 potis,
639 2447 668 2497 et
688 2438 903 2498 aristolochiam
917 2439 1063 2496 dmoriati

76 2523 199 2602 pondere
214 2525 242 2582 iu
259 2520 369 2596 cyathis
385 2522 441 2580 vini
458 2520 559 2580 tribus.
605 2539 679 2598 quae
703 2538 742 2580 ex
763 2525 849 2598 supra
867 2521 952 2581 dictis
967 2519 1063 2578 calida

75 2615 232 2681 sumentur,
253 2606 328 2666 haec
342 2603 482 2664 candente
495 2605 574 2663 ierro
594 2607 750 2683 temperari
765 2607 861 2683 aptius
882 2606 948 2663 erit.
976 2619 994 2661 e
1015 2601 1108 2664 dio}

74 2707 159 2749 rerso
176 2696 281 2766 purgat
295 2687 391 2747 alvom
412 2706 498 2747 sucus
522 2689 652 2748 centauri
671 2689 789 2747 minoris
809 2687 944 2747 drachma
962 2688 992 2744 in
1011 2685 1063 2742 he-
1104 2746 1108 2755 ¹

43 2775 145 2832 sumina
174 2789 266 2855 uquue
293 2789 357 2830 oum
383 2771 488 2848 exiguo
514 2771 586 2830 salis
613 2779 642 2830 et
664 2772 741 2830 sceti
761 2770 907 2848 bilemque
927 2767 1063 2841 detrahit,

73 2858 180 2916 maiore
205 2855 328 2916 tormina
353 2854 548 2915 discutiuntur.
584 2853 739 2912 Vettonica
762 2855 859 2914 alvom
881 2852 972 2911 solvit
997 2850 1062 2910 dra·

75 2939 163 2998 chmis
178 2948 314 3016 quattuor
328 2938 356 2996 iu
371 2935 568 3011 hydromelitis
584 2936 696 3010 cyathis
713 2953 827 3011 norem,
843 2937 911 2993 item
927 2932 1063 3010 Euphor·

74 3021 157 3080 bem
180 3021 226 3082 vel
247 3022 394 3098 agaricum
417 3019 558 3080 drachmis
579 3018 689 3079 duabus
708 3037 772 3079 cum
785 3018 858 3077 ⁴sele
870 3017 986 3077 modico
1006 3033 1063 3094 po·

73 3114 130 3163 tum
145 3123 183 3164 ox
202 3122 277 3182 aqua
297 3111 346 3163 aut
360 3106 389 3162 in
401 3104 493 3163 mulso
514 3102 609 3163 obolis
630 3102 730 3161 tribus.
760 3101 855 3163 Solvit
873 3107 905 3157 et
925 3098 1064 3173 cyclami-

43 3203 126 3246 unos
141 3206 180 3247 ex
190 3205 265 3266 aqua
282 3195 352 3266 pota
364 3196 412 3246 ant
425 3187 534 3247 balanis
550 3185 683 3259 subditis,
698 3186 766 3244 item
780 3183 969 3244 chamaecissi
981 3182 1062 3242 bala-

74 3288 136 3331 nus.
165 3271 276 3349 llysopi
286 3269 446 3348 manipulus
460 3270 600 3329 decoctus
616 3266 653 3327 ad
665 3269 766 3327 tertias
777 3284 840 3326 cum
856 3263 919 3322 sale
932 3274 963 3324 et
975 3266 1061 3343 pitri-
1127 3271 1130 3274 ’

75 3362 120 3412 tas
141 3355 227 3414 trabit
245 3354 343 3413 inlitus
363 3353 411 3412 vel
432 3355 513 3412 tritus
533 3353 561 3409 in
589 3349 745 3423 oxymelite
767 3358 798 3408 et
820 3347 897 3420 sale,
918 3348 1062 3426 pellitque
1123 3408 1126 3413 ,

75 3439 184 3498 renuis
200 3436 340 3498 animalia.
373 3436 499 3514 bibitam
517 3443 546 3493 ct
557 3433 646 3493 bilem
661 3431 783 3491 detrahit
793 3429 955 3508 penceduoi
967 3429 1063 3490 radix.
