2484 3817
106 132 108 143 ⁴
201 182 203 185 ,
245 118 922 201 1nemmemxxxm.11.1t.(52—at)
1059 118 1097 211 ιι

109 294 157 347 tur
171 293 311 363 argento,
326 286 448 362 vaginae
466 284 597 360 catellis,
620 281 718 345 baltea
730 284 842 345 laminis
860 284 1020 361 crepitent,
1045 285 1101 343 iam
1121 288 1126 291 ’

109 388 183 431 vero
200 370 380 449 paedagogia
395 370 424 428 in
440 369 560 427 transitu
579 366 724 427 virilitatis
746 368 945 428 costodiantur
966 376 1100 445 argento,
1171 390 1174 395 ·

110 455 234 513 [eminae
250 452 382 513 laventur
397 460 427 511 et
441 452 495 511 nisi
512 458 652 528 argentea
667 451 741 510 solia
755 452 917 526 fastidiant,
942 452 1100 529 eademque

109 538 229 597 materia
245 544 275 596 et
292 537 365 597 cibis
383 544 412 595 et
426 533 544 613 probris
560 534 678 593 serviat.
709 534 823 594 videret
843 534 916 593 baec
929 533 1078 593 Fabricius
1090 544 1143 597 153

88 627 140 680 set
158 627 261 679 stratas
286 627 408 696 argento
430 617 578 677 mulierum
594 616 741 692 balineas,
761 620 801 676 ita
822 626 853 676 ut
870 618 999 694 vestigio
1018 618 1100 677 locus

109 706 226 779 nonsit,
240 719 303 763 eum
314 702 561 774 virislavantium,
573 699 735 776 Fabricius,
748 701 796 778 qui
809 700 968 759 bellicosos
979 702 1101 777 impera-

109 794 190 845 tores
205 786 269 864 plus
286 804 370 863 quam
388 793 516 862 pateram
530 792 560 843 et
574 782 695 841 salinum
707 783 817 843 babere
833 802 871 842 ex
884 792 1006 860 argento
1022 791 1101 842 veta·
1186 788 1190 802 '

108 869 175 944 bat,
196 868 308 927 videret
330 868 397 927 binc
413 868 487 927 dona
503 868 621 925 fortium
634 866 698 926 lieri
719 876 768 927 aut
782 869 811 925 in
823 866 897 926 baec
910 867 1015 943 frangi.
1043 865 1101 925 ben
1164 909 1165 918 .

108 970 224 1029 mores,
240 951 354 1011 Fabrici
371 969 424 1012 nos
439 948 542 1027 pudet!

74 1059 99 1099 ιο
172 1035 253 1113 (55.)
273 1033 376 1093 Mirum
401 1050 471 1093 auro
492 1033 631 1093 caelando
659 1033 802 1093 neminem
822 1032 1012 1108 inclaruisse,
1036 1050 1079 1091 ar·
1093 1042 1143 1095 154

108 1126 199 1194 genta
223 1116 338 1177 multos.
377 1135 507 1177 maxume
522 1125 618 1183 tamen
635 1116 764 1177 laudatus
784 1125 830 1176 est
843 1114 960 1175 Mentor
983 1115 1020 1175 de
1042 1133 1100 1192 quo

109 1217 196 1277 supra
212 1200 343 1260 diximus.
366 1208 500 1278 quattuor
515 1202 595 1278 paria
611 1201 646 1260 ab
662 1218 699 1259 eo
715 1195 830 1259 omnino
846 1200 1143 1275 trecassensem

110 1285 164 1342 iam
180 1283 287 1343 nullum
302 1293 420 1343 exstare
430 1283 538 1352 ,dicitur
553 1282 700 1361 Ephesiae
715 1282 824 1342 Dianae
841 1282 939 1359 templi
954 1279 1101 1359 aut'Gapi·

110 1368 192 1426 tolini
212 1367 359 1427 incendiis.
395 1364 490 1425 Varro
510 1385 542 1425 se
566 1376 596 1426 et
614 1385 741 1427 aereum·
753 1368 865 1441 signum
877 1368 945 1425 'eius
963 1365 1100 1425 habuisse

75 1451 218 1515 rescribit.
249 1448 384 1517 Proxumi
402 1450 438 1509 ab
453 1467 492 1509 eo
510 1451 539 1508 in
554 1450 742 1510 admiratione
758 1449 888 1523 Acragas
904 1457 934 1507 et
947 1447 1078 1513 Boethus
1090 1461 1139 1513 155
1154 1496 1158 1509 .

110 1542 140 1593 et
154 1532 217 1609 Mys
237 1534 331 1593 luere.
369 1541 484 1593 exstant
507 1535 629 1592 omnium
646 1550 737 1608 opera
757 1529 844 1589 bodie
862 1533 891 1588 in
914 1530 1007 1590 insula
1022 1529 1100 1590 Rho-

110 1617 232 1692 diorum,
242 1616 347 1675 boethi
359 1616 432 1692 apud
444 1614 572 1673 Lindiam
582 1614 752 1689 Minervam,
764 1612 937 1691 Acragantis
948 1615 979 1671 in
990 1614 1099 1691 templo

109 1698 206 1759 biberi
232 1700 321 1776 patris
342 1700 371 1756 in
393 1700 457 1773 ipsa
479 1695 583 1755 Rhodo
608 1695 769 1755 Centauros
790 1696 975 1774 bacchasque
997 1696 1099 1755 caelati

112 1780 232 1859 scyphi,
252 1778 336 1854 Myos
358 1781 386 1837 in
405 1778 505 1837 eadem
527 1779 600 1839 aede
623 1777 739 1838 Silenos
760 1788 790 1838 et
811 1777 978 1857 Cupidines.
1011 1778 1100 1839 Acra-

76 1865 204 1940 aogantis
227 1871 257 1921 et
277 1862 394 1921 venatio
416 1862 446 1919 in
469 1861 585 1939 scyphis
606 1880 736 1938 magnam
755 1863 855 1921 lamam
872 1863 981 1922 babuit.
1009 1860 1080 1921 Post
1091 1874 1142 1927 156

111 1947 165 2005 hos
181 1943 345 2003 celebratus
366 1953 412 2002 est
431 1941 571 2023 Calamis,
593 1945 747 2023 Antipater
767 1963 883 2023 quoque
904 1946 952 2023 qui
968 1945 1100 2021 Satyrum

111 2031 141 2088 in
155 2027 249 2106 phiala
260 2035 408 2103 gravatum
423 2044 524 2087 somno
540 2028 742 2088 conlocavisse
757 2032 856 2089 verius
873 2047 956 2107 quam
969 2029 1100 2088 caelasse

111 2112 203 2171 dietus
220 2119 275 2171 est.
292 2110 482 2169 Stratonicus
497 2129 564 2170 mox
580 2109 753 2188 Cyzicenus,
770 2111 936 2195 Tauriscus,
952 2114 1021 2173 item
1035 2111 1101 2171 Ari·

112 2204 177 2255 stoa
196 2201 226 2255 et
242 2193 368 2253 Eunicus
382 2192 548 2270 Mitylenaei
576 2195 726 2255 laudantur
747 2204 777 2254 et
791 2194 954 2256 Hecataeus
972 2205 1003 2257 et
1023 2197 1100 2256 circa

76 2279 229 2355 aaPompoi
247 2276 343 2353 Magni
360 2285 482 2337 aetatem
498 2276 660 2354 Pasiteles,
675 2277 849 2338 Posidonius
865 2278 1029 2356 Ephesius,
1044 2278 1101 2338 lle-

111 2361 285 2437 dystratides
306 2362 353 2437 qui
374 2361 487 2438 proelia
510 2370 695 2438 armatosque
724 2361 863 2438 caelavit,
891 2360 1023 2440 Zopyrus
1051 2364 1110 2439 qui*

111 2445 307 2520 Areopagitas
326 2452 355 2502 et
372 2444 507 2503 iudicium
522 2443 636 2505 Orestis
651 2446 681 2503 in
695 2445 807 2506 duobus
823 2446 940 2523 scyphis
958 2444 1014 2504 llS.
1031 2441 1098 2527 lx'fil

112 2528 278 2585 aestimatis.
299 2528 353 2586 fuit
369 2534 399 2586 et
413 2528 539 2604 Pytheas
555 2530 636 2587 cuius
651 2528 724 2588 duae
740 2531 840 2589 unciae
856 2528 920 2595 xx
935 2530 1097 2588 venierunt.

112 2606 215 2667 Ulixes
238 2618 267 2667 et
282 2609 438 2670 Diomedes
461 2619 543 2671 erant
564 2613 593 2671 in
614 2611 727 2689 phialae
752 2612 924 2671 emblemate
944 2610 1099 2672 Palladium

78 2707 104 2747 so
114 2693 318 2768 subripientes.
340 2693 410 2753 lecit
427 2694 502 2754 idem
516 2703 546 2755 et
562 2713 651 2754 cocos
665 2696 826 2771 magiriscia
838 2693 1000 2773 appellatos
1015 2703 1139 2771 par-157

113 2774 189 2835 volis
206 2777 347 2852 potoriis,
373 2795 389 2835 e
413 2777 515 2853 quibus
537 2798 575 2839 ne
598 2777 774 2855 exemplaria
797 2778 911 2857 quidem
930 2777 1034 2837 liceret
1049 2796 1098 2837 ex·
1196 2837 1199 2846 ,

114 2860 256 2936 primere,
276 2866 332 2917 tam
353 2869 514 2936 opportuna
536 2863 657 2921 iniuriae
678 2862 822 2921 subtilitas
845 2869 917 2921 erat.
951 2859 1049 2919 babuit
1068 2868 1099 2921 et

114 2942 227 3001 'l'eucer
238 2943 394 3001 crustarius
409 2942 525 3019 lamam,
544 2943 699 3022 subitoque
714 2962 761 3004 ars
778 2945 905 3005 haesita
923 2942 1053 3004 exolevit
1068 2952 1110 3003 ut.

114 3024 177 3084 sola
190 3028 250 3085 iam
271 3032 416 3083 vetustate
436 3035 606 3103 censeatur,
627 3045 738 3105 usuque
752 3028 857 3087 attritis
872 3027 1044 3104 caelaturis,
1059 3044 1098 3086 ue

58 3162 61 3171 .
79 3108 204 3183 caligare
222 3108 346 3167 discerni
361 3110 472 3192 possit,
487 3112 643 3170 auctoritas
658 3119 781 3171 constet.

123 3189 128 3204 '
174 3193 335 3268 Argentum
354 3192 502 3253 medicatis
519 3196 600 3269 aquis
614 3194 738 3253 inlicitur
758 3201 845 3273 atque
862 3194 966 3255 adflatu
986 3192 1140 3269 salso,158

91 3275 189 3345 ,sieut
209 3276 238 3333 in
257 3274 476 3335 mediterraneis
499 3274 663 3354 Hispaniae.
701 3277 783 3356 (56.)
804 3278 836 3337 ln
859 3280 971 3354 argenti
993 3283 1023 3337 et
1037 3277 1098 3336 auri

113 3358 237 3421 metallis
253 3368 407 3421 nascuntur
421 3361 573 3421 etiamnum
586 3362 743 3439 pigmenta,
759 3362 796 3423 sil
810 3370 841 3422 et
853 3360 1027 3422 caeruleum.
1054 3358 1097 3419 Sil
