<?xml version="1.0" encoding="UTF-8"?>
<!DOCTYPE html PUBLIC "-//W3C//DTD XHTML 1.0 Transitional//EN"
    "http://www.w3.org/TR/xhtml1/DTD/xhtml1-transitional.dtd">
<html xmlns="http://www.w3.org/1999/xhtml" xml:lang="en" lang="en">
 <head>
  <title>
</title>
<meta http-equiv="Content-Type" content="text/html;charset=utf-8" />
  <meta name='ocr-system' content='tesseract 3.04.00' />
  <meta name='ocr-capabilities' content='ocr_page ocr_carea ocr_par ocr_line ocrx_word'/>
</head>
<body>
  <div class='ocr_page' id='page_1' title='image "./cplinisecundina24plingoog_0302.png"; bbox 0 0 2484 3817; ppageno 0'>
   <div class='ocr_carea' id='block_1_1' title="bbox 148 194 803 257">
    <p class='ocr_par' dir='ltr' id='par_1_1' title="bbox 148 194 803 257">
     <span class='ocr_line' id='line_1_1' title="bbox 148 194 803 257; baseline -0.003 -2"><span class='ocrx_word' id='word_1_1' title='bbox 148 194 211 257; x_wconf 81' lang='grc'>230</span> <span class='ocrx_word' id='word_1_2' title='bbox 496 205 803 254; x_wconf 81' lang='lat' dir='ltr'>c.ru1u1sncunu1</span> 
     </span>
    </p>
   </div>
   <div class='ocr_carea' id='block_1_2' title="bbox 107 358 1240 943">
    <p class='ocr_par' dir='ltr' id='par_1_2' title="bbox 123 358 1140 523">
     <span class='ocr_line' id='line_1_2' title="bbox 123 358 1140 441; baseline -0.004 -18"><span class='ocrx_word' id='word_1_3' title='bbox 123 388 127 404; x_wconf 70' lang='lat'><strong><em>¹</em></strong></span> <span class='ocrx_word' id='word_1_4' title='bbox 149 364 213 438; x_wconf 90' lang='lat' dir='ltr'>dia,</span> <span class='ocrx_word' id='word_1_5' title='bbox 233 380 307 441; x_wconf 89' lang='lat' dir='ltr'>qnae</span> <span class='ocrx_word' id='word_1_6' title='bbox 332 370 362 421; x_wconf 90' lang='lat' dir='ltr'>et</span> <span class='ocrx_word' id='word_1_7' title='bbox 381 362 527 437; x_wconf 74' lang='lat' dir='ltr'><strong>inguinum</strong></span> <span class='ocrx_word' id='word_1_8' title='bbox 546 360 705 419; x_wconf 87' lang='lat' dir='ltr'>tumoribus</span> <span class='ocrx_word' id='word_1_9' title='bbox 726 358 875 435; x_wconf 81' lang='lat' dir='ltr'>adalligari</span> <span class='ocrx_word' id='word_1_10' title='bbox 895 358 1005 434; x_wconf 82' lang='lat' dir='ltr'>solent,</span> <span class='ocrx_word' id='word_1_11' title='bbox 1033 368 1140 421; x_wconf 67' lang='lat' dir='ltr'>nouam</span> 
     </span>
     <span class='ocr_line' id='line_1_3' title="bbox 150 442 1140 523; baseline -0.003 -17"><span class='ocrx_word' id='word_1_12' title='bbox 150 447 241 523; x_wconf 86' lang='lat' dir='ltr'>signis</span> <span class='ocrx_word' id='word_1_13' title='bbox 256 446 371 521; x_wconf 85' lang='lat' dir='ltr'>signant</span> <span class='ocrx_word' id='word_1_14' title='bbox 385 453 415 503; x_wconf 89' lang='lat' dir='ltr'>et</span> <span class='ocrx_word' id='word_1_15' title='bbox 430 444 560 520; x_wconf 89' lang='lat' dir='ltr'>singulos</span> <span class='ocrx_word' id='word_1_16' title='bbox 574 442 725 503; x_wconf 88' lang='lat' dir='ltr'>detrabunt</span> <span class='ocrx_word' id='word_1_17' title='bbox 745 459 799 521; x_wconf 89' lang='lat' dir='ltr'>per</span> <span class='ocrx_word' id='word_1_18' title='bbox 814 442 885 501; x_wconf 88' lang='lat' dir='ltr'>dics.</span> <span class='ocrx_word' id='word_1_19' title='bbox 917 442 1140 503; x_wconf 67' lang='lat' dir='ltr'>manumittunt</span> 
     </span>
    </p>

    <p class='ocr_par' dir='ltr' id='par_1_3' title="bbox 107 520 1240 943">
     <span class='ocr_line' id='line_1_4' title="bbox 107 520 1141 605; baseline -0.005 -13"><span class='ocrx_word' id='word_1_20' title='bbox 107 542 160 595; x_wconf 85' lang='grc'><strong>130</strong></span> <span class='ocrx_word' id='word_1_21' title='bbox 170 530 318 604; x_wconf 75' lang='lat' dir='ltr'>lacertam,</span> <span class='ocrx_word' id='word_1_22' title='bbox 333 528 450 605; x_wconf 79' lang='lat' dir='ltr'>lapillos</span> <span class='ocrx_word' id='word_1_23' title='bbox 465 536 583 587; x_wconf 82' lang='lat' dir='ltr'>servant</span> <span class='ocrx_word' id='word_1_24' title='bbox 597 526 633 586; x_wconf 93' lang='lat' dir='ltr'>ad</span> <span class='ocrx_word' id='word_1_25' title='bbox 649 520 797 585; x_wconf 85' lang='lat' dir='ltr'>oculorum</span> <span class='ocrx_word' id='word_1_26' title='bbox 813 525 941 585; x_wconf 89' lang='lat' dir='ltr'>dolores.</span> <span class='ocrx_word' id='word_1_27' title='bbox 971 525 1019 585; x_wconf 88' lang='lat' dir='ltr'>alii</span> <span class='ocrx_word' id='word_1_28' title='bbox 1034 534 1141 587; x_wconf 85' lang='lat' dir='ltr'>terram</span> 
     </span>
     <span class='ocr_line' id='line_1_5' title="bbox 149 610 1240 679; baseline -0.004 -6"><span class='ocrx_word' id='word_1_29' title='bbox 149 613 334 673; x_wconf 87' lang='lat' dir='ltr'>substernunt</span> <span class='ocrx_word' id='word_1_30' title='bbox 354 611 482 671; x_wconf 88' lang='lat' dir='ltr'>lacertae</span> <span class='ocrx_word' id='word_1_31' title='bbox 501 610 584 669; x_wconf 86' lang='lat' dir='ltr'>viridi</span> <span class='ocrx_word' id='word_1_32' title='bbox 600 619 777 670; x_wconf 73' lang='lat' dir='ltr'>excaecatae</span> <span class='ocrx_word' id='word_1_33' title='bbox 793 618 823 669; x_wconf 88' lang='lat' dir='ltr'>et</span> <span class='ocrx_word' id='word_1_34' title='bbox 838 626 893 669; x_wconf 93' lang='lat' dir='ltr'>uua</span> <span class='ocrx_word' id='word_1_35' title='bbox 915 612 943 667; x_wconf 93' lang='lat' dir='ltr'>iu</span> <span class='ocrx_word' id='word_1_36' title='bbox 959 610 1052 668; x_wconf 82' lang='lat' dir='ltr'>vitreo</span> <span class='ocrx_word' id='word_1_37' title='bbox 1067 625 1139 670; x_wconf 84' lang='lat' dir='ltr'>vase</span> <span class='ocrx_word' id='word_1_38' title='bbox 1239 640 1240 679; x_wconf 67' lang='lat'>;</span> 
     </span>
     <span class='ocr_line' id='line_1_6' title="bbox 149 693 1164 771; baseline -0.001 -14"><span class='ocrx_word' id='word_1_39' title='bbox 149 695 262 757; x_wconf 88' lang='lat' dir='ltr'>anellos</span> <span class='ocrx_word' id='word_1_40' title='bbox 282 695 428 755; x_wconf 87' lang='lat' dir='ltr'>includunt</span> <span class='ocrx_word' id='word_1_41' title='bbox 449 712 466 753; x_wconf 93' lang='lat' dir='ltr'>e</span> <span class='ocrx_word' id='word_1_42' title='bbox 490 694 571 753; x_wconf 88' lang='lat' dir='ltr'>ierro</span> <span class='ocrx_word' id='word_1_43' title='bbox 592 693 687 753; x_wconf 89' lang='lat' dir='ltr'>solido</span> <span class='ocrx_word' id='word_1_44' title='bbox 709 693 758 753; x_wconf 86' lang='lat' dir='ltr'>vel</span> <span class='ocrx_word' id='word_1_45' title='bbox 777 707 857 753; x_wconf 87' lang='lat' dir='ltr'>auro.</span> <span class='ocrx_word' id='word_1_46' title='bbox 895 710 959 752; x_wconf 92' lang='lat' dir='ltr'>cum</span> <span class='ocrx_word' id='word_1_47' title='bbox 988 694 1164 771; x_wconf 81' lang='lat' dir='ltr'>recepisses</span> 
     </span>
     <span class='ocr_line' id='line_1_7' title="bbox 149 775 1240 859; baseline -0.002 -21"><span class='ocrx_word' id='word_1_48' title='bbox 149 781 242 839; x_wconf 83' lang='lat' dir='ltr'>risum</span> <span class='ocrx_word' id='word_1_49' title='bbox 256 778 394 838; x_wconf 82' lang='lat' dir='ltr'>lacertam</span> <span class='ocrx_word' id='word_1_50' title='bbox 408 778 539 856; x_wconf 82' lang='lat' dir='ltr'>adparuit</span> <span class='ocrx_word' id='word_1_51' title='bbox 554 794 608 855; x_wconf 88' lang='lat' dir='ltr'>per</span> <span class='ocrx_word' id='word_1_52' title='bbox 621 778 741 852; x_wconf 86' lang='lat' dir='ltr'>vitrum,</span> <span class='ocrx_word' id='word_1_53' title='bbox 761 777 867 835; x_wconf 89' lang='lat' dir='ltr'>emissa</span> <span class='ocrx_word' id='word_1_54' title='bbox 882 793 917 835; x_wconf 91' lang='lat' dir='ltr'>ea</span> <span class='ocrx_word' id='word_1_55' title='bbox 934 775 1025 835; x_wconf 88' lang='lat' dir='ltr'>anulis</span> <span class='ocrx_word' id='word_1_56' title='bbox 1040 786 1141 845; x_wconf 80' lang='lat' dir='ltr'>contra</span> <span class='ocrx_word' id='word_1_57' title='bbox 1239 836 1240 859; x_wconf 49' lang='lat'>,</span> 
     </span>
     <span class='ocr_line' id='line_1_8' title="bbox 148 858 1139 943; baseline -0.006 -19"><span class='ocrx_word' id='word_1_58' title='bbox 148 862 347 943; x_wconf 73' lang='lat' dir='ltr'>lippitudinem</span> <span class='ocrx_word' id='word_1_59' title='bbox 358 870 482 935; x_wconf 89' lang='lat' dir='ltr'>utuntur,</span> <span class='ocrx_word' id='word_1_60' title='bbox 493 859 542 919; x_wconf 89' lang='lat' dir='ltr'>alii</span> <span class='ocrx_word' id='word_1_61' title='bbox 557 860 660 937; x_wconf 88' lang='lat' dir='ltr'>capitis</span> <span class='ocrx_word' id='word_1_62' title='bbox 673 863 770 919; x_wconf 89' lang='lat' dir='ltr'>cinere</span> <span class='ocrx_word' id='word_1_63' title='bbox 781 876 835 937; x_wconf 94' lang='lat' dir='ltr'>pru</span> <span class='ocrx_word' id='word_1_64' title='bbox 846 858 912 919; x_wconf 87' lang='lat' dir='ltr'>stibi</span> <span class='ocrx_word' id='word_1_65' title='bbox 927 859 963 920; x_wconf 89' lang='lat' dir='ltr'>ad</span> <span class='ocrx_word' id='word_1_66' title='bbox 976 858 1139 919; x_wconf 86' lang='lat' dir='ltr'>scabritias.</span> 
     </span>
    </p>
   </div>
   <div class='ocr_carea' id='block_1_3' title="bbox 105 943 1240 2361">
    <p class='ocr_par' dir='ltr' id='par_1_4' title="bbox 105 943 1240 2361">
     <span class='ocr_line' id='line_1_9' title="bbox 148 943 1140 1026; baseline -0.003 -20"><span class='ocrx_word' id='word_1_67' title='bbox 148 947 262 1026; x_wconf 91' lang='lat' dir='ltr'>quidam</span> <span class='ocrx_word' id='word_1_68' title='bbox 276 945 397 1004; x_wconf 81' lang='lat' dir='ltr'>viridem</span> <span class='ocrx_word' id='word_1_69' title='bbox 413 944 502 1019; x_wconf 85' lang='lat' dir='ltr'>lungo</span> <span class='ocrx_word' id='word_1_70' title='bbox 521 943 599 1002; x_wconf 90' lang='lat' dir='ltr'>collo</span> <span class='ocrx_word' id='word_1_71' title='bbox 621 944 651 1002; x_wconf 93' lang='lat' dir='ltr'>in</span> <span class='ocrx_word' id='word_1_72' title='bbox 671 943 815 1003; x_wconf 78' lang='lat' dir='ltr'>sabulosis</span> <span class='ocrx_word' id='word_1_73' title='bbox 835 952 1003 1003; x_wconf 87' lang='lat' dir='ltr'>nascentem</span> <span class='ocrx_word' id='word_1_74' title='bbox 1023 943 1140 1003; x_wconf 89' lang='lat' dir='ltr'>cumbu-</span> 
     </span>
     <span class='ocr_line' id='line_1_10' title="bbox 145 1026 1139 1105; baseline -0.005 -15"><span class='ocrx_word' id='word_1_75' title='bbox 145 1039 212 1090; x_wconf 89' lang='lat' dir='ltr'>ruut</span> <span class='ocrx_word' id='word_1_76' title='bbox 224 1038 254 1089; x_wconf 87' lang='lat' dir='ltr'>et</span> <span class='ocrx_word' id='word_1_77' title='bbox 268 1029 454 1105; x_wconf 84' lang='lat' dir='ltr'>incipientem</span> <span class='ocrx_word' id='word_1_78' title='bbox 469 1026 638 1105; x_wconf 86' lang='lat' dir='ltr'>epiphoram</span> <span class='ocrx_word' id='word_1_79' title='bbox 654 1028 806 1103; x_wconf 89' lang='lat' dir='ltr'>inungunt,</span> <span class='ocrx_word' id='word_1_80' title='bbox 822 1034 852 1086; x_wconf 86' lang='lat' dir='ltr'>et</span> <span class='ocrx_word' id='word_1_81' title='bbox 866 1028 933 1086; x_wconf 89' lang='lat' dir='ltr'>item</span> <span class='ocrx_word' id='word_1_82' title='bbox 947 1026 1139 1104; x_wconf 76' lang='lat' dir='ltr'>glaucomata.</span> 
     </span>
     <span class='ocr_line' id='line_1_11' title="bbox 106 1109 1179 1188; baseline -0.003 -13"><span class='ocrx_word' id='word_1_83' title='bbox 106 1112 308 1180; x_wconf 83' lang='lat' dir='ltr'>131llustelae</span> <span class='ocrx_word' id='word_1_84' title='bbox 326 1112 412 1169; x_wconf 85' lang='lat' dir='ltr'>etiam</span> <span class='ocrx_word' id='word_1_85' title='bbox 427 1110 520 1169; x_wconf 90' lang='lat' dir='ltr'>oculis</span> <span class='ocrx_word' id='word_1_86' title='bbox 535 1119 641 1188; x_wconf 89' lang='lat' dir='ltr'>punctu</span> <span class='ocrx_word' id='word_1_87' title='bbox 657 1112 745 1169; x_wconf 89' lang='lat' dir='ltr'>erutis</span> <span class='ocrx_word' id='word_1_88' title='bbox 762 1109 839 1170; x_wconf 90' lang='lat' dir='ltr'>aiunt</span> <span class='ocrx_word' id='word_1_89' title='bbox 852 1111 943 1170; x_wconf 89' lang='lat' dir='ltr'>visum</span> <span class='ocrx_word' id='word_1_90' title='bbox 958 1113 1075 1187; x_wconf 84' lang='lat' dir='ltr'>reverti,</span> <span class='ocrx_word' id='word_1_91' title='bbox 1092 1128 1140 1171; x_wconf 88' lang='lat' dir='ltr'>ea·</span> <span class='ocrx_word' id='word_1_92' title='bbox 1151 1127 1179 1173; x_wconf 79' lang='lat' dir='ltr'>su</span> 
     </span>
     <span class='ocr_line' id='line_1_12' title="bbox 148 1193 1142 1273; baseline -0.002 -16"><span class='ocrx_word' id='word_1_93' title='bbox 148 1198 271 1273; x_wconf 92' lang='lat' dir='ltr'>demque</span> <span class='ocrx_word' id='word_1_94' title='bbox 289 1211 364 1271; x_wconf 89' lang='lat' dir='ltr'>quae</span> <span class='ocrx_word' id='word_1_95' title='bbox 378 1195 407 1252; x_wconf 92' lang='lat' dir='ltr'>in</span> <span class='ocrx_word' id='word_1_96' title='bbox 421 1194 539 1252; x_wconf 87' lang='lat' dir='ltr'>lacertis</span> <span class='ocrx_word' id='word_1_97' title='bbox 559 1202 589 1252; x_wconf 92' lang='lat' dir='ltr'>et</span> <span class='ocrx_word' id='word_1_98' title='bbox 609 1193 701 1253; x_wconf 86' lang='lat' dir='ltr'>anulis</span> <span class='ocrx_word' id='word_1_99' title='bbox 715 1193 831 1253; x_wconf 87' lang='lat' dir='ltr'>iaciunt.</span> <span class='ocrx_word' id='word_1_100' title='bbox 862 1196 1008 1273; x_wconf 88' lang='lat' dir='ltr'>serpentis</span> <span class='ocrx_word' id='word_1_101' title='bbox 1025 1194 1142 1255; x_wconf 85' lang='lat' dir='ltr'>oculum</span> 
     </span>
     <span class='ocr_line' id='line_1_13' title="bbox 147 1277 1163 1357; baseline 0 -18"><span class='ocrx_word' id='word_1_102' title='bbox 147 1281 280 1339; x_wconf 83' lang='lat' dir='ltr'>dextrum</span> <span class='ocrx_word' id='word_1_103' title='bbox 297 1277 481 1353; x_wconf 85' lang='lat' dir='ltr'>adalligatum</span> <span class='ocrx_word' id='word_1_104' title='bbox 497 1286 599 1336; x_wconf 87' lang='lat' dir='ltr'>contra</span> <span class='ocrx_word' id='word_1_105' title='bbox 615 1278 772 1355; x_wconf 84' lang='lat' dir='ltr'>epiphoras</span> <span class='ocrx_word' id='word_1_106' title='bbox 792 1278 952 1355; x_wconf 87' lang='lat' dir='ltr'>prodesse,</span> <span class='ocrx_word' id='word_1_107' title='bbox 971 1277 995 1337; x_wconf 92' lang='lat' dir='ltr'>si</span> <span class='ocrx_word' id='word_1_108' title='bbox 1016 1294 1141 1357; x_wconf 85' lang='lat' dir='ltr'>serpeus</span> <span class='ocrx_word' id='word_1_109' title='bbox 1160 1314 1163 1321; x_wconf 90' lang='lat'>·</span> 
     </span>
     <span class='ocr_line' id='line_1_14' title="bbox 147 1360 1142 1425; baseline -0.001 -3"><span class='ocrx_word' id='word_1_110' title='bbox 147 1365 213 1423; x_wconf 87' lang='lat' dir='ltr'>riva</span> <span class='ocrx_word' id='word_1_111' title='bbox 228 1361 393 1420; x_wconf 88' lang='lat' dir='ltr'>dimittatur.</span> <span class='ocrx_word' id='word_1_112' title='bbox 414 1360 641 1419; x_wconf 80' lang='lat' dir='ltr'>lacrimantibus</span> <span class='ocrx_word' id='word_1_113' title='bbox 652 1360 714 1420; x_wconf 88' lang='lat' dir='ltr'>sine</span> <span class='ocrx_word' id='word_1_114' title='bbox 726 1361 782 1419; x_wconf 91' lang='lat' dir='ltr'>line</span> <span class='ocrx_word' id='word_1_115' title='bbox 798 1361 889 1421; x_wconf 84' lang='lat' dir='ltr'>oculis</span> <span class='ocrx_word' id='word_1_116' title='bbox 902 1362 974 1422; x_wconf 86' lang='lat' dir='ltr'>ciuis</span> <span class='ocrx_word' id='word_1_117' title='bbox 987 1362 1142 1425; x_wconf 88' lang='lat' dir='ltr'>stelionum</span> 
     </span>
     <span class='ocr_line' id='line_1_15' title="bbox 148 1434 1142 1523; baseline 0.002 -18"><span class='ocrx_word' id='word_1_118' title='bbox 148 1447 251 1523; x_wconf 84' lang='lat' dir='ltr'>capitis</span> <span class='ocrx_word' id='word_1_119' title='bbox 274 1462 337 1502; x_wconf 92' lang='lat' dir='ltr'>cum</span> <span class='ocrx_word' id='word_1_120' title='bbox 358 1443 426 1503; x_wconf 87' lang='lat' dir='ltr'>stibi</span> <span class='ocrx_word' id='word_1_121' title='bbox 446 1446 551 1503; x_wconf 86' lang='lat' dir='ltr'>eximie</span> <span class='ocrx_word' id='word_1_122' title='bbox 571 1444 711 1503; x_wconf 88' lang='lat' dir='ltr'>medetur.</span> <span class='ocrx_word' id='word_1_123' title='bbox 743 1444 850 1503; x_wconf 90' lang='lat' dir='ltr'>llrauei</span> <span class='ocrx_word' id='word_1_124' title='bbox 874 1434 1007 1505; x_wconf 80' lang='lat' dir='ltr'>muscarii</span> <span class='ocrx_word' id='word_1_125' title='bbox 1029 1444 1088 1507; x_wconf 87' lang='lat' dir='ltr'>tela</span> <span class='ocrx_word' id='word_1_126' title='bbox 1110 1455 1142 1507; x_wconf 88' lang='lat' dir='ltr'>et</span> 
     </span>
     <span class='ocr_line' id='line_1_16' title="bbox 148 1527 1179 1616; baseline 0.004 -29"><span class='ocrx_word' id='word_1_127' title='bbox 148 1530 306 1608; x_wconf 87' lang='lat' dir='ltr'>praecipue</span> <span class='ocrx_word' id='word_1_128' title='bbox 318 1527 459 1605; x_wconf 87' lang='lat' dir='ltr'>spelunca</span> <span class='ocrx_word' id='word_1_129' title='bbox 472 1528 536 1616; x_wconf 75' lang='lat' dir='ltr'>ipsq</span> <span class='ocrx_word' id='word_1_130' title='bbox 552 1528 677 1606; x_wconf 87' lang='lat' dir='ltr'>inposita</span> <span class='ocrx_word' id='word_1_131' title='bbox 689 1545 742 1606; x_wconf 89' lang='lat' dir='ltr'>per</span> <span class='ocrx_word' id='word_1_132' title='bbox 752 1527 877 1589; x_wconf 89' lang='lat' dir='ltr'>iruutem</span> <span class='ocrx_word' id='word_1_133' title='bbox 891 1529 927 1590; x_wconf 91' lang='lat' dir='ltr'>ad</span> <span class='ocrx_word' id='word_1_134' title='bbox 939 1529 995 1588; x_wconf 91' lang='lat' dir='ltr'>dno</span> <span class='ocrx_word' id='word_1_135' title='bbox 1009 1537 1179 1607; x_wconf 74' lang='lat' dir='ltr'>temporam</span> 
     </span>
     <span class='ocr_line' id='line_1_17' title="bbox 147 1610 1139 1693; baseline 0 -22"><span class='ocrx_word' id='word_1_136' title='bbox 147 1614 176 1671; x_wconf 92' lang='lat' dir='ltr'>in</span> <span class='ocrx_word' id='word_1_137' title='bbox 190 1612 305 1690; x_wconf 86' lang='lat' dir='ltr'>splenio</span> <span class='ocrx_word' id='word_1_138' title='bbox 322 1610 437 1688; x_wconf 87' lang='lat' dir='ltr'>aliquo,</span> <span class='ocrx_word' id='word_1_139' title='bbox 452 1612 492 1671; x_wconf 89' lang='lat' dir='ltr'>ita</span> <span class='ocrx_word' id='word_1_140' title='bbox 508 1620 538 1670; x_wconf 93' lang='lat' dir='ltr'>ut</span> <span class='ocrx_word' id='word_1_141' title='bbox 553 1630 570 1670; x_wconf 87' lang='lat' dir='ltr'>a</span> <span class='ocrx_word' id='word_1_142' title='bbox 587 1628 679 1689; x_wconf 89' lang='lat' dir='ltr'>puero</span> <span class='ocrx_word' id='word_1_143' title='bbox 696 1610 803 1689; x_wconf 89' lang='lat' dir='ltr'>inpube</span> <span class='ocrx_word' id='word_1_144' title='bbox 822 1621 851 1671; x_wconf 87' lang='lat' dir='ltr'>et</span> <span class='ocrx_word' id='word_1_145' title='bbox 868 1614 995 1691; x_wconf 86' lang='lat' dir='ltr'>capiatur</span> <span class='ocrx_word' id='word_1_146' title='bbox 1011 1622 1041 1671; x_wconf 90' lang='lat' dir='ltr'>et</span> <span class='ocrx_word' id='word_1_147' title='bbox 1058 1614 1139 1693; x_wconf 92' lang='lat' dir='ltr'>iupo-</span> 
     </span>
     <span class='ocr_line' id='line_1_18' title="bbox 145 1694 1240 1773; baseline 0.004 -18"><span class='ocrx_word' id='word_1_148' title='bbox 145 1704 229 1755; x_wconf 87' lang='lat' dir='ltr'>natur</span> <span class='ocrx_word' id='word_1_149' title='bbox 247 1696 347 1755; x_wconf 89' lang='lat' dir='ltr'>necis</span> <span class='ocrx_word' id='word_1_150' title='bbox 366 1696 461 1754; x_wconf 91' lang='lat' dir='ltr'>triduo</span> <span class='ocrx_word' id='word_1_151' title='bbox 483 1713 517 1753; x_wconf 89' lang='lat' dir='ltr'>se</span> <span class='ocrx_word' id='word_1_152' title='bbox 533 1694 668 1754; x_wconf 86' lang='lat' dir='ltr'>ostendat</span> <span class='ocrx_word' id='word_1_153' title='bbox 689 1695 717 1754; x_wconf 92' lang='lat' dir='ltr'>ei</span> <span class='ocrx_word' id='word_1_154' title='bbox 737 1697 781 1754; x_wconf 91' lang='lat' dir='ltr'>cui</span> <span class='ocrx_word' id='word_1_155' title='bbox 798 1695 973 1773; x_wconf 85' lang='lat' dir='ltr'>medebitur,</span> <span class='ocrx_word' id='word_1_156' title='bbox 999 1714 1075 1755; x_wconf 85' lang='lat' dir='ltr'>neve</span> <span class='ocrx_word' id='word_1_157' title='bbox 1098 1695 1140 1755; x_wconf 87' lang='lat' dir='ltr'>al·</span> <span class='ocrx_word' id='word_1_158' title='bbox 1239 1744 1240 1759; x_wconf 42' lang='lat' dir='ltr'>r</span> 
     </span>
     <span class='ocr_line' id='line_1_19' title="bbox 145 1778 1141 1857; baseline 0 -18"><span class='ocrx_word' id='word_1_159' title='bbox 145 1788 256 1839; x_wconf 88' lang='lat' dir='ltr'>teruter</span> <span class='ocrx_word' id='word_1_160' title='bbox 272 1778 355 1838; x_wconf 91' lang='lat' dir='ltr'>nudis</span> <span class='ocrx_word' id='word_1_161' title='bbox 372 1778 495 1857; x_wconf 89' lang='lat' dir='ltr'>pedibus</span> <span class='ocrx_word' id='word_1_162' title='bbox 509 1788 615 1839; x_wconf 89' lang='lat' dir='ltr'>terram</span> <span class='ocrx_word' id='word_1_163' title='bbox 630 1780 748 1855; x_wconf 85' lang='lat' dir='ltr'>attingat</span> <span class='ocrx_word' id='word_1_164' title='bbox 768 1778 813 1839; x_wconf 90' lang='lat' dir='ltr'>bis</span> <span class='ocrx_word' id='word_1_165' title='bbox 834 1778 951 1855; x_wconf 88' lang='lat' dir='ltr'>diebus,</span> <span class='ocrx_word' id='word_1_166' title='bbox 972 1779 1141 1841; x_wconf 88' lang='lat' dir='ltr'>mirabiliter</span> 
     </span>
     <span class='ocr_line' id='line_1_20' title="bbox 105 1862 1140 1942; baseline -0.003 -18"><span class='ocrx_word' id='word_1_167' title='bbox 105 1874 156 1929; x_wconf 74' lang='grc'>131</span> <span class='ocrx_word' id='word_1_168' title='bbox 167 1862 317 1942; x_wconf 83' lang='lat' dir='ltr'>epiphoris</span> <span class='ocrx_word' id='word_1_169' title='bbox 338 1862 448 1921; x_wconf 89' lang='lat' dir='ltr'>mederi</span> <span class='ocrx_word' id='word_1_170' title='bbox 469 1862 582 1922; x_wconf 86' lang='lat' dir='ltr'>dicitur.</span> <span class='ocrx_word' id='word_1_171' title='bbox 619 1862 771 1939; x_wconf 77' lang='lat' dir='ltr'>albugines</span> <span class='ocrx_word' id='word_1_172' title='bbox 791 1880 906 1942; x_wconf 89' lang='lat' dir='ltr'>quoque</span> <span class='ocrx_word' id='word_1_173' title='bbox 927 1862 1033 1922; x_wconf 90' lang='lat' dir='ltr'>tollere</span> <span class='ocrx_word' id='word_1_174' title='bbox 1059 1865 1140 1921; x_wconf 91' lang='lat' dir='ltr'>inun-</span> 
     </span>
     <span class='ocr_line' id='line_1_21' title="bbox 146 1944 1177 2025; baseline 0.005 -19"><span class='ocrx_word' id='word_1_175' title='bbox 146 1949 243 2006; x_wconf 87' lang='lat' dir='ltr'>ctione</span> <span class='ocrx_word' id='word_1_176' title='bbox 267 1962 390 2005; x_wconf 89' lang='lat' dir='ltr'>araneus</span> <span class='ocrx_word' id='word_1_177' title='bbox 412 1944 550 2005; x_wconf 86' lang='lat' dir='ltr'>candidus</span> <span class='ocrx_word' id='word_1_178' title='bbox 571 1946 746 2022; x_wconf 83' lang='lat' dir='ltr'>longissimis</span> <span class='ocrx_word' id='word_1_179' title='bbox 766 1964 801 2005; x_wconf 90' lang='lat' dir='ltr'>ac</span> <span class='ocrx_word' id='word_1_180' title='bbox 822 1946 995 2007; x_wconf 88' lang='lat' dir='ltr'>tenuissimis</span> <span class='ocrx_word' id='word_1_181' title='bbox 1015 1946 1177 2025; x_wconf 81' lang='lat' dir='ltr'>pedibusue</span> 
     </span>
     <span class='ocr_line' id='line_1_22' title="bbox 146 2028 1141 2091; baseline 0.001 -2"><span class='ocrx_word' id='word_1_182' title='bbox 146 2030 287 2089; x_wconf 88' lang='lat' dir='ltr'>contritus</span> <span class='ocrx_word' id='word_1_183' title='bbox 302 2030 330 2087; x_wconf 92' lang='lat' dir='ltr'>in</span> <span class='ocrx_word' id='word_1_184' title='bbox 350 2028 418 2087; x_wconf 92' lang='lat' dir='ltr'>oleo</span> <span class='ocrx_word' id='word_1_185' title='bbox 439 2037 552 2089; x_wconf 83' lang='lat' dir='ltr'>uetere.</span> <span class='ocrx_word' id='word_1_186' title='bbox 587 2030 612 2087; x_wconf 90' lang='lat' dir='ltr'>is</span> <span class='ocrx_word' id='word_1_187' title='bbox 635 2031 719 2089; x_wconf 89' lang='lat' dir='ltr'>etiam</span> <span class='ocrx_word' id='word_1_188' title='bbox 743 2031 788 2089; x_wconf 92' lang='lat' dir='ltr'>cui</span> <span class='ocrx_word' id='word_1_189' title='bbox 803 2030 1009 2089; x_wconf 88' lang='lat' dir='ltr'>crassissimum</span> <span class='ocrx_word' id='word_1_190' title='bbox 1031 2038 1141 2091; x_wconf 87' lang='lat' dir='ltr'>textum</span> 
     </span>
     <span class='ocr_line' id='line_1_23' title="bbox 147 2111 1139 2191; baseline 0.004 -20"><span class='ocrx_word' id='word_1_191' title='bbox 147 2120 193 2171; x_wconf 88' lang='lat' dir='ltr'>est</span> <span class='ocrx_word' id='word_1_192' title='bbox 207 2113 237 2171; x_wconf 90' lang='lat' dir='ltr'>in</span> <span class='ocrx_word' id='word_1_193' title='bbox 253 2111 514 2186; x_wconf 80' lang='lat' dir='ltr'>contignationibus</span> <span class='ocrx_word' id='word_1_194' title='bbox 535 2113 600 2171; x_wconf 87' lang='lat' dir='ltr'>iere</span> <span class='ocrx_word' id='word_1_195' title='bbox 615 2112 786 2189; x_wconf 81' lang='lat' dir='ltr'>adalligatus</span> <span class='ocrx_word' id='word_1_196' title='bbox 807 2130 899 2191; x_wconf 89' lang='lat' dir='ltr'>panno</span> <span class='ocrx_word' id='word_1_197' title='bbox 921 2112 1076 2191; x_wconf 88' lang='lat' dir='ltr'>epiphoras</span> <span class='ocrx_word' id='word_1_198' title='bbox 1093 2130 1139 2175; x_wconf 82' lang='lat' dir='ltr'>aa·</span> 
     </span>
     <span class='ocr_line' id='line_1_24' title="bbox 145 2193 1140 2257; baseline 0.002 -2"><span class='ocrx_word' id='word_1_199' title='bbox 145 2213 217 2255; x_wconf 88' lang='lat' dir='ltr'>nare</span> <span class='ocrx_word' id='word_1_200' title='bbox 238 2196 368 2255; x_wconf 90' lang='lat' dir='ltr'>traditur.</span> <span class='ocrx_word' id='word_1_201' title='bbox 407 2193 565 2254; x_wconf 88' lang='lat' dir='ltr'>Scarabaei</span> <span class='ocrx_word' id='word_1_202' title='bbox 587 2195 686 2255; x_wconf 86' lang='lat' dir='ltr'>viridis</span> <span class='ocrx_word' id='word_1_203' title='bbox 707 2205 806 2255; x_wconf 87' lang='lat' dir='ltr'>natura</span> <span class='ocrx_word' id='word_1_204' title='bbox 832 2198 1024 2257; x_wconf 88' lang='lat' dir='ltr'>contuentium</span> <span class='ocrx_word' id='word_1_205' title='bbox 1045 2198 1140 2257; x_wconf 83' lang='lat' dir='ltr'>visum</span> 
     </span>
     <span class='ocr_line' id='line_1_25' title="bbox 146 2278 1240 2361; baseline 0.005 -24"><span class='ocrx_word' id='word_1_206' title='bbox 146 2282 271 2353; x_wconf 81' lang='lat' dir='ltr'>exacuit,</span> <span class='ocrx_word' id='word_1_207' title='bbox 287 2280 384 2354; x_wconf 88' lang='lat' dir='ltr'>itaque</span> <span class='ocrx_word' id='word_1_208' title='bbox 400 2295 573 2353; x_wconf 87' lang='lat' dir='ltr'>gemmarum</span> <span class='ocrx_word' id='word_1_209' title='bbox 586 2278 751 2357; x_wconf 89' lang='lat' dir='ltr'>scalptores</span> <span class='ocrx_word' id='word_1_210' title='bbox 768 2280 895 2339; x_wconf 85' lang='lat' dir='ltr'>contuitu</span> <span class='ocrx_word' id='word_1_211' title='bbox 910 2297 1010 2341; x_wconf 86' lang='lat' dir='ltr'>eurum</span> <span class='ocrx_word' id='word_1_212' title='bbox 1020 2281 1139 2358; x_wconf 80' lang='lat' dir='ltr'>acquie-</span> <span class='ocrx_word' id='word_1_213' title='bbox 1239 2282 1240 2361; x_wconf 77' lang='lat' dir='ltr'>j</span> 
     </span>
    </p>
   </div>
   <div class='ocr_carea' id='block_1_4' title="bbox 145 2368 1240 2427">
    <p class='ocr_par' dir='ltr' id='par_1_5' title="bbox 145 2368 1240 2427">
     <span class='ocr_line' id='line_1_26' title="bbox 145 2368 1240 2427; baseline -0.005 -6"><span class='ocrx_word' id='word_1_214' title='bbox 145 2371 238 2421; x_wconf 73' lang='grc'><strong>3011111.</strong></span> <span class='ocrx_word' id='word_1_215' title='bbox 1147 2384 1176 2427; x_wconf 65' lang='lat'>2⁵</span> <span class='ocrx_word' id='word_1_216' title='bbox 1239 2368 1240 2391; x_wconf 63' lang='lat'>¹</span> 
     </span>
    </p>
   </div>
   <div class='ocr_carea' id='block_1_5' title="bbox 74 2444 1176 3526">
    <p class='ocr_par' dir='ltr' id='par_1_6' title="bbox 105 2444 1140 2691">
     <span class='ocr_line' id='line_1_27' title="bbox 105 2444 1139 2525; baseline 0.001 -18"><span class='ocrx_word' id='word_1_217' title='bbox 105 2456 157 2511; x_wconf 88' lang='grc'><strong>133</strong></span> <span class='ocrx_word' id='word_1_218' title='bbox 222 2446 307 2525; x_wconf 80' lang='grc'><strong>(39.)</strong></span> <span class='ocrx_word' id='word_1_219' title='bbox 327 2445 416 2504; x_wconf 89' lang='lat' dir='ltr'>lluris</span> <span class='ocrx_word' id='word_1_220' title='bbox 431 2453 536 2523; x_wconf 86' lang='lat' dir='ltr'>purgat</span> <span class='ocrx_word' id='word_1_221' title='bbox 550 2444 592 2503; x_wconf 88' lang='lat' dir='ltr'>iel</span> <span class='ocrx_word' id='word_1_222' title='bbox 607 2446 727 2523; x_wconf 88' lang='lat' dir='ltr'>pecudis</span> <span class='ocrx_word' id='word_1_223' title='bbox 743 2464 806 2507; x_wconf 90' lang='lat' dir='ltr'>cum</span> <span class='ocrx_word' id='word_1_224' title='bbox 821 2446 923 2522; x_wconf 90' lang='lat' dir='ltr'>melle,</span> <span class='ocrx_word' id='word_1_225' title='bbox 945 2447 1038 2507; x_wconf 91' lang='lat' dir='ltr'>canini</span> <span class='ocrx_word' id='word_1_226' title='bbox 1053 2446 1139 2508; x_wconf 84' lang='lat' dir='ltr'>lactis</span> 
     </span>
     <span class='ocr_line' id='line_1_28' title="bbox 144 2528 1140 2609; baseline 0 -20"><span class='ocrx_word' id='word_1_227' title='bbox 144 2528 293 2590; x_wconf 88' lang='lat' dir='ltr'>instillatio</span> <span class='ocrx_word' id='word_1_228' title='bbox 309 2529 390 2588; x_wconf 89' lang='lat' dir='ltr'>sedat</span> <span class='ocrx_word' id='word_1_229' title='bbox 404 2528 551 2603; x_wconf 85' lang='lat' dir='ltr'>dolorem,</span> <span class='ocrx_word' id='word_1_230' title='bbox 576 2531 746 2604; x_wconf 84' lang='lat' dir='ltr'>gravitatem</span> <span class='ocrx_word' id='word_1_231' title='bbox 761 2530 845 2609; x_wconf 89' lang='lat' dir='ltr'>adips</span> <span class='ocrx_word' id='word_1_232' title='bbox 867 2548 929 2589; x_wconf 87' lang='lat' dir='ltr'>curn</span> <span class='ocrx_word' id='word_1_233' title='bbox 944 2529 1086 2591; x_wconf 85' lang='lat' dir='ltr'>absinthio</span> <span class='ocrx_word' id='word_1_234' title='bbox 1108 2538 1140 2589; x_wconf 85' lang='lat' dir='ltr'>ct</span> 
     </span>
     <span class='ocr_line' id='line_1_29' title="bbox 147 2612 1140 2691; baseline 0 -18"><span class='ocrx_word' id='word_1_235' title='bbox 147 2614 216 2673; x_wconf 89' lang='lat' dir='ltr'>cleo</span> <span class='ocrx_word' id='word_1_236' title='bbox 237 2622 348 2688; x_wconf 83' lang='lat' dir='ltr'>vetere,</span> <span class='ocrx_word' id='word_1_237' title='bbox 369 2614 437 2671; x_wconf 88' lang='lat' dir='ltr'>item</span> <span class='ocrx_word' id='word_1_238' title='bbox 458 2612 541 2690; x_wconf 88' lang='lat' dir='ltr'>adips</span> <span class='ocrx_word' id='word_1_239' title='bbox 565 2615 724 2673; x_wconf 88' lang='lat' dir='ltr'>anserinus.</span> <span class='ocrx_word' id='word_1_240' title='bbox 756 2614 870 2691; x_wconf 89' lang='lat' dir='ltr'>quidam</span> <span class='ocrx_word' id='word_1_241' title='bbox 891 2614 1016 2674; x_wconf 83' lang='lat' dir='ltr'>adiciunt</span> <span class='ocrx_word' id='word_1_242' title='bbox 1038 2630 1140 2673; x_wconf 88' lang='lat' dir='ltr'>sucum</span> 
     </span>
    </p>

    <p class='ocr_par' dir='ltr' id='par_1_7' title="bbox 74 2696 1176 2859">
     <span class='ocr_line' id='line_1_30' title="bbox 74 2696 1139 2777; baseline 0.001 -21"><span class='ocrx_word' id='word_1_243' title='bbox 74 2711 87 2728; x_wconf 63' lang='lat'>²</span> <span class='ocrx_word' id='word_1_244' title='bbox 146 2714 247 2777; x_wconf 89' lang='lat' dir='ltr'>cepae,</span> <span class='ocrx_word' id='word_1_245' title='bbox 265 2696 313 2755; x_wconf 91' lang='lat' dir='ltr'>alii</span> <span class='ocrx_word' id='word_1_246' title='bbox 326 2696 365 2755; x_wconf 89' lang='lat' dir='ltr'>ali</span> <span class='ocrx_word' id='word_1_247' title='bbox 378 2696 441 2774; x_wconf 88' lang='lat' dir='ltr'>pari</span> <span class='ocrx_word' id='word_1_248' title='bbox 457 2696 553 2755; x_wconf 92' lang='lat' dir='ltr'>modu.</span> <span class='ocrx_word' id='word_1_249' title='bbox 578 2703 692 2756; x_wconf 90' lang='lat' dir='ltr'>utuntur</span> <span class='ocrx_word' id='word_1_250' title='bbox 708 2706 736 2757; x_wconf 86' lang='lat' dir='ltr'>et</span> <span class='ocrx_word' id='word_1_251' title='bbox 751 2714 805 2775; x_wconf 87' lang='lat' dir='ltr'>per</span> <span class='ocrx_word' id='word_1_252' title='bbox 819 2716 852 2757; x_wconf 83' lang='lat' dir='ltr'>sc</span> <span class='ocrx_word' id='word_1_253' title='bbox 868 2698 931 2757; x_wconf 88' lang='lat' dir='ltr'>uvis</span> <span class='ocrx_word' id='word_1_254' title='bbox 946 2697 1139 2773; x_wconf 81' lang='lat' dir='ltr'>lormicarnm,</span> 
     </span>
     <span class='ocr_line' id='line_1_31' title="bbox 144 2778 1176 2859; baseline 0.003 -19"><span class='ocrx_word' id='word_1_255' title='bbox 144 2797 268 2857; x_wconf 89' lang='lat' dir='ltr'>namque</span> <span class='ocrx_word' id='word_1_256' title='bbox 278 2790 307 2838; x_wconf 91' lang='lat' dir='ltr'>et</span> <span class='ocrx_word' id='word_1_257' title='bbox 320 2779 387 2839; x_wconf 80' lang='lat' dir='ltr'>lunio</span> <span class='ocrx_word' id='word_1_258' title='bbox 398 2778 512 2839; x_wconf 86' lang='lat' dir='ltr'>animali</span> <span class='ocrx_word' id='word_1_259' title='bbox 524 2788 570 2839; x_wconf 87' lang='lat' dir='ltr'>est</span> <span class='ocrx_word' id='word_1_260' title='bbox 579 2780 730 2855; x_wconf 87' lang='lat' dir='ltr'>medicina,</span> <span class='ocrx_word' id='word_1_261' title='bbox 747 2790 918 2859; x_wconf 86' lang='lat' dir='ltr'>constatque</span> <span class='ocrx_word' id='word_1_262' title='bbox 930 2798 1014 2841; x_wconf 89' lang='lat' dir='ltr'>ursos</span> <span class='ocrx_word' id='word_1_263' title='bbox 1026 2796 1137 2857; x_wconf 84' lang='lat' dir='ltr'>aegros</span> <span class='ocrx_word' id='word_1_264' title='bbox 1148 2800 1176 2843; x_wconf 83' lang='lat' dir='ltr'>ao</span> 
     </span>
    </p>

    <p class='ocr_par' dir='ltr' id='par_1_8' title="bbox 103 2862 1176 3444">
     <span class='ocr_line' id='line_1_32' title="bbox 103 2862 1138 2942; baseline 0 -19"><span class='ocrx_word' id='word_1_265' title='bbox 103 2873 155 2929; x_wconf 76' lang='lat'>134</span> <span class='ocrx_word' id='word_1_266' title='bbox 163 2863 223 2923; x_wconf 89' lang='lat' dir='ltr'>boc</span> <span class='ocrx_word' id='word_1_267' title='bbox 239 2862 305 2923; x_wconf 92' lang='lat' dir='ltr'>cibo</span> <span class='ocrx_word' id='word_1_268' title='bbox 320 2865 424 2923; x_wconf 91' lang='lat' dir='ltr'>sanari.</span> <span class='ocrx_word' id='word_1_269' title='bbox 452 2863 595 2922; x_wconf 88' lang='lat' dir='ltr'>llnserum</span> <span class='ocrx_word' id='word_1_270' title='bbox 612 2864 792 2941; x_wconf 90' lang='lat' dir='ltr'>omniumque</span> <span class='ocrx_word' id='word_1_271' title='bbox 807 2866 900 2925; x_wconf 87' lang='lat' dir='ltr'>avium</span> <span class='ocrx_word' id='word_1_272' title='bbox 917 2864 998 2942; x_wconf 89' lang='lat' dir='ltr'>adips</span> <span class='ocrx_word' id='word_1_273' title='bbox 1014 2880 1138 2941; x_wconf 87' lang='lat' dir='ltr'>praepa·</span> 
     </span>
     <span class='ocr_line' id='line_1_33' title="bbox 144 2946 1139 3027; baseline 0.002 -20"><span class='ocrx_word' id='word_1_274' title='bbox 144 2956 239 3021; x_wconf 87' lang='lat' dir='ltr'>ratur,</span> <span class='ocrx_word' id='word_1_275' title='bbox 258 2949 459 3024; x_wconf 83' lang='lat' dir='ltr'>exemptisque</span> <span class='ocrx_word' id='word_1_276' title='bbox 480 2947 563 3005; x_wconf 80' lang='lat' dir='ltr'>renis</span> <span class='ocrx_word' id='word_1_277' title='bbox 579 2946 709 3007; x_wconf 90' lang='lat' dir='ltr'>omuibus</span> <span class='ocrx_word' id='word_1_278' title='bbox 724 2950 818 3027; x_wconf 90' lang='lat' dir='ltr'>patina</span> <span class='ocrx_word' id='word_1_279' title='bbox 837 2965 914 3008; x_wconf 92' lang='lat' dir='ltr'>novo</span> <span class='ocrx_word' id='word_1_280' title='bbox 933 2947 1013 3007; x_wconf 89' lang='lat' dir='ltr'>lictili</span> <span class='ocrx_word' id='word_1_281' title='bbox 1034 2956 1139 3025; x_wconf 84' lang='lat' dir='ltr'>operta</span> 
     </span>
     <span class='ocr_line' id='line_1_34' title="bbox 144 3028 1138 3109; baseline 0.001 -21"><span class='ocrx_word' id='word_1_282' title='bbox 144 3030 174 3088; x_wconf 85' lang='lat' dir='ltr'>ia</span> <span class='ocrx_word' id='word_1_283' title='bbox 189 3031 256 3090; x_wconf 89' lang='lat' dir='ltr'>sule</span> <span class='ocrx_word' id='word_1_284' title='bbox 271 3029 385 3090; x_wconf 90' lang='lat' dir='ltr'>subdita</span> <span class='ocrx_word' id='word_1_285' title='bbox 402 3047 476 3107; x_wconf 89' lang='lat' dir='ltr'>aqna</span> <span class='ocrx_word' id='word_1_286' title='bbox 487 3028 610 3088; x_wconf 81' lang='lat' dir='ltr'>feruenti</span> <span class='ocrx_word' id='word_1_287' title='bbox 621 3029 754 3108; x_wconf 84' lang='lat' dir='ltr'>liquatur,</span> <span class='ocrx_word' id='word_1_288' title='bbox 773 3040 963 3109; x_wconf 84' lang='lat' dir='ltr'>saccatusque</span> <span class='ocrx_word' id='word_1_289' title='bbox 977 3029 1138 3090; x_wconf 86' lang='lat' dir='ltr'>lineissac·</span> 
     </span>
     <span class='ocr_line' id='line_1_35' title="bbox 146 3113 1139 3191; baseline 0 -18"><span class='ocrx_word' id='word_1_290' title='bbox 146 3115 191 3175; x_wconf 83' lang='lat' dir='ltr'>cis</span> <span class='ocrx_word' id='word_1_291' title='bbox 210 3122 241 3172; x_wconf 84' lang='lat' dir='ltr'>ct</span> <span class='ocrx_word' id='word_1_292' title='bbox 262 3114 292 3172; x_wconf 91' lang='lat' dir='ltr'>iu</span> <span class='ocrx_word' id='word_1_293' title='bbox 312 3114 392 3174; x_wconf 81' lang='lat' dir='ltr'>fictili</span> <span class='ocrx_word' id='word_1_294' title='bbox 412 3130 490 3172; x_wconf 84' lang='lat' dir='ltr'>noro</span> <span class='ocrx_word' id='word_1_295' title='bbox 509 3113 657 3191; x_wconf 88' lang='lat' dir='ltr'>repositus</span> <span class='ocrx_word' id='word_1_296' title='bbox 678 3116 744 3175; x_wconf 90' lang='lat' dir='ltr'>loco</span> <span class='ocrx_word' id='word_1_297' title='bbox 766 3114 872 3191; x_wconf 82' lang='lat' dir='ltr'>frigido</span> <span class='ocrx_word' id='word_1_298' title='bbox 889 3116 981 3175; x_wconf 87' lang='lat' dir='ltr'>minus</span> <span class='ocrx_word' id='word_1_299' title='bbox 996 3114 1139 3191; x_wconf 84' lang='lat' dir='ltr'>putrescit</span> 
     </span>
     <span class='ocr_line' id='line_1_36' title="bbox 144 3196 1176 3259; baseline 0 -2"><span class='ocrx_word' id='word_1_300' title='bbox 144 3196 242 3257; x_wconf 90' lang='lat' dir='ltr'>addito</span> <span class='ocrx_word' id='word_1_301' title='bbox 258 3197 354 3257; x_wconf 81' lang='lat' dir='ltr'>melle.</span> <span class='ocrx_word' id='word_1_302' title='bbox 383 3198 503 3257; x_wconf 89' lang='lat' dir='ltr'>llurium</span> <span class='ocrx_word' id='word_1_303' title='bbox 518 3197 590 3257; x_wconf 90' lang='lat' dir='ltr'>cinis</span> <span class='ocrx_word' id='word_1_304' title='bbox 605 3214 669 3255; x_wconf 81' lang='lat' dir='ltr'>cutm</span> <span class='ocrx_word' id='word_1_305' title='bbox 684 3197 770 3257; x_wconf 91' lang='lat' dir='ltr'>melle</span> <span class='ocrx_word' id='word_1_306' title='bbox 785 3198 936 3259; x_wconf 88' lang='lat' dir='ltr'>instillatus</span> <span class='ocrx_word' id='word_1_307' title='bbox 951 3205 998 3257; x_wconf 90' lang='lat' dir='ltr'>aut</span> <span class='ocrx_word' id='word_1_308' title='bbox 1014 3214 1079 3257; x_wconf 84' lang='lat' dir='ltr'>cum</span> <span class='ocrx_word' id='word_1_309' title='bbox 1090 3214 1136 3257; x_wconf 88' lang='lat' dir='ltr'>ro·</span> <span class='ocrx_word' id='word_1_310' title='bbox 1147 3212 1176 3257; x_wconf 77' lang='lat' dir='ltr'>ss</span> 
     </span>
     <span class='ocr_line' id='line_1_37' title="bbox 145 3278 1138 3358; baseline 0 -19"><span class='ocrx_word' id='word_1_311' title='bbox 145 3296 234 3340; x_wconf 84' lang='lat' dir='ltr'>sscec</span> <span class='ocrx_word' id='word_1_312' title='bbox 248 3280 387 3342; x_wconf 89' lang='lat' dir='ltr'>decoctus</span> <span class='ocrx_word' id='word_1_313' title='bbox 403 3282 512 3341; x_wconf 88' lang='lat' dir='ltr'>aurium</span> <span class='ocrx_word' id='word_1_314' title='bbox 528 3279 647 3341; x_wconf 88' lang='lat' dir='ltr'>dolores</span> <span class='ocrx_word' id='word_1_315' title='bbox 665 3281 755 3341; x_wconf 88' lang='lat' dir='ltr'>sedat.</span> <span class='ocrx_word' id='word_1_316' title='bbox 792 3282 817 3339; x_wconf 90' lang='lat' dir='ltr'>si</span> <span class='ocrx_word' id='word_1_317' title='bbox 837 3278 953 3358; x_wconf 90' lang='lat' dir='ltr'>aliquod</span> <span class='ocrx_word' id='word_1_318' title='bbox 974 3280 1079 3341; x_wconf 86' lang='lat' dir='ltr'>animal</span> <span class='ocrx_word' id='word_1_319' title='bbox 1096 3280 1138 3339; x_wconf 88' lang='lat' dir='ltr'>iu·</span> 
     </span>
     <span class='ocr_line' id='line_1_38' title="bbox 143 3362 1138 3444; baseline 0.001 -22"><span class='ocrx_word' id='word_1_320' title='bbox 143 3366 273 3441; x_wconf 82' lang='lat' dir='ltr'>traverit,</span> <span class='ocrx_word' id='word_1_321' title='bbox 288 3365 476 3444; x_wconf 86' lang='lat' dir='ltr'>praecipuum</span> <span class='ocrx_word' id='word_1_322' title='bbox 488 3362 646 3424; x_wconf 86' lang='lat' dir='ltr'>remedium</span> <span class='ocrx_word' id='word_1_323' title='bbox 661 3374 707 3423; x_wconf 90' lang='lat' dir='ltr'>est</span> <span class='ocrx_word' id='word_1_324' title='bbox 720 3364 839 3425; x_wconf 86' lang='lat' dir='ltr'>murium</span> <span class='ocrx_word' id='word_1_325' title='bbox 854 3364 894 3425; x_wconf 87' lang='lat' dir='ltr'>iel</span> <span class='ocrx_word' id='word_1_326' title='bbox 910 3370 996 3423; x_wconf 88' lang='lat' dir='ltr'>aceto</span> <span class='ocrx_word' id='word_1_327' title='bbox 1006 3362 1138 3439; x_wconf 88' lang='lat' dir='ltr'>dilutum,</span> 
     </span>
    </p>

    <p class='ocr_par' dir='ltr' id='par_1_9' title="bbox 104 3445 1138 3526">
     <span class='ocr_line' id='line_1_39' title="bbox 104 3445 1138 3526; baseline -0.005 -16"><span class='ocrx_word' id='word_1_328' title='bbox 104 3456 155 3510; x_wconf 80' lang='grc'><strong>135</strong></span> <span class='ocrx_word' id='word_1_329' title='bbox 166 3447 191 3505; x_wconf 86' lang='lat' dir='ltr'>si</span> <span class='ocrx_word' id='word_1_330' title='bbox 207 3464 281 3526; x_wconf 90' lang='lat' dir='ltr'>aqua</span> <span class='ocrx_word' id='word_1_331' title='bbox 296 3450 461 3525; x_wconf 80' lang='lat' dir='ltr'>intraverit,</span> <span class='ocrx_word' id='word_1_332' title='bbox 480 3446 564 3523; x_wconf 86' lang='lat' dir='ltr'>adips</span> <span class='ocrx_word' id='word_1_333' title='bbox 577 3447 727 3507; x_wconf 87' lang='lat' dir='ltr'>anserinus</span> <span class='ocrx_word' id='word_1_334' title='bbox 742 3464 805 3507; x_wconf 86' lang='lat' dir='ltr'>cum</span> <span class='ocrx_word' id='word_1_335' title='bbox 820 3464 913 3526; x_wconf 84' lang='lat' dir='ltr'>cepae</span> <span class='ocrx_word' id='word_1_336' title='bbox 929 3460 1011 3509; x_wconf 90' lang='lat' dir='ltr'>succ.</span> <span class='ocrx_word' id='word_1_337' title='bbox 1048 3445 1138 3509; x_wconf 78' lang='lat' dir='ltr'>(llinis</span> 
     </span>
    </p>
   </div>
   <div class='ocr_carea' id='block_1_6' title="bbox 0 0 1246 3817">
    <p class='ocr_par' dir='ltr' id='par_1_10' title="bbox 0 0 1246 3817">
     <span class='ocr_line' id='line_1_40' title="bbox 0 0 1246 3817; baseline 0 3"><span class='ocrx_word' id='word_1_338' title='bbox 0 0 1246 3817; x_wconf 95' lang='lat' dir='ltr'> </span> 
     </span>
    </p>
   </div>
  </div>
 </body>
</html>
