2484 3817
317 180 396 227 nur.
412 177 503 225 mss.
521 177 628 224 xxxv.
645 175 686 228 11.
705 161 779 246 (40.)
817 135 822 146 ¹
1003 161 1044 222 93
1116 195 1118 199 -

49 343 124 392 trato
147 341 178 393 et
197 332 378 393 muliebriter
397 324 616 409 ihgemesceute
636 331 713 390 inter
728 330 898 407 opstetricia
916 326 1044 405 dearum,
1149 389 1156 403 ,

50 415 142 476 Cleon
166 415 289 494 Cadmo,
313 414 495 476 Ctesidemus
512 412 669 474 Oechaliae
687 409 921 491 expugnationis,
936 411 1044 472 Laoda-

48 502 120 576 mia,
134 498 277 560 Ctesicles
291 501 412 577 reginae
425 498 604 557 Stratonices
615 496 728 555 iniuria.
755 495 833 555 nullo
846 497 921 554 euim
932 495 1044 556 honore

50 593 192 662 exceptus
207 584 243 643 ab
266 602 301 644 ea
321 585 415 663 pinxit
432 581 608 640 volutantem
624 597 687 637 curn
701 581 849 657 piscatore
865 595 950 655 quem
968 582 1043 656 regi·

27 685 112 726 snam
138 685 232 728 amare
260 684 357 727 sermo
383 672 464 740 erat,
492 681 613 741 eamque
639 661 763 722 tabulam
781 665 911 740 inportu
935 660 1045 739 Ephesi

49 753 204 829 proposuit
226 752 291 830 ipse
314 750 388 811 ralis
410 742 523 825 raptus.
567 747 669 823 regina
695 745 758 805 tolli
779 747 872 806 vetuit
894 746 1045 822 utriusque

49 834 236 894 similitudine
257 836 330 894 mire
353 848 504 911 expressa.
549 828 684 891 Cratinus
700 830 857 890 comoedus
872 826 996 887 Athenis
1017 831 1046 888 in

48 917 189 997 Pompeio
206 919 310 995 pinxit.
342 917 406 996 [34]
418 912 587 990 Eutychidis
605 911 702 990 bigam
717 914 794 992 regit
806 911 945 971 Victoria.
968 911 1087 977 Eu-141

48 1001 138 1061 dorus
154 1018 260 1060 scaena
277 1008 443 1077 spectatur,
464 1033 507 1044 -
523 997 598 1057 idem
614 1005 645 1058 et
663 1013 702 1056 ex
716 1014 784 1057 aere
800 997 883 1073 signa
898 995 969 1056 iecit
989 1030 1046 1073 -,

13 1104 38 1145 1o
51 1086 115 1164 [35]
132 1083 244 1161 llippys
263 1081 400 1162 Neptuno
423 1091 453 1142 et
473 1082 614 1142 Victoria.
652 1078 770 1140 Habron
791 1076 907 1140 amicam
926 1087 956 1139 et
972 1077 1047 1138 Con·

48 1167 175 1227 cordiam
193 1167 285 1244 pinxit
306 1175 337 1228 et
358 1165 477 1226 deornm
496 1164 663 1241 simulacra,
680 1162 851 1223 Leontiscus
864 1162 984 1222 Aratum
1004 1165 1047 1222 vi-

48 1259 160 1311 ctorem
182 1268 244 1309 cum
261 1258 399 1329 tropaeo,
421 1249 586 1328 psaltriam,
609 1247 691 1308 Leon
707 1245 842 1325 Sappho,
873 1247 938 1326 [36]
956 1245 1047 1308 Near-

42 1334 119 1394 ehus
135 1333 283 1394 Venerem
301 1336 378 1394 inter
394 1331 506 1393 Gratias
523 1341 554 1393 et
568 1331 744 1410 Cupidines,
760 1328 915 1391 Herculem
934 1332 1047 1390 tristem

49 1419 178 1477 insaniae
189 1419 379 1497 poenitentia.
391 1416 518 1477 Nealces
526 1416 685 1492 Venerem,
693 1417 864 1490 ingeniosus
877 1423 906 1474 et
919 1414 1025 1475 sollers
1039 1427 1089 1480 142

14 1525 39 1564 ιε
50 1503 79 1560 in
93 1510 173 1577 arte,
189 1500 347 1579 siquidem,
365 1518 428 1560 cum
446 1500 592 1579 proelium
609 1500 711 1558 navale
727 1497 881 1556 Persarum
903 1505 933 1556 et
947 1498 1047 1576 Aegy·

50 1585 175 1663 ptiorum
188 1586 349 1662 pinxisset,
364 1583 442 1663 quod
458 1586 487 1643 iu
501 1582 587 1659 Nilo,
603 1583 685 1642 cuius
702 1588 749 1641 est
759 1573 831 1659 a'qua
846 1583 916 1640 mari
934 1582 1046 1659 similis,

49 1670 153 1729 laetum
177 1668 297 1728 volebat
322 1667 475 1742 intellegi,
502 1673 672 1742 argumento
698 1660 855 1742 declaravit
883 1665 959 1742 quod
982 1675 1046 1726 arte

49 1770 108 1811 non
123 1759 248 1830 poterat.
285 1749 406 1809 asellum
424 1751 500 1808 enim
516 1749 664 1808 bibentem
679 1749 708 1808 in
724 1747 812 1808 litore
829 1749 922 1826 pinxit
938 1757 968 1808 et
983 1767 1046 1809 cro-

50 1835 174 1895 codilum
190 1833 373 1893 insidiantem
383 1835 424 1906 ¹ei.
460 1830 524 1910 [37]
539 1829 646 1892 Oenias
662 1833 858 1909 syngenicon,
882 1830 946 1910 [38]
962 1831 1026 1891 Phi·
1039 1845 1091 1900 143

14 1918 140 1980 soliscus
168 1917 311 1976 cilicinam
332 1916 453 1994 pictoris
474 1917 571 1992 ignem
600 1915 743 1976 condente
764 1931 874 1993 puero,
892 1915 1047 1977 Phalerion

51 2000 193 2076 Scyllam,
219 2000 282 2078 [39]
300 1998 462 2059 Simonides
479 1997 693 2076 Agatharchum
709 2007 739 2059 et
755 1997 979 2075 Mnemosynen,
1004 2000 1047 2060 Si·

50 2103 113 2143 mns
136 2085 270 2143 iuvenem
291 2084 540 2160 requiescentem,
562 2082 707 2142 cilicinam
721 2081 1046 2162 lullonis'quinquatrus

51 2168 262 2243 celebrantem,
276 2167 410 2244 idemque
420 2165 567 2228 Nemesim
580 2168 746 2244 egregiam,
764 2167 827 2246 [40]
845 2165 977 2227 Theorus
991 2187 1024 2228 sc
1040 2178 1090 2232 144

52 2254 270 2328 inunguentem,
286 2251 363 2311 idem
377 2250 413 2310 ab
427 2249 533 2310 Oreste
550 2259 670 2310 matrem
686 2259 717 2310 et
726 2249 898 2326 Aegisthum
909 2252 1046 2328 interlioi,

14 2356 41 2396 ss
52 2333 216 2412 bellumque
234 2333 350 2395 lliacum
366 2333 496 2413 pluribus
513 2333 636 2410 tabulis,
654 2333 731 2411 quod
746 2342 792 2393 est
808 2332 918 2394 Romae
939 2337 968 2394 in
982 2335 1046 2395 Phi·

52 2419 124 2495 lippi
137 2418 309 2495 portieibus.
326 2426 358 2479 et
373 2416 573 2491 Cassandram,
592 2426 729 2496 quaeest
747 2419 776 2476 in
793 2415 975 2478 Concordiae
997 2419 1047 2479 de·
1086 2423 1091 2428 '

53 2501 155 2576 lubro,
182 2499 333 2561 Leontium
358 2501 476 2580 Epicuri
501 2495 694 2577 cogitantem,
729 2501 907 2560 Demetrium
935 2519 1044 2578 regem.

53 2583 156 2644 Theon
170 2582 284 2643 Orestis
302 2587 457 2662 insaniam,
479 2583 638 2660 Thamyran
652 2584 865 2659 citharoedum,
891 2583 1044 2645 Tauriscus
1111 2605 1126 2630 .-

53 2666 249 2743 discobolum,
271 2665 544 2745 Clytaemnestram,
568 2667 728 2745 Paniscon,
748 2668 907 2744 Polynicen
924 2686 1045 2747 regnum

17 2776 45 2818 so
54 2759 254 2828 repetentem,
273 2759 303 2810 et
322 2748 463 2829 Capanea.
494 2752 558 2831 [41]
573 2750 640 2811 Non
659 2749 1087 2816 omitteturinterhosin·145

54 2835 137 2911 signe
155 2833 325 2911 exemplum.
361 2851 481 2912 namque
495 2833 642 2912 Erigonus
661 2837 748 2894 tritor
770 2831 898 2893 colorum
918 2833 1045 2896 Nealcae

53 2918 174 2996 pictoris
195 2920 225 2976 in
241 2924 348 2976 tantum
361 2919 425 2995 ipse
440 2920 565 2995 proiecit
585 2926 616 2977 ut
631 2918 777 2979 celebrem
792 2918 877 2976 etiam
892 2916 1046 2996 dicipulum

53 3001 206 3079 reliquerit
219 3000 339 3076 Pasian,
353 3001 470 3061 fratrem
482 3001 646 3079 Aeginetae
662 3002 782 3061 lictoris.
812 2999 881 3060 illud
892 3019 965 3061 vero
977 3021 1043 3081 per·
1148 2991 1153 3014 '

55 3102 138 3164 quam
152 3101 247 3144 rarum
264 3102 299 3143 ao
312 3085 449 3143 memoria
463 3084 577 3160 dignum
592 3095 639 3145 est
654 3100 787 3162 suprema
802 3100 892 3160 opera
906 3087 1045 3146 artilioum

18 3189 44 3230 as
57 3168 292 3247 inperfectasque
310 3166 437 3242 tabulas,
456 3168 529 3226 sicut
547 3167 614 3228 lrim
630 3166 784 3241 Aristidis,
804 3165 979 3243 Tyndaridas
989 3169 1044 3229 lli·

54 3250 199 3327 comacbi,
230 3250 352 3310 lledian
378 3249 550 3310 Timomachi
581 3260 612 3310 et
642 3268 725 3330 quam
750 3249 871 3309 diximus
894 3250 1041 3314 Venerem
1053 3277 1076 3310 aa
1147 3295 1151 3303 ,

54 3333 187 3413 Apellis,
209 3337 239 3395 in
254 3337 362 3396 maiore
379 3333 567 3394 admiratione
586 3353 654 3396 esse
670 3351 752 3412 quam
768 3335 914 3412 perlecta,
935 3340 1042 3417 quippe

53 3422 84 3480 in
113 3420 149 3478 iis
177 3417 341 3481 liniamenta
368 3418 481 3499 reliqua
509 3417 649 3498 ipsaeque
681 3420 874 3496 cogitationes
903 3421 1043 3484 artificum
1115 3489 1117 3494 ,
