<?xml version="1.0" encoding="UTF-8"?>
<!DOCTYPE html PUBLIC "-//W3C//DTD XHTML 1.0 Transitional//EN"
    "http://www.w3.org/TR/xhtml1/DTD/xhtml1-transitional.dtd">
<html xmlns="http://www.w3.org/1999/xhtml" xml:lang="en" lang="en">
 <head>
  <title>
</title>
<meta http-equiv="Content-Type" content="text/html;charset=utf-8" />
  <meta name='ocr-system' content='tesseract 3.04.00' />
  <meta name='ocr-capabilities' content='ocr_page ocr_carea ocr_par ocr_line ocrx_word'/>
</head>
<body>
  <div class='ocr_page' id='page_1' title='image "./cplinisecundina24plingoog_0378.png"; bbox 0 0 2484 3817; ppageno 0'>
   <div class='ocr_carea' id='block_1_1' title="bbox 160 194 818 257">
    <p class='ocr_par' dir='ltr' id='par_1_1' title="bbox 160 194 818 257">
     <span class='ocr_line' id='line_1_1' title="bbox 160 194 818 257; baseline -0.005 0"><span class='ocrx_word' id='word_1_1' title='bbox 160 194 222 257; x_wconf 81' lang='lat'>306</span> <span class='ocrx_word' id='word_1_2' title='bbox 512 208 542 255; x_wconf 86' lang='lat' dir='ltr'>c.</span> <span class='ocrx_word' id='word_1_3' title='bbox 559 207 818 256; x_wconf 79' lang='lat' dir='ltr'>unrursecuuur</span> 
     </span>
    </p>
   </div>
   <div class='ocr_carea' id='block_1_2' title="bbox 118 359 1181 772">
    <p class='ocr_par' dir='ltr' id='par_1_2' title="bbox 160 359 1154 605">
     <span class='ocr_line' id='line_1_2' title="bbox 160 359 1153 442; baseline 0 -20"><span class='ocrx_word' id='word_1_4' title='bbox 160 359 274 422; x_wconf 82' lang='lat' dir='ltr'>testudo</span> <span class='ocrx_word' id='word_1_5' title='bbox 288 360 396 421; x_wconf 88' lang='lat' dir='ltr'>decisis</span> <span class='ocrx_word' id='word_1_6' title='bbox 410 359 541 440; x_wconf 86' lang='lat' dir='ltr'>pedibus,</span> <span class='ocrx_word' id='word_1_7' title='bbox 560 362 666 437; x_wconf 86' lang='lat' dir='ltr'>capite,</span> <span class='ocrx_word' id='word_1_8' title='bbox 683 361 783 435; x_wconf 76' lang='lat' dir='ltr'>cunda,</span> <span class='ocrx_word' id='word_1_9' title='bbox 798 369 827 420; x_wconf 90' lang='lat' dir='ltr'>et</span> <span class='ocrx_word' id='word_1_10' title='bbox 840 361 982 420; x_wconf 72' lang='lat' dir='ltr'>intestinis</span> <span class='ocrx_word' id='word_1_11' title='bbox 999 365 1153 442; x_wconf 80' lang='lat' dir='ltr'>exemptis,</span> 
     </span>
     <span class='ocr_line' id='line_1_3' title="bbox 160 442 1154 522; baseline 0 -18"><span class='ocrx_word' id='word_1_12' title='bbox 160 445 272 522; x_wconf 86' lang='lat' dir='ltr'>reliqna</span> <span class='ocrx_word' id='word_1_13' title='bbox 282 463 367 504; x_wconf 88' lang='lat' dir='ltr'>carne</span> <span class='ocrx_word' id='word_1_14' title='bbox 379 446 417 504; x_wconf 89' lang='lat' dir='ltr'>ita</span> <span class='ocrx_word' id='word_1_15' title='bbox 429 443 541 504; x_wconf 87' lang='lat' dir='ltr'>condita</span> <span class='ocrx_word' id='word_1_16' title='bbox 553 453 583 503; x_wconf 90' lang='lat' dir='ltr'>ut</span> <span class='ocrx_word' id='word_1_17' title='bbox 598 445 670 504; x_wconf 85' lang='lat' dir='ltr'>citra</span> <span class='ocrx_word' id='word_1_18' title='bbox 684 442 827 504; x_wconf 80' lang='lat' dir='ltr'>foetidiora</span> <span class='ocrx_word' id='word_1_19' title='bbox 837 446 909 504; x_wconf 86' lang='lat' dir='ltr'>sunni</span> <span class='ocrx_word' id='word_1_20' title='bbox 922 445 1025 522; x_wconf 88' lang='lat' dir='ltr'>possit.</span> <span class='ocrx_word' id='word_1_21' title='bbox 1048 444 1154 506; x_wconf 80' lang='lat' dir='ltr'>Cancri</span> 
     </span>
     <span class='ocr_line' id='line_1_4' title="bbox 160 527 1109 605; baseline 0 -17"><span class='ocrx_word' id='word_1_22' title='bbox 160 527 313 588; x_wconf 75' lang='lat' dir='ltr'>fluviatiles</span> <span class='ocrx_word' id='word_1_23' title='bbox 331 546 369 586; x_wconf 90' lang='lat' dir='ltr'>ex</span> <span class='ocrx_word' id='word_1_24' title='bbox 385 529 446 588; x_wconf 90' lang='lat' dir='ltr'>iure</span> <span class='ocrx_word' id='word_1_25' title='bbox 462 529 565 604; x_wconf 88' lang='lat' dir='ltr'>sumpti</span> <span class='ocrx_word' id='word_1_26' title='bbox 581 536 610 586; x_wconf 87' lang='lat' dir='ltr'>et</span> <span class='ocrx_word' id='word_1_27' title='bbox 626 527 777 605; x_wconf 73' lang='lat' dir='ltr'>phthisicis</span> <span class='ocrx_word' id='word_1_28' title='bbox 792 527 935 605; x_wconf 75' lang='lat' dir='ltr'>prodesse</span> <span class='ocrx_word' id='word_1_29' title='bbox 951 529 1109 589; x_wconf 84' lang='lat' dir='ltr'>traduntur.</span> 
     </span>
    </p>

    <p class='ocr_par' dir='ltr' id='par_1_3' title="bbox 118 610 1181 772">
     <span class='ocr_line' id='line_1_5' title="bbox 118 610 1154 689; baseline -0.005 -13"><span class='ocrx_word' id='word_1_30' title='bbox 118 623 169 676; x_wconf 83' lang='lat'>119</span> <span class='ocrx_word' id='word_1_31' title='bbox 234 611 317 689; x_wconf 82' lang='lat' dir='ltr'>(to.)</span> <span class='ocrx_word' id='word_1_32' title='bbox 337 610 448 670; x_wconf 81' lang='lat' dir='ltr'>Adusta</span> <span class='ocrx_word' id='word_1_33' title='bbox 462 621 596 670; x_wconf 84' lang='lat' dir='ltr'>sanantur</span> <span class='ocrx_word' id='word_1_34' title='bbox 611 613 708 670; x_wconf 83' lang='lat' dir='ltr'>cancri</span> <span class='ocrx_word' id='word_1_35' title='bbox 722 613 821 670; x_wconf 78' lang='grc' dir='ltr'>ιιιιιιίιιί</span> <span class='ocrx_word' id='word_1_36' title='bbox 835 611 882 670; x_wconf 85' lang='lat' dir='ltr'>vei</span> <span class='ocrx_word' id='word_1_37' title='bbox 893 611 1038 671; x_wconf 76' lang='lat' dir='ltr'>fluviatilis</span> <span class='ocrx_word' id='word_1_38' title='bbox 1054 615 1154 672; x_wconf 86' lang='lat' dir='ltr'>cinere</span> 
     </span>
     <span class='ocr_line' id='line_1_6' title="bbox 160 693 1181 772; baseline -0.001 -18"><span class='ocrx_word' id='word_1_39' title='bbox 160 713 198 754; x_wconf 87' lang='lat' dir='ltr'>ex</span> <span class='ocrx_word' id='word_1_40' title='bbox 216 694 301 770; x_wconf 89' lang='lat' dir='ltr'>oleo,</span> <span class='ocrx_word' id='word_1_41' title='bbox 328 693 524 769; x_wconf 74' lang='lat' dir='ltr'>ichthyocolla</span> <span class='ocrx_word' id='word_1_42' title='bbox 549 712 583 754; x_wconf 88' lang='lat' dir='ltr'>uc</span> <span class='ocrx_word' id='word_1_43' title='bbox 605 711 737 753; x_wconf 83' lang='lat' dir='ltr'>ranarum</span> <span class='ocrx_word' id='word_1_44' title='bbox 759 695 856 753; x_wconf 87' lang='lat' dir='ltr'>ninere</span> <span class='ocrx_word' id='word_1_45' title='bbox 878 713 915 753; x_wconf 84' lang='lat' dir='ltr'>ea</span> <span class='ocrx_word' id='word_1_46' title='bbox 934 712 1008 772; x_wconf 85' lang='lat' dir='ltr'>quae</span> <span class='ocrx_word' id='word_1_47' title='bbox 1027 695 1181 756; x_wconf 80' lang='lat' dir='ltr'>terrentis</span> 
     </span>
    </p>
   </div>
   <div class='ocr_carea' id='block_1_3' title="bbox 25 777 1153 858">
    <p class='ocr_par' dir='ltr' id='par_1_4' title="bbox 25 777 1153 858">
     <span class='ocr_line' id='line_1_7' title="bbox 25 777 1153 858; baseline 0 -20"><span class='ocrx_word' id='word_1_48' title='bbox 25 833 28 858; x_wconf 45' lang='grc' dir='ltr'>ι</span> <span class='ocrx_word' id='word_1_49' title='bbox 160 796 233 857; x_wconf 86' lang='lat' dir='ltr'>uque</span> <span class='ocrx_word' id='word_1_50' title='bbox 250 777 398 838; x_wconf 85' lang='lat' dir='ltr'>combusta</span> <span class='ocrx_word' id='word_1_51' title='bbox 416 779 480 838; x_wconf 89' lang='lat' dir='ltr'>siut.</span> <span class='ocrx_word' id='word_1_52' title='bbox 507 777 580 836; x_wconf 84' lang='lat' dir='ltr'>haec</span> <span class='ocrx_word' id='word_1_53' title='bbox 599 779 710 838; x_wconf 88' lang='lat' dir='ltr'>curatio</span> <span class='ocrx_word' id='word_1_54' title='bbox 735 779 820 836; x_wconf 88' lang='lat' dir='ltr'>etiarn</span> <span class='ocrx_word' id='word_1_55' title='bbox 841 777 918 855; x_wconf 86' lang='lat' dir='ltr'>pilos</span> <span class='ocrx_word' id='word_1_56' title='bbox 939 779 1065 838; x_wconf 82' lang='lat' dir='ltr'>restituit</span> <span class='ocrx_word' id='word_1_57' title='bbox 1087 797 1153 838; x_wconf 80' lang='lat' dir='ltr'>cunr</span> 
     </span>
    </p>
   </div>
   <div class='ocr_carea' id='block_1_4' title="bbox 90 859 1189 3518">
    <p class='ocr_par' dir='ltr' id='par_1_5' title="bbox 160 859 1154 936">
     <span class='ocr_line' id='line_1_8' title="bbox 160 859 1154 936; baseline -0.001 -15"><span class='ocrx_word' id='word_1_58' title='bbox 160 879 330 921; x_wconf 83' lang='lat' dir='ltr'>cancrorum</span> <span class='ocrx_word' id='word_1_59' title='bbox 358 859 533 921; x_wconf 85' lang='lat' dir='ltr'>fluviatilium</span> <span class='ocrx_word' id='word_1_60' title='bbox 560 861 675 933; x_wconf 89' lang='lat' dir='ltr'>cinere,</span> <span class='ocrx_word' id='word_1_61' title='bbox 708 869 807 936; x_wconf 89' lang='lat' dir='ltr'>putnnt</span> <span class='ocrx_word' id='word_1_62' title='bbox 832 860 964 920; x_wconf 88' lang='lat' dir='ltr'>utendum</span> <span class='ocrx_word' id='word_1_63' title='bbox 993 878 1057 920; x_wconf 86' lang='lat' dir='ltr'>curn</span> <span class='ocrx_word' id='word_1_64' title='bbox 1084 879 1154 921; x_wconf 86' lang='lat' dir='ltr'>cern</span> 
     </span>
    </p>

    <p class='ocr_par' dir='ltr' id='par_1_6' title="bbox 160 941 1153 1024">
     <span class='ocr_line' id='line_1_9' title="bbox 160 941 1153 1024; baseline -0.002 -20"><span class='ocrx_word' id='word_1_65' title='bbox 160 954 189 1004; x_wconf 89' lang='lat' dir='ltr'>et</span> <span class='ocrx_word' id='word_1_66' title='bbox 209 945 296 1024; x_wconf 87' lang='lat' dir='ltr'>adipe</span> <span class='ocrx_word' id='word_1_67' title='bbox 313 945 422 1007; x_wconf 86' lang='lat' dir='ltr'>ursino.</span> <span class='ocrx_word' id='word_1_68' title='bbox 459 941 578 1021; x_wconf 91' lang='lat' dir='ltr'>prodest</span> <span class='ocrx_word' id='word_1_69' title='bbox 594 951 625 1002; x_wconf 91' lang='lat' dir='ltr'>et</span> <span class='ocrx_word' id='word_1_70' title='bbox 645 945 809 1003; x_wconf 86' lang='lat' dir='ltr'>iibrinarunr</span> <span class='ocrx_word' id='word_1_71' title='bbox 826 943 941 1022; x_wconf 86' lang='lat' dir='ltr'>pellium</span> <span class='ocrx_word' id='word_1_72' title='bbox 961 945 1043 1003; x_wconf 89' lang='lat' dir='ltr'>cinis.</span> <span class='ocrx_word' id='word_1_73' title='bbox 1072 944 1153 1020; x_wconf 79' lang='lat' dir='ltr'>Ignis</span> 
     </span>
    </p>

    <p class='ocr_par' dir='ltr' id='par_1_7' title="bbox 93 1027 1189 1502">
     <span class='ocr_line' id='line_1_10' title="bbox 93 1027 1150 1106; baseline -0.002 -18"><span class='ocrx_word' id='word_1_74' title='bbox 93 1087 98 1096; x_wconf 85' lang='grc'>,</span> <span class='ocrx_word' id='word_1_75' title='bbox 160 1045 261 1088; x_wconf 88' lang='lat' dir='ltr'>sacros</span> <span class='ocrx_word' id='word_1_76' title='bbox 276 1029 576 1102; x_wconf 77' lang='lat' dir='ltr'>restinguntranunnm</span> <span class='ocrx_word' id='word_1_77' title='bbox 586 1028 741 1086; x_wconf 80' lang='lat' dir='ltr'>viventium</span> <span class='ocrx_word' id='word_1_78' title='bbox 755 1035 872 1087; x_wconf 76' lang='lat' dir='ltr'>ventres</span> <span class='ocrx_word' id='word_1_79' title='bbox 883 1027 1011 1106; x_wconf 79' lang='lat' dir='ltr'>inpositi,</span> <span class='ocrx_word' id='word_1_80' title='bbox 1027 1027 1150 1106; x_wconf 88' lang='lat' dir='ltr'>pedibus</span> 
     </span>
     <span class='ocr_line' id='line_1_11' title="bbox 160 1109 1189 1190; baseline -0.002 -20"><span class='ocrx_word' id='word_1_81' title='bbox 160 1110 370 1190; x_wconf 83' lang='lat' dir='ltr'>posterioribus</span> <span class='ocrx_word' id='word_1_82' title='bbox 395 1126 503 1187; x_wconf 86' lang='lat' dir='ltr'>pronas</span> <span class='ocrx_word' id='word_1_83' title='bbox 520 1109 671 1186; x_wconf 80' lang='lat' dir='ltr'>adalligari</span> <span class='ocrx_word' id='word_1_84' title='bbox 691 1110 789 1170; x_wconf 89' lang='lat' dir='ltr'>iubent</span> <span class='ocrx_word' id='word_1_85' title='bbox 809 1119 839 1169; x_wconf 93' lang='lat' dir='ltr'>ut</span> <span class='ocrx_word' id='word_1_86' title='bbox 854 1109 1006 1171; x_wconf 76' lang='lat' dir='ltr'>crebriore</span> <span class='ocrx_word' id='word_1_87' title='bbox 1025 1110 1152 1170; x_wconf 88' lang='lat' dir='ltr'>anhelitu</span> <span class='ocrx_word' id='word_1_88' title='bbox 1166 1128 1189 1168; x_wconf 86' lang='grc' dir='ltr'>ιι</span> 
     </span>
     <span class='ocr_line' id='line_1_12' title="bbox 160 1180 1153 1272; baseline -0.001 -18"><span class='ocrx_word' id='word_1_89' title='bbox 160 1196 281 1272; x_wconf 71' lang='lat' dir='ltr'>prosint.⁸</span> <span class='ocrx_word' id='word_1_90' title='bbox 321 1201 435 1252; x_wconf 89' lang='lat' dir='ltr'>utuntur</span> <span class='ocrx_word' id='word_1_91' title='bbox 462 1201 491 1252; x_wconf 94' lang='lat' dir='ltr'>et</span> <span class='ocrx_word' id='word_1_92' title='bbox 520 1193 673 1252; x_wconf 80' lang='lat' dir='ltr'>silurorum</span> <span class='ocrx_word' id='word_1_93' title='bbox 704 1180 868 1254; x_wconf 84' lang='lat' dir='ltr'>salsa&#39;rnenti</span> <span class='ocrx_word' id='word_1_94' title='bbox 898 1195 1022 1272; x_wconf 86' lang='lat' dir='ltr'>capitum</span> <span class='ocrx_word' id='word_1_95' title='bbox 1054 1195 1153 1254; x_wconf 88' lang='lat' dir='ltr'>cinere</span> 
     </span>
     <span class='ocr_line' id='line_1_13' title="bbox 160 1275 1154 1354; baseline -0.001 -17"><span class='ocrx_word' id='word_1_96' title='bbox 160 1295 198 1337; x_wconf 88' lang='lat' dir='ltr'>ex</span> <span class='ocrx_word' id='word_1_97' title='bbox 218 1285 312 1336; x_wconf 88' lang='lat' dir='ltr'>aceto.</span> <span class='ocrx_word' id='word_1_98' title='bbox 345 1275 485 1337; x_wconf 88' lang='lat' dir='ltr'>Pruritnm</span> <span class='ocrx_word' id='word_1_99' title='bbox 504 1275 690 1354; x_wconf 83' lang='lat' dir='ltr'>scabiemque</span> <span class='ocrx_word' id='word_1_100' title='bbox 709 1293 767 1336; x_wconf 94' lang='lat' dir='ltr'>non</span> <span class='ocrx_word' id='word_1_101' title='bbox 784 1277 925 1337; x_wconf 85' lang='lat' dir='ltr'>hominum</span> <span class='ocrx_word' id='word_1_102' title='bbox 944 1277 1031 1338; x_wconf 80' lang='lat' dir='ltr'>niodo</span> <span class='ocrx_word' id='word_1_103' title='bbox 1054 1278 1154 1338; x_wconf 87' lang='lat' dir='ltr'>sedet</span> 
     </span>
     <span class='ocr_line' id='line_1_14' title="bbox 161 1358 1153 1440; baseline 0.002 -21"><span class='ocrx_word' id='word_1_104' title='bbox 161 1358 364 1440; x_wconf 79' lang='lat' dir='ltr'>quadripedum</span> <span class='ocrx_word' id='word_1_105' title='bbox 386 1359 588 1420; x_wconf 82' lang='lat' dir='ltr'>efficacissime</span> <span class='ocrx_word' id='word_1_106' title='bbox 609 1359 694 1420; x_wconf 79' lang='lat' dir='ltr'>sedat</span> <span class='ocrx_word' id='word_1_107' title='bbox 714 1361 795 1420; x_wconf 89' lang='lat' dir='ltr'>iecur</span> <span class='ocrx_word' id='word_1_108' title='bbox 816 1363 982 1438; x_wconf 87' lang='lat' dir='ltr'>pastinacae</span> <span class='ocrx_word' id='word_1_109' title='bbox 1002 1360 1153 1421; x_wconf 86' lang='lat' dir='ltr'>decoctum</span> 
     </span>
     <span class='ocr_line' id='line_1_15' title="bbox 160 1443 282 1502; baseline -0.016 0"><span class='ocrx_word' id='word_1_110' title='bbox 160 1445 189 1502; x_wconf 91' lang='lat' dir='ltr'>in</span> <span class='ocrx_word' id='word_1_111' title='bbox 205 1443 282 1502; x_wconf 89' lang='lat' dir='ltr'>oleo.</span> 
     </span>
    </p>

    <p class='ocr_par' dir='ltr' id='par_1_8' title="bbox 119 1525 1188 1920">
     <span class='ocr_line' id='line_1_16' title="bbox 119 1525 1188 1606; baseline -0.007 -15"><span class='ocrx_word' id='word_1_112' title='bbox 119 1539 170 1592; x_wconf 79' lang='grc'>120</span> <span class='ocrx_word' id='word_1_113' title='bbox 227 1527 310 1605; x_wconf 82' lang='grc'><strong>(41.)</strong></span> <span class='ocrx_word' id='word_1_114' title='bbox 333 1525 447 1586; x_wconf 86' lang='lat' dir='ltr'>Nervos</span> <span class='ocrx_word' id='word_1_115' title='bbox 468 1525 517 1586; x_wconf 88' lang='lat' dir='ltr'>vel</span> <span class='ocrx_word' id='word_1_116' title='bbox 534 1527 687 1606; x_wconf 85' lang='lat' dir='ltr'>praecisos</span> <span class='ocrx_word' id='word_1_117' title='bbox 709 1544 898 1605; x_wconf 85' lang='lat' dir='ltr'>purpurarum</span> <span class='ocrx_word' id='word_1_118' title='bbox 919 1528 1023 1588; x_wconf 82' lang='lat' dir='ltr'>catium</span> <span class='ocrx_word' id='word_1_119' title='bbox 1039 1544 1097 1605; x_wconf 91' lang='lat' dir='ltr'>quo</span> <span class='ocrx_word' id='word_1_120' title='bbox 1119 1545 1151 1586; x_wconf 91' lang='lat' dir='ltr'>se</span> <span class='ocrx_word' id='word_1_121' title='bbox 1165 1545 1188 1585; x_wconf 80' lang='lat' dir='ltr'>ss</span> 
     </span>
     <span class='ocr_line' id='line_1_17' title="bbox 160 1608 1153 1688; baseline -0.001 -17"><span class='ocrx_word' id='word_1_122' title='bbox 160 1611 294 1688; x_wconf 89' lang='lat' dir='ltr'>operiunt</span> <span class='ocrx_word' id='word_1_123' title='bbox 311 1619 422 1671; x_wconf 89' lang='lat' dir='ltr'>tunsum</span> <span class='ocrx_word' id='word_1_124' title='bbox 443 1608 574 1686; x_wconf 76' lang='lat' dir='ltr'>glutinat.</span> <span class='ocrx_word' id='word_1_125' title='bbox 607 1610 750 1670; x_wconf 84' lang='lat' dir='ltr'>tetanicos</span> <span class='ocrx_word' id='word_1_126' title='bbox 770 1611 923 1687; x_wconf 77' lang='lat' dir='ltr'>nongoium</span> <span class='ocrx_word' id='word_1_127' title='bbox 939 1612 1019 1671; x_wconf 83' lang='lat' dir='ltr'>vituli</span> <span class='ocrx_word' id='word_1_128' title='bbox 1038 1611 1153 1670; x_wconf 84' lang='lat' dir='ltr'>adiuvat</span> 
     </span>
     <span class='ocr_line' id='line_1_18' title="bbox 160 1693 1151 1771; baseline 0 -18"><span class='ocrx_word' id='word_1_129' title='bbox 160 1711 198 1753; x_wconf 83' lang='lat' dir='ltr'>er</span> <span class='ocrx_word' id='word_1_130' title='bbox 215 1695 281 1753; x_wconf 87' lang='lat' dir='ltr'>vino</span> <span class='ocrx_word' id='word_1_131' title='bbox 296 1703 394 1771; x_wconf 87' lang='lat' dir='ltr'>potum</span> <span class='ocrx_word' id='word_1_132' title='bbox 407 1694 486 1753; x_wconf 85' lang='lat' dir='ltr'>oboli</span> <span class='ocrx_word' id='word_1_133' title='bbox 502 1693 643 1771; x_wconf 87' lang='lat' dir='ltr'>pondere,</span> <span class='ocrx_word' id='word_1_134' title='bbox 659 1696 728 1754; x_wconf 87' lang='lat' dir='ltr'>item</span> <span class='ocrx_word' id='word_1_135' title='bbox 738 1693 944 1768; x_wconf 75' lang='lat' dir='ltr'>ichthyocolla,</span> <span class='ocrx_word' id='word_1_136' title='bbox 956 1694 1093 1754; x_wconf 84' lang='lat' dir='ltr'>tremulos</span> <span class='ocrx_word' id='word_1_137' title='bbox 1104 1713 1151 1753; x_wconf 86' lang='lat' dir='ltr'>cs-</span> 
     </span>
     <span class='ocr_line' id='line_1_19' title="bbox 161 1776 1151 1855; baseline 0.001 -19"><span class='ocrx_word' id='word_1_138' title='bbox 161 1787 297 1853; x_wconf 84' lang='lat' dir='ltr'>stoream,</span> <span class='ocrx_word' id='word_1_139' title='bbox 313 1780 337 1836; x_wconf 86' lang='lat' dir='ltr'>si</span> <span class='ocrx_word' id='word_1_140' title='bbox 351 1797 389 1837; x_wconf 87' lang='lat' dir='ltr'>ex</span> <span class='ocrx_word' id='word_1_141' title='bbox 404 1777 472 1838; x_wconf 91' lang='lat' dir='ltr'>oleo</span> <span class='ocrx_word' id='word_1_142' title='bbox 486 1786 711 1855; x_wconf 76' lang='lat' dir='ltr'>perunguuntur.</span> <span class='ocrx_word' id='word_1_143' title='bbox 732 1776 837 1838; x_wconf 82' lang='lat' dir='ltr'>nuutios</span> <span class='ocrx_word' id='word_1_144' title='bbox 850 1779 879 1836; x_wconf 95' lang='lat' dir='ltr'>in</span> <span class='ocrx_word' id='word_1_145' title='bbox 892 1777 958 1837; x_wconf 92' lang='lat' dir='ltr'>cibo</span> <span class='ocrx_word' id='word_1_146' title='bbox 970 1777 1075 1838; x_wconf 86' lang='lat' dir='ltr'>inutilis</span> <span class='ocrx_word' id='word_1_147' title='bbox 1087 1795 1151 1837; x_wconf 85' lang='lat' dir='ltr'>ner-</span> 
     </span>
     <span class='ocr_line' id='line_1_20' title="bbox 160 1863 343 1920; baseline 0.005 -2"><span class='ocrx_word' id='word_1_148' title='bbox 160 1879 204 1920; x_wconf 78' lang='lat' dir='ltr'>vis</span> <span class='ocrx_word' id='word_1_149' title='bbox 220 1863 343 1920; x_wconf 78' lang='lat' dir='ltr'>invenio.</span> 
     </span>
    </p>

    <p class='ocr_par' dir='ltr' id='par_1_9' title="bbox 119 1943 1188 2022">
     <span class='ocr_line' id='line_1_21' title="bbox 119 1943 1188 2022; baseline 0 -20"><span class='ocrx_word' id='word_1_150' title='bbox 119 1956 168 2009; x_wconf 79' lang='grc'>121</span> <span class='ocrx_word' id='word_1_151' title='bbox 226 1943 309 2021; x_wconf 81' lang='lat'>(42.)</span> <span class='ocrx_word' id='word_1_152' title='bbox 333 1945 506 2020; x_wconf 71' lang='lat' dir='ltr'>Sanguinem</span> <span class='ocrx_word' id='word_1_153' title='bbox 518 1945 588 2003; x_wconf 79' lang='lat' dir='ltr'>dieri</span> <span class='ocrx_word' id='word_1_154' title='bbox 607 1945 727 2022; x_wconf 81' lang='lat' dir='ltr'>piscium</span> <span class='ocrx_word' id='word_1_155' title='bbox 745 1946 812 2006; x_wconf 93' lang='lat' dir='ltr'>cibo</span> <span class='ocrx_word' id='word_1_156' title='bbox 827 1952 942 2022; x_wconf 85' lang='lat' dir='ltr'>putant,</span> <span class='ocrx_word' id='word_1_157' title='bbox 964 1943 1025 2002; x_wconf 91' lang='lat' dir='ltr'>sisti</span> <span class='ocrx_word' id='word_1_158' title='bbox 1040 1943 1188 2021; x_wconf 77' lang='lat' dir='ltr'>polypoeo</span> 
     </span>
    </p>

    <p class='ocr_par' dir='ltr' id='par_1_10' title="bbox 90 2026 1152 2355">
     <span class='ocr_line' id='line_1_22' title="bbox 90 2026 1152 2105; baseline -0.001 -19"><span class='ocrx_word' id='word_1_159' title='bbox 90 2051 94 2059; x_wconf 88' lang='lat'><strong>·</strong></span> <span class='ocrx_word' id='word_1_160' title='bbox 160 2037 243 2086; x_wconf 90' lang='lat' dir='ltr'>tunso</span> <span class='ocrx_word' id='word_1_161' title='bbox 259 2027 420 2105; x_wconf 84' lang='lat' dir='ltr'>inlituque,</span> <span class='ocrx_word' id='word_1_162' title='bbox 430 2026 467 2086; x_wconf 91' lang='lat' dir='ltr'>de</span> <span class='ocrx_word' id='word_1_163' title='bbox 482 2043 538 2105; x_wconf 91' lang='lat' dir='ltr'>quo</span> <span class='ocrx_word' id='word_1_164' title='bbox 556 2035 584 2085; x_wconf 88' lang='lat' dir='ltr'>et</span> <span class='ocrx_word' id='word_1_165' title='bbox 599 2027 674 2086; x_wconf 81' lang='lat' dir='ltr'>haec</span> <span class='ocrx_word' id='word_1_166' title='bbox 688 2027 987 2092; x_wconf 79' lang='lat' dir='ltr'>tradunturz.mnrionr</span> <span class='ocrx_word' id='word_1_167' title='bbox 1007 2027 1098 2104; x_wconf 85' lang='lat' dir='ltr'>ipsum</span> <span class='ocrx_word' id='word_1_168' title='bbox 1113 2044 1152 2085; x_wconf 85' lang='lat' dir='ltr'>ex</span> 
     </span>
     <span class='ocr_line' id='line_1_23' title="bbox 161 2108 1151 2188; baseline -0.002 -20"><span class='ocrx_word' id='word_1_169' title='bbox 161 2127 229 2168; x_wconf 85' lang='lat' dir='ltr'>sese</span> <span class='ocrx_word' id='word_1_170' title='bbox 244 2111 376 2169; x_wconf 86' lang='lat' dir='ltr'>emittere</span> <span class='ocrx_word' id='word_1_171' title='bbox 397 2110 511 2180; x_wconf 82' lang='lat' dir='ltr'>etideo</span> <span class='ocrx_word' id='word_1_172' title='bbox 531 2127 589 2168; x_wconf 90' lang='lat' dir='ltr'>non</span> <span class='ocrx_word' id='word_1_173' title='bbox 607 2108 718 2169; x_wconf 88' lang='lat' dir='ltr'>debere</span> <span class='ocrx_word' id='word_1_174' title='bbox 738 2109 804 2171; x_wconf 84' lang='lat' dir='ltr'>addi</span> <span class='ocrx_word' id='word_1_175' title='bbox 822 2111 855 2170; x_wconf 77' lang='lat' dir='ltr'>&#39;in</span> <span class='ocrx_word' id='word_1_176' title='bbox 869 2108 1036 2188; x_wconf 87' lang='lat' dir='ltr'>coquendo,</span> <span class='ocrx_word' id='word_1_177' title='bbox 1057 2109 1151 2168; x_wconf 88' lang='lat' dir='ltr'>secari</span> 
     </span>
     <span class='ocr_line' id='line_1_24' title="bbox 161 2191 1151 2270; baseline -0.002 -18"><span class='ocrx_word' id='word_1_178' title='bbox 161 2193 328 2270; x_wconf 74' lang='lat' dir='ltr'>harundine,</span> <span class='ocrx_word' id='word_1_179' title='bbox 340 2193 420 2253; x_wconf 83' lang='lat' dir='ltr'>ierro</span> <span class='ocrx_word' id='word_1_180' title='bbox 435 2193 512 2253; x_wconf 81' lang='lat' dir='ltr'>inlici</span> <span class='ocrx_word' id='word_1_181' title='bbox 523 2193 677 2270; x_wconf 81' lang='lat' dir='ltr'>vitiumque</span> <span class='ocrx_word' id='word_1_182' title='bbox 692 2193 806 2254; x_wconf 81' lang='lat' dir='ltr'>trahere</span> <span class='ocrx_word' id='word_1_183' title='bbox 817 2202 916 2252; x_wconf 82' lang='lat' dir='ltr'>natura</span> <span class='ocrx_word' id='word_1_184' title='bbox 927 2192 1092 2254; x_wconf 86' lang='lat' dir='ltr'>dissidente.</span> <span class='ocrx_word' id='word_1_185' title='bbox 1114 2191 1151 2251; x_wconf 88' lang='lat' dir='ltr'>ad</span> 
     </span>
     <span class='ocr_line' id='line_1_25' title="bbox 162 2275 1150 2355; baseline -0.004 -17"><span class='ocrx_word' id='word_1_186' title='bbox 162 2277 327 2355; x_wconf 76' lang='lat' dir='ltr'>sanguinein</span> <span class='ocrx_word' id='word_1_187' title='bbox 344 2276 499 2336; x_wconf 86' lang='lat' dir='ltr'>sistendum</span> <span class='ocrx_word' id='word_1_188' title='bbox 513 2284 541 2335; x_wconf 91' lang='lat' dir='ltr'>et</span> <span class='ocrx_word' id='word_1_189' title='bbox 555 2293 686 2335; x_wconf 87' lang='lat' dir='ltr'>ranarurn</span> <span class='ocrx_word' id='word_1_190' title='bbox 700 2276 820 2337; x_wconf 83' lang='lat' dir='ltr'>inlinunt</span> <span class='ocrx_word' id='word_1_191' title='bbox 834 2277 959 2336; x_wconf 85' lang='lat' dir='ltr'>cincrenn</span> <span class='ocrx_word' id='word_1_192' title='bbox 972 2275 1019 2335; x_wconf 87' lang='lat' dir='ltr'>vel</span> <span class='ocrx_word' id='word_1_193' title='bbox 1036 2276 1150 2351; x_wconf 76' lang='lat' dir='ltr'>sanqui-</span> 
     </span>
    </p>

    <p class='ocr_par' dir='ltr' id='par_1_11' title="bbox 120 2358 1185 2770">
     <span class='ocr_line' id='line_1_26' title="bbox 120 2358 1185 2438; baseline -0.014 -11"><span class='ocrx_word' id='word_1_194' title='bbox 120 2373 171 2427; x_wconf 92' lang='grc'>122</span> <span class='ocrx_word' id='word_1_195' title='bbox 183 2379 248 2422; x_wconf 85' lang='lat' dir='ltr'>uem</span> <span class='ocrx_word' id='word_1_196' title='bbox 263 2362 429 2421; x_wconf 77' lang='lat' dir='ltr'>arefactum.</span> <span class='ocrx_word' id='word_1_197' title='bbox 457 2358 569 2438; x_wconf 86' lang='lat' dir='ltr'>qnidam</span> <span class='ocrx_word' id='word_1_198' title='bbox 583 2375 621 2418; x_wconf 83' lang='lat' dir='ltr'>ex</span> <span class='ocrx_word' id='word_1_199' title='bbox 642 2376 678 2418; x_wconf 83' lang='lat' dir='ltr'>es</span> <span class='ocrx_word' id='word_1_200' title='bbox 699 2369 769 2420; x_wconf 83' lang='lat' dir='ltr'>rana</span> <span class='ocrx_word' id='word_1_201' title='bbox 784 2377 868 2438; x_wconf 78' lang='lat' dir='ltr'>quoni</span> <span class='ocrx_word' id='word_1_202' title='bbox 881 2358 983 2419; x_wconf 82' lang='lat' dir='ltr'>Graeci</span> <span class='ocrx_word' id='word_1_203' title='bbox 1001 2358 1185 2418; x_wconf 77' lang='lat' dir='ltr'>calamitencs</span> 
     </span>
     <span class='ocr_line' id='line_1_27' title="bbox 148 2441 1151 2523; baseline -0.005 -18"><span class='ocrx_word' id='word_1_204' title='bbox 148 2453 282 2521; x_wconf 61' lang='lat' dir='ltr'>sonunt,</span> <span class='ocrx_word' id='word_1_205' title='bbox 301 2444 433 2523; x_wconf 88' lang='lat' dir='ltr'>qnoniam</span> <span class='ocrx_word' id='word_1_206' title='bbox 451 2445 525 2502; x_wconf 88' lang='lat' dir='ltr'>inter</span> <span class='ocrx_word' id='word_1_207' title='bbox 539 2441 712 2502; x_wconf 89' lang='lat' dir='ltr'>harundines</span> <span class='ocrx_word' id='word_1_208' title='bbox 725 2441 902 2520; x_wconf 76' lang='lat' dir='ltr'>fruticesque</span> <span class='ocrx_word' id='word_1_209' title='bbox 915 2443 1008 2517; x_wconf 63' lang='lat' dir='ltr'>uvat,</span> <span class='ocrx_word' id='word_1_210' title='bbox 1030 2442 1151 2500; x_wconf 86' lang='lat' dir='ltr'>minuma</span> 
     </span>
     <span class='ocr_line' id='line_1_28' title="bbox 163 2523 1151 2602; baseline -0.007 -14"><span class='ocrx_word' id='word_1_211' title='bbox 163 2531 286 2590; x_wconf 87' lang='lat' dir='ltr'>omniurn</span> <span class='ocrx_word' id='word_1_212' title='bbox 300 2537 329 2588; x_wconf 89' lang='lat' dir='ltr'>et</span> <span class='ocrx_word' id='word_1_213' title='bbox 343 2527 523 2600; x_wconf 86' lang='lat' dir='ltr'>viridissima,</span> <span class='ocrx_word' id='word_1_214' title='bbox 540 2526 707 2602; x_wconf 71' lang='lat' dir='ltr'>sanguinem</span> <span class='ocrx_word' id='word_1_215' title='bbox 722 2527 885 2584; x_wconf 77' lang='lat' dir='ltr'>cineremve</span> <span class='ocrx_word' id='word_1_216' title='bbox 899 2526 961 2586; x_wconf 82' lang='lat' dir='ltr'>heri</span> <span class='ocrx_word' id='word_1_217' title='bbox 977 2524 1084 2597; x_wconf 90' lang='lat' dir='ltr'>iubent,</span> <span class='ocrx_word' id='word_1_218' title='bbox 1100 2523 1151 2582; x_wconf 87' lang='lat' dir='ltr'>ali-</span> 
     </span>
     <span class='ocr_line' id='line_1_29' title="bbox 163 2604 1150 2690; baseline -0.008 -19"><span class='ocrx_word' id='word_1_219' title='bbox 163 2615 211 2690; x_wconf 87' lang='lat' dir='ltr'>qui</span> <span class='ocrx_word' id='word_1_220' title='bbox 226 2621 255 2671; x_wconf 89' lang='lat' dir='ltr'>et</span> <span class='ocrx_word' id='word_1_221' title='bbox 270 2611 446 2671; x_wconf 84' lang='lat' dir='ltr'>nescentium</span> <span class='ocrx_word' id='word_1_222' title='bbox 462 2625 592 2670; x_wconf 86' lang='lat' dir='ltr'>ranarum</span> <span class='ocrx_word' id='word_1_223' title='bbox 606 2610 635 2666; x_wconf 92' lang='lat' dir='ltr'>in</span> <span class='ocrx_word' id='word_1_224' title='bbox 650 2625 724 2685; x_wconf 80' lang='lat' dir='ltr'>sque</span> <span class='ocrx_word' id='word_1_225' title='bbox 736 2608 839 2686; x_wconf 89' lang='lat' dir='ltr'>quihus</span> <span class='ocrx_word' id='word_1_226' title='bbox 855 2607 947 2668; x_wconf 87' lang='lat' dir='ltr'>adhuc</span> <span class='ocrx_word' id='word_1_227' title='bbox 961 2604 1051 2666; x_wconf 83' lang='lat' dir='ltr'>canda</span> <span class='ocrx_word' id='word_1_228' title='bbox 1066 2607 1150 2667; x_wconf 89' lang='lat' dir='ltr'>estin</span> 
     </span>
     <span class='ocr_line' id='line_1_30' title="bbox 162 2689 1150 2770; baseline -0.008 -16"><span class='ocrx_word' id='word_1_229' title='bbox 162 2695 253 2754; x_wconf 85' lang='lat' dir='ltr'>culice</span> <span class='ocrx_word' id='word_1_230' title='bbox 268 2710 345 2753; x_wconf 87' lang='lat' dir='ltr'>novo</span> <span class='ocrx_word' id='word_1_231' title='bbox 362 2693 570 2753; x_wconf 83' lang='lat' dir='ltr'>combustorum</span> <span class='ocrx_word' id='word_1_232' title='bbox 585 2694 710 2750; x_wconf 85' lang='lat' dir='ltr'>cinerem</span> <span class='ocrx_word' id='word_1_233' title='bbox 716 2735 726 2768; x_wconf 89' lang='lat'>,</span> <span class='ocrx_word' id='word_1_234' title='bbox 747 2694 771 2749; x_wconf 90' lang='lat' dir='ltr'>si</span> <span class='ocrx_word' id='word_1_235' title='bbox 794 2709 846 2770; x_wconf 89' lang='lat' dir='ltr'>per</span> <span class='ocrx_word' id='word_1_236' title='bbox 862 2692 937 2750; x_wconf 89' lang='lat' dir='ltr'>naris</span> <span class='ocrx_word' id='word_1_237' title='bbox 958 2690 1042 2764; x_wconf 81' lang='lat' dir='ltr'>duat,</span> <span class='ocrx_word' id='word_1_238' title='bbox 1063 2689 1150 2748; x_wconf 87' lang='lat' dir='ltr'>inier-</span> 
     </span>
    </p>

    <p class='ocr_par' dir='ltr' id='par_1_12' title="bbox 122 2769 1187 3518">
     <span class='ocr_line' id='line_1_31' title="bbox 122 2769 1185 2852; baseline -0.013 -10"><span class='ocrx_word' id='word_1_239' title='bbox 122 2786 172 2842; x_wconf 80' lang='grc'>123</span> <span class='ocrx_word' id='word_1_240' title='bbox 182 2777 322 2838; x_wconf 88' lang='lat' dir='ltr'>ciendum.</span> <span class='ocrx_word' id='word_1_241' title='bbox 348 2776 488 2837; x_wconf 87' lang='lat' dir='ltr'>Diversus</span> <span class='ocrx_word' id='word_1_242' title='bbox 500 2775 675 2849; x_wconf 76' lang='lat' dir='ltr'>hirudinum,</span> <span class='ocrx_word' id='word_1_243' title='bbox 693 2792 764 2852; x_wconf 87' lang='lat' dir='ltr'>quas</span> <span class='ocrx_word' id='word_1_244' title='bbox 779 2777 969 2852; x_wconf 76' lang='lat' dir='ltr'>sanguisugas</span> <span class='ocrx_word' id='word_1_245' title='bbox 981 2781 1098 2847; x_wconf 82' lang='lat' dir='ltr'>vocant,</span> <span class='ocrx_word' id='word_1_246' title='bbox 1115 2769 1185 2830; x_wconf 75' lang='lat' dir='ltr'>stu</span> 
     </span>
     <span class='ocr_line' id='line_1_32' title="bbox 163 2855 1151 2936; baseline -0.004 -18"><span class='ocrx_word' id='word_1_247' title='bbox 163 2860 367 2920; x_wconf 86' lang='lat' dir='ltr'>extrahendum</span> <span class='ocrx_word' id='word_1_248' title='bbox 382 2859 548 2936; x_wconf 66' lang='lat' dir='ltr'>inguinem</span> <span class='ocrx_word' id='word_1_249' title='bbox 563 2877 631 2918; x_wconf 87' lang='lat' dir='ltr'>usus</span> <span class='ocrx_word' id='word_1_250' title='bbox 645 2867 699 2916; x_wconf 90' lang='lat' dir='ltr'>est.</span> <span class='ocrx_word' id='word_1_251' title='bbox 726 2857 835 2935; x_wconf 90' lang='lat' dir='ltr'>quippe</span> <span class='ocrx_word' id='word_1_252' title='bbox 849 2857 951 2918; x_wconf 80' lang='lat' dir='ltr'>eadem</span> <span class='ocrx_word' id='word_1_253' title='bbox 964 2855 1037 2916; x_wconf 92' lang='lat' dir='ltr'>rntio</span> <span class='ocrx_word' id='word_1_254' title='bbox 1053 2872 1151 2916; x_wconf 85' lang='lat' dir='ltr'>earum</span> 
     </span>
     <span class='ocr_line' id='line_1_33' title="bbox 164 2938 1150 3021; baseline -0.006 -19"><span class='ocrx_word' id='word_1_255' title='bbox 164 2959 237 3021; x_wconf 82' lang='lat' dir='ltr'>quae</span> <span class='ocrx_word' id='word_1_256' title='bbox 262 2942 471 3004; x_wconf 82' lang='lat' dir='ltr'>cucurbitarum</span> <span class='ocrx_word' id='word_1_257' title='bbox 490 2941 701 3002; x_wconf 85' lang='lat' dir='ltr'>medicinniiunr</span> <span class='ocrx_word' id='word_1_258' title='bbox 729 2939 765 3000; x_wconf 86' lang='lat' dir='ltr'>ed</span> <span class='ocrx_word' id='word_1_259' title='bbox 784 2957 911 3020; x_wconf 86' lang='lat' dir='ltr'>corporo</span> <span class='ocrx_word' id='word_1_260' title='bbox 937 2938 1056 3001; x_wconf 75' lang='lat' dir='ltr'>levanda</span> <span class='ocrx_word' id='word_1_261' title='bbox 1084 2955 1150 2996; x_wconf 86' lang='lat' dir='ltr'>sun·</span> 
     </span>
     <span class='ocr_line' id='line_1_34' title="bbox 162 3019 1151 3104; baseline -0.007 -18"><span class='ocrx_word' id='word_1_262' title='bbox 162 3029 260 3104; x_wconf 71' lang='lat' dir='ltr'>quine,</span> <span class='ocrx_word' id='word_1_263' title='bbox 277 3028 448 3103; x_wconf 86' lang='lat' dir='ltr'>spiramenta</span> <span class='ocrx_word' id='word_1_264' title='bbox 464 3023 585 3085; x_wconf 80' lang='lat' dir='ltr'>iuranda</span> <span class='ocrx_word' id='word_1_265' title='bbox 600 3022 755 3102; x_wconf 84' lang='lat' dir='ltr'>iudicatur,</span> <span class='ocrx_word' id='word_1_266' title='bbox 777 3024 829 3084; x_wconf 89' lang='lat' dir='ltr'>sed</span> <span class='ocrx_word' id='word_1_267' title='bbox 845 3027 941 3084; x_wconf 79' lang='lat' dir='ltr'>vitinus</span> <span class='ocrx_word' id='word_1_268' title='bbox 958 3020 1034 3100; x_wconf 89' lang='lat' dir='ltr'>qnod</span> <span class='ocrx_word' id='word_1_269' title='bbox 1048 3019 1151 3080; x_wconf 86' lang='lat' dir='ltr'>aduris·</span> 
     </span>
     <span class='ocr_line' id='line_1_35' title="bbox 163 3103 1151 3184; baseline -0.006 -15"><span class='ocrx_word' id='word_1_270' title='bbox 163 3128 214 3170; x_wconf 86' lang='lat' dir='ltr'>sae</span> <span class='ocrx_word' id='word_1_271' title='bbox 224 3110 313 3168; x_wconf 86' lang='lat' dir='ltr'>seruet</span> <span class='ocrx_word' id='word_1_272' title='bbox 323 3109 495 3170; x_wconf 86' lang='lat' dir='ltr'>desiderium</span> <span class='ocrx_word' id='word_1_273' title='bbox 503 3108 611 3168; x_wconf 84' lang='lat' dir='ltr'>iaciunt</span> <span class='ocrx_word' id='word_1_274' title='bbox 623 3107 700 3166; x_wconf 86' lang='lat' dir='ltr'>ciros</span> <span class='ocrx_word' id='word_1_275' title='bbox 712 3106 812 3166; x_wconf 83' lang='lat' dir='ltr'>eadem</span> <span class='ocrx_word' id='word_1_276' title='bbox 822 3115 952 3184; x_wconf 87' lang='lat' dir='ltr'>tenrporu</span> <span class='ocrx_word' id='word_1_277' title='bbox 961 3103 1027 3166; x_wconf 88' lang='lat' dir='ltr'>anui</span> <span class='ocrx_word' id='word_1_278' title='bbox 1035 3120 1151 3182; x_wconf 83' lang='lat' dir='ltr'>semper</span> 
     </span>
     <span class='ocr_line' id='line_1_36' title="bbox 163 3185 1187 3267; baseline -0.003 -17"><span class='ocrx_word' id='word_1_279' title='bbox 163 3193 292 3251; x_wconf 86' lang='lat' dir='ltr'>eiusdem</span> <span class='ocrx_word' id='word_1_280' title='bbox 307 3193 473 3254; x_wconf 82' lang='lat' dir='ltr'>medicinae.</span> <span class='ocrx_word' id='word_1_281' title='bbox 496 3190 575 3250; x_wconf 82' lang='lat' dir='ltr'>multi</span> <span class='ocrx_word' id='word_1_282' title='bbox 592 3189 730 3267; x_wconf 76' lang='lat' dir='ltr'>podagris</span> <span class='ocrx_word' id='word_1_283' title='bbox 745 3185 1066 3267; x_wconf 82' lang='lat' dir='ltr'>quoqneadrnittendas</span> <span class='ocrx_word' id='word_1_284' title='bbox 1081 3203 1187 3247; x_wconf 79' lang='lat' dir='ltr'>cen-au</span> 
     </span>
     <span class='ocr_line' id='line_1_37' title="bbox 164 3269 1151 3350; baseline -0.006 -16"><span class='ocrx_word' id='word_1_285' title='bbox 164 3292 259 3334; x_wconf 83' lang='lat' dir='ltr'>suere.</span> <span class='ocrx_word' id='word_1_286' title='bbox 283 3275 417 3336; x_wconf 91' lang='lat' dir='ltr'>decidunt</span> <span class='ocrx_word' id='word_1_287' title='bbox 431 3277 562 3335; x_wconf 74' lang='lat' dir='ltr'>satietate</span> <span class='ocrx_word' id='word_1_288' title='bbox 578 3282 606 3332; x_wconf 89' lang='lat' dir='ltr'>et</span> <span class='ocrx_word' id='word_1_289' title='bbox 621 3270 751 3350; x_wconf 91' lang='lat' dir='ltr'>pondere</span> <span class='ocrx_word' id='word_1_290' title='bbox 764 3273 831 3348; x_wconf 90' lang='lat' dir='ltr'>ipso</span> <span class='ocrx_word' id='word_1_291' title='bbox 842 3271 989 3347; x_wconf 75' lang='lat' dir='ltr'>sanguinis</span> <span class='ocrx_word' id='word_1_292' title='bbox 1003 3269 1151 3330; x_wconf 64' lang='lat' dir='ltr'>detuncm</span> 
     </span>
     <span class='ocr_line' id='line_1_38' title="bbox 166 3351 1150 3436; baseline -0.006 -20"><span class='ocrx_word' id='word_1_293' title='bbox 166 3365 213 3416; x_wconf 91' lang='lat' dir='ltr'>aut</span> <span class='ocrx_word' id='word_1_294' title='bbox 230 3357 290 3417; x_wconf 88' lang='lat' dir='ltr'>saie</span> <span class='ocrx_word' id='word_1_295' title='bbox 302 3359 469 3436; x_wconf 83' lang='lat' dir='ltr'>adspersae,</span> <span class='ocrx_word' id='word_1_296' title='bbox 488 3355 644 3434; x_wconf 88' lang='lat' dir='ltr'>aliquando</span> <span class='ocrx_word' id='word_1_297' title='bbox 653 3364 747 3414; x_wconf 84' lang='lat' dir='ltr'>tannen</span> <span class='ocrx_word' id='word_1_298' title='bbox 760 3354 924 3433; x_wconf 88' lang='lat' dir='ltr'>relinquunt</span> <span class='ocrx_word' id='word_1_299' title='bbox 936 3351 1029 3412; x_wconf 85' lang='lat' dir='ltr'>adfixa</span> <span class='ocrx_word' id='word_1_300' title='bbox 1045 3351 1150 3429; x_wconf 80' lang='lat' dir='ltr'>eapite,</span> 
     </span>
     <span class='ocr_line' id='line_1_39' title="bbox 165 3435 1151 3518; baseline -0.01 -18"><span class='ocrx_word' id='word_1_301' title='bbox 165 3435 1151 3518; x_wconf 77' lang='lat' dir='ltr'>quaecausevolnarainsanabiliaiscitetrnnltosinterernit-sicut</span> 
     </span>
    </p>
   </div>
   <div class='ocr_carea' id='block_1_5' title="bbox 0 0 1250 3817">
    <p class='ocr_par' dir='ltr' id='par_1_13' title="bbox 0 0 1250 3817">
     <span class='ocr_line' id='line_1_40' title="bbox 0 0 1250 3817; baseline 0 0"><span class='ocrx_word' id='word_1_302' title='bbox 0 0 1250 3817; x_wconf 95' lang='lat' dir='ltr'> </span> 
     </span>
    </p>
   </div>
  </div>
 </body>
</html>
