2484 3817
162 212 224 277 25⁸
496 222 526 271 o.
541 223 636 271 nurui
651 222 800 271 secunus

159 378 342 442 harenaceae
357 376 493 454 duritiae,
512 376 568 437 hae
582 374 767 437 dentitionem
784 373 898 437 facilem
912 383 1058 455 praestant
1072 376 1154 437 adal-

160 461 279 538 ligatae.
310 460 476 521 coclearum
490 461 611 520 inanium
628 460 700 519 cinis
718 476 804 520 cerae
819 460 923 519 mixtus
940 459 1152 539 procidentium
1223 461 1228 469 ’

117 554 169 610 137
180 545 391 607 interaneorum
406 545 494 621 partis
507 552 651 603 extremas
666 542 808 621 prohibet.
824 552 940 622 oportet
951 552 1046 603 autem
1060 545 1152 603 cineri

159 629 275 689 misceri
290 629 399 687 saniem
411 629 524 705 punctis
534 627 666 686 embsam
684 644 700 685 e
713 623 837 685 cerebro
846 626 976 702 viperae.
998 626 1150 687 cerebrum

158 712 278 790 viperae
293 710 402 771 inlitum
418 710 572 789 pelliculae
588 710 761 770 dentitiones
778 708 901 769 adiuvat.
922 710 999 769 idem
1010 710 1107 769 valent
1121 720 1173 774 ete

157 794 340 872 grandissimi
356 794 457 853 dentes
472 795 657 871 serpentium.
685 794 778 852 fimum
794 792 875 851 corvi
889 792 954 853 lana
966 792 1151 869 adalligatum

157 877 304 938 infantium
325 878 397 936 tussi
421 877 559 935 medetur.
589 878 638 934 vix
658 885 704 935 est
732 876 809 935 serio
833 875 978 955 conplecti
999 875 1150 953 quaedam,

157 978 215 1021 nou
234 959 388 1019 omittenda
410 968 519 1035 mmen,
540 959 607 1037 quia
628 969 694 1019 sunt
714 960 836 1038 prodita.
882 960 973 1019 ramiti
1001 958 1151 1019 infantium

158 1044 268 1105 lacerta
291 1041 399 1102 mederi
426 1041 532 1101 iubent.
575 1059 682 1101 marem
707 1041 781 1103 hanc
809 1041 926 1121 prendi,
952 1040 1100 1121 intellegi,
1124 1044 1150 1103 si

114 1138 167 1192 138
178 1126 268 1187 cauda
288 1143 372 1185 uuam
393 1142 545 1185 cavernam
562 1124 677 1184 habeat.
718 1125 747 1183 id
762 1124 903 1200 agendum
925 1133 955 1183 ut
974 1143 1027 1203 per
1050 1142 1183 1186 aurumne

156 1218 186 1269 et
200 1216 350 1284 argentum
371 1216 400 1267 et
417 1216 526 1267 ostrum
547 1207 678 1270 mordeat
693 1207 800 1269 vitium.
832 1216 890 1268 tuns
909 1208 938 1266 iu
962 1208 1054 1267 calice
1070 1224 1148 1267 novo

156 1292 300 1368 inligatur,
316 1290 344 1349 in
358 1290 436 1350 iomo
455 1294 579 1369 ponitur.
597 1292 679 1351 urina
693 1291 837 1351 infantium
856 1290 1007 1351 cohibetur
1021 1291 1150 1353 muribus

157 1374 242 1433 elixis
262 1374 291 1430 in
313 1372 379 1433 cibo
394 1373 477 1433 datis.
509 1374 731 1435 scarabaeorum
753 1391 859 1435 cornua
880 1374 998 1451 grandia
1020 1374 1148 1435 denticu-

114 1456 234 1521 1391ata
253 1454 407 1532 adalligata
430 1457 465 1515 iis
483 1456 598 1517 amuleti
619 1465 745 1516 naturam
770 1458 908 1534 optinent.
938 1456 1035 1517 bovae
1060 1458 1148 1536 capiti

156 1537 284 1617 lapillum
297 1540 395 1599 inesse
410 1540 534 1615 tradunt,
549 1557 633 1619 quem
648 1538 683 1599 ab
700 1556 735 1597 ea
750 1541 863 1617 exspui,
880 1542 904 1599 si
920 1558 1022 1607 necem
1037 1542 1145 1617 timeat,
1157 1561 1185 1601 ιε

155 1622 327 1700 inopinantis
352 1624 488 1700 praeciso
509 1624 605 1701 capite
628 1630 791 1701 exemptum
813 1621 1053 1701 adalligatumque
1073 1626 1147 1684 unire

155 1704 298 1784 prodesse
312 1704 471 1767 dentitioni.
492 1707 560 1765 item
575 1705 727 1766 cerebrum
744 1705 870 1765 eiusdem
883 1706 918 1765 ad
933 1706 1052 1766 eundem
1063 1724 1147 1767 usum

155 1787 303 1865 adalligari
318 1786 416 1849 iubent
432 1800 460 1849 et
474 1790 584 1850 limacis
598 1788 727 1867 lapillum
742 1790 804 1849 sive
815 1788 988 1864 ossiculum,
1002 1791 1147 1849 invenitur

153 1872 183 1931 in
203 1871 301 1930 dorso.
329 1874 481 1949 magnifice
496 1873 573 1933 iuvat
590 1882 619 1931 et
640 1873 703 1935 cris
729 1872 878 1932 cerebrum
893 1873 1018 1948 gingivis
1034 1872 1146 1935 inlitum

154 1956 228 2015 sicut
244 1955 319 2013 auris
342 1955 425 2031 adips
444 1956 593 2015 anserinus
611 1972 675 2013 cum
693 1956 777 2013 ocimi
799 1972 869 2014 suco
891 1956 1040 2032 inpositus.
1078 1967 1184 2020 suntne

153 2036 303 2097 vermiculi
314 2038 343 2095 in
358 2038 485 2115 spinosis
497 2038 606 2115 asperi,
621 2036 798 2113 lanuginosi,
815 2038 869 2097 hos
885 2036 1055 2113 adalligatos
1077 2056 1145 2117 pro-

154 2121 229 2178 tinus
241 2119 350 2179 mederi
365 2120 478 2179 tradunt
500 2117 664 2194 infantibus,
680 2121 703 2178 si
720 2119 786 2197 quid
802 2138 838 2178 ex
853 2118 918 2179 cibo
932 2117 1059 2182 haereat.

111 2209 164 2265 140
227 2200 311 2279 (48.)
332 2202 455 2260 Somnos
471 2201 569 2264 adlicit
585 2216 725 2279 oesypum
742 2220 804 2262 cum
823 2219 935 2261 murrae
951 2213 1095 2263 momento
1115 2206 1145 2265 iu

153 2282 212 2342 riui
227 2283 337 2356 cyathis
354 2283 465 2344 duobus
480 2284 612 2359 dilutum,
628 2284 676 2344 vel
692 2303 755 2344 curn
769 2284 853 2363 adipe
868 2287 1001 2345 anserino
1024 2296 1053 2346 et
1074 2290 1143 2349 vino

152 2365 279 2441 myrtite,
301 2366 362 2425 avis
377 2367 495 2426 cuculus
508 2368 640 2445 leporina
654 2367 732 2445 pelle
747 2368 931 2444 adalligatus,
952 2369 1079 2429 ardiolae
1094 2389 1181 2432 roae

155 2448 283 2511 strumin
303 2449 383 2528 pelle
408 2452 516 2510 asinina
537 2450 624 2509 ironti
648 2449 838 2527 adalligatum.
867 2460 965 2529 putant
986 2460 1014 2511 et
1034 2470 1087 2529 per
1109 2474 1144 2515 se

153 2538 278 2592 rostrum
304 2531 425 2591 effectus
451 2533 578 2592 eiusdem
604 2550 671 2591 esse
695 2535 761 2593 vino
792 2533 924 2593 colatum.
975 2553 991 2594 e
1025 2535 1142 2598 diverso

154 2631 282 2676 somnum
297 2623 378 2675 arcet
392 2615 606 2693 vespertilionis
621 2625 707 2693 caput
720 2615 827 2677 aridum
842 2616 1034 2694 adalligatum.

111 2706 164 2762 141
226 2697 308 2775 (49.)
330 2696 362 2757 ln
375 2699 453 2757 urina
463 2699 537 2760 virili
552 2709 673 2759 enecata
687 2699 796 2759 lacerta
812 2718 946 2760 venerem
959 2702 1019 2759 eius
1035 2702 1082 2779 qui
1097 2702 1142 2761 fe·

155 2780 227 2840 cerit
241 2778 358 2841 inhibet.
385 2798 448 2842 uam
469 2784 541 2842 inter
563 2782 700 2843 amatoria
720 2780 876 2858 casellagi
895 2782 999 2843 dicunt.
1020 2783 1180 2846 inhibetss

155 2872 185 2922 et
199 2863 293 2922 imum
313 2864 433 2923 cocleae
461 2874 489 2925 et
509 2865 700 2925 columbinum
722 2880 784 2923 cum
804 2864 871 2923 oleo
892 2873 920 2924 et
942 2866 1009 2925 vino
1031 2874 1142 2943 potum.

155 2946 298 3023 pulmonis
307 2947 441 3008 volturini
458 2948 575 3010 dextras
590 2956 688 3026 partes
700 2964 835 3006 venerem
853 2948 994 3007 concitant
1006 2948 1076 3008 viris
1092 2949 1141 3010 ad-

155 3028 290 3105 alligatae
307 3034 384 3106 gruis
398 3031 493 3110 pelle,
507 3034 574 3091 item
590 3032 615 3089 si
633 3029 709 3089 lutea
724 3047 761 3088 ex
776 3030 839 3088 ovis
855 3030 977 3108 quinque
993 3030 1140 3095 columba·

154 3129 216 3173 mm
236 3112 359 3174 admixto
381 3114 473 3193 adipis
488 3115 563 3175 suilli
583 3112 681 3173 denari
696 3109 825 3190 pondere
843 3130 881 3171 ex
896 3112 981 3171 melle
998 3112 1139 3175 sorbean-

153 3203 208 3266 tur,
227 3212 362 3271 passeres
376 3200 405 3258 in
420 3198 485 3257 cibo
500 3196 549 3258 vel
564 3213 618 3257 ora
634 3213 748 3269 eorum,
770 3194 921 3270 gallinacei
936 3193 1037 3255 dexter
1052 3198 1139 3258 testis
1148 3215 1179 3257 as

110 3286 164 3343 142
174 3278 292 3338 arietina
307 3281 385 3358 pelle
397 3282 575 3360 adalligatus.
612 3277 701 3338 lbium
723 3278 835 3337 cineres
851 3295 911 3337 cum
926 3276 1011 3355 adipe
1024 3280 1139 3343 anseris

154 3366 185 3419 et
198 3360 269 3421 irino
285 3366 439 3442 perunctis,
454 3367 478 3424 si
498 3371 667 3441 conceptum
683 3362 728 3435 sit,
743 3370 841 3439 partus
857 3360 1014 3437 continere,
1036 3371 1139 3425 contra

153 3442 274 3507 inhiberi
295 3465 431 3508 venerem
456 3446 625 3528 pugnatoris
644 3444 714 3523 galli
734 3444 874 3505 testiculis
893 3445 1025 3506 anserino
1049 3443 1137 3527 adipe
