2484 3817
169 204 239 265 '120
511 208 818 260 ornrmsnouum

177 369 397 429 concoctionem
418 367 504 443 facit,
528 368 559 426 in
580 364 743 439 oxymelitis
763 362 873 438 cyathis
898 362 986 423 tribus
1007 362 1156 423 drachmae

176 451 306 532 pondere
322 460 352 509 et
375 450 520 527 crapulam
535 449 664 525 discutit,
688 449 756 506 item
779 449 924 524 agaricum
940 456 1006 525 post
1019 447 1112 506 cibum
1130 448 1157 503 iu

74 572 78 579 ·
177 554 250 614 aqua
278 533 369 592 calida
398 542 505 610 potum.
556 530 714 606 Paralysim
739 532 891 591 Vettonica
920 548 1022 589 sanare
1049 529 1156 602 dicitur,

141 640 172 683 ss,
184 640 208 673 aa
220 620 286 677 item
302 616 391 675 iberis
410 624 439 674 ut
454 615 558 674 dictum
574 624 628 673 est.
665 613 764 674 eadem
786 622 813 671 et
832 614 1011 691 torpentibus
1026 612 1158 671 membris

175 701 306 781 prodest,
321 702 389 758 item
403 700 570 775 argemonia
585 700 679 757 omnia
694 714 768 774 quae
782 698 875 755 secari
891 696 1089 773 periclitentur
1102 694 1181 753 dis-a

176 784 321 845 cutiendo.

135 881 187 934 113
250 867 333 944 (70.)
355 864 513 925 comitialis
527 872 627 924 sanant
638 880 765 941 panaces
780 880 862 941 quam
873 861 1028 920 Heraclion
1040 862 1159 921 diximus

142 953 172 994 ²⁶¹
182 952 206 987 ⁸²
223 949 321 1011 radice
337 958 406 1027 pota
428 966 492 1005 oum
507 947 632 1023 coagulo
652 946 730 1005 vituli
748 947 846 1004 marini
868 946 904 1003 ita
919 953 948 1002 ut
971 947 1026 1003 siut
1043 946 1159 1023 panacis

175 1044 236 1094 tres
252 1041 361 1112 partes,
377 1031 514 1108 plantago
534 1038 617 1107 pota,
637 1031 791 1089 Vettonica
807 1029 835 1113 in
851 1027 1012 1101 oxymelitis
1028 1027 1160 1088 drachma

174 1117 224 1177 vel
241 1116 380 1191 agaricon
395 1112 490 1173 obolis
503 1112 609 1188 tribus,
631 1112 700 1171 folia
716 1112 893 1190 quinquefoli
910 1129 948 1169 ex
964 1128 1046 1189 aqua.
1079 1118 1160 1169 sanat
1170 1128 1195 1171 to

177 1208 207 1259 et
222 1196 417 1271 archezostis,
439 1197 492 1256 sed
506 1213 580 1255 anno
596 1205 675 1274 pota.
705 1202 786 1254 sanat
801 1202 829 1253 et
843 1193 974 1254 baccaris
989 1194 1067 1253 radix
1082 1193 1160 1252 arida

176 1286 206 1342 in
231 1280 380 1360 pulverem
406 1282 528 1339 contrita
550 1280 661 1354 cyathis
689 1277 779 1337 tribus
807 1294 870 1335 curn
892 1276 1034 1337 coriandri
1051 1291 1108 1335 uuo
1132 1276 1161 1335 in

136 1375 187 1429 114
197 1381 270 1441 aqua
287 1361 407 1438 calida,
421 1370 451 1421 et
466 1362 651 1421 centunculus
666 1362 730 1421 trita
745 1362 773 1419 in
788 1370 873 1420 aceto
895 1369 942 1419 aut
955 1361 1039 1420 melle
1063 1368 1110 1419 aut
1133 1360 1161 1417 in

178 1464 251 1525 aqua
267 1444 377 1519 calida,
400 1445 562 1504 verbenaca
585 1462 623 1504 ex
641 1444 808 1522 sinopem,
831 1443 936 1521 hysopi
957 1444 1046 1503 bacae
1061 1452 1161 1503 ternae

178 1531 317 1589 contritae
336 1529 411 1586 etin
430 1546 504 1605 aqua
531 1536 617 1607 potae
645 1526 745 1588 diebus
767 1526 850 1603 XVI,
881 1527 1073 1604 peucedanum
1097 1542 1159 1585 oum
1172 1550 1196 1590 ua

178 1612 303 1689 coagulo
318 1611 399 1670 vituli
418 1614 516 1671 marini
533 1613 634 1689 aequis
653 1610 832 1688 portionibus
853 1619 962 1687 potum,
985 1609 1163 1687 quinquefoli

179 1697 300 1756 coutrita
322 1694 393 1754 folia
412 1712 451 1753 ex
471 1690 538 1754 vino
564 1704 593 1753 ct
616 1702 727 1772 sumpta
751 1692 852 1753 diebus
870 1692 969 1768 XXX,
990 1693 1162 1753 vettonicae

176 1780 268 1839 farina
281 1778 412 1857 pondere
422 1778 453 1837 -X
469 1790 512 1837 111
527 1796 590 1837 cum
605 1779 679 1837 aceti
694 1777 820 1837 scillitici
836 1777 953 1851 cyatho,
967 1775 1061 1834 ¹mellis
1073 1776 1162 1836 Attici

95 1887 98 1891 ⁴
137 1855 141 1872 ’
177 1864 277 1939 uncia,
306 1862 506 1922 scammonium
534 1861 631 1921 obolis
657 1860 768 1921 duobus
789 1878 852 1920 cum
875 1859 999 1919 castorei
1020 1858 1162 1919 drachmis

199 1954 320 2006 uattuor.
1171 1962 1197 2002 ao

136 1964 197 2094 115q
247 2028 328 2106 (71.)
350 2028 453 2088 Febris
475 2026 595 2102 frigidas
617 2027 744 2091 leviores
764 2028 834 2086 facit
848 2028 993 2103 agaricum
1016 2035 1115 2103 potum
1136 2028 1163 2085 in

180 2110 270 2171 calida
289 2128 372 2187 aqua,
388 2111 529 2175 tertianas
546 2110 671 2168 sideritis
687 2109 841 2185 cumolos,
856 2112 923 2168 item
939 2109 1068 2169 ladanum
1086 2109 1163 2187 quod

177 2195 205 2252 iu
225 2194 376 2269 segetibus
396 2192 523 2251 nascitur
550 2200 733 2266 contunsum,
758 2191 896 2271 plantago
919 2210 957 2251 ex
976 2208 1048 2270 aqua
1072 2192 1162 2251 rnulsa

178 2275 286 2335 duabus
302 2275 381 2335 boris
396 2283 460 2334 ante
475 2275 661 2333 accessiones
678 2282 746 2353 pota
767 2273 840 2332 binis
857 2274 997 2334 drachmis
1011 2274 1060 2333 vel
1077 2293 1163 2334 sucus

177 2357 282 2418 radicis
296 2358 474 2418 madefactae
488 2356 536 2415 vel
557 2366 675 2432 tunsae,
696 2356 745 2415 vel
766 2358 829 2435 ipsa
854 2358 937 2417 radix
956 2360 1021 2418 trita
1046 2359 1074 2416 iu
1090 2375 1199 2437 aquaas

104 2482 117 2514 0
177 2441 256 2501 ferro
272 2441 403 2501 calfacta.
432 2440 544 2519 quidam
559 2450 655 2500 ternas
673 2440 787 2499 radices
799 2442 826 2499 in
840 2442 930 2501 tribus
947 2441 1056 2516 cyathis
1070 2456 1163 2519 aquae

137 2535 188 2589 116
199 2524 316 2584 dedere.
355 2524 454 2583 eadem
470 2525 498 2582 in
513 2525 656 2601 quartanis
678 2533 814 2601 quaterna
836 2525 976 2584 fecerunt.
1017 2524 1163 2601 Buglosso

178 2610 375 2682 inarescente,
389 2608 428 2665 ·si
448 2609 510 2685 quis
533 2606 684 2666 medullam
706 2625 722 2665 e
746 2606 828 2665 caule
850 2608 953 2665 eximat
976 2606 1110 2684 dicatque
1128 2606 1164 2667 ad

178 2708 263 2768 quern
286 2689 462 2747 liberandum
481 2689 557 2749 febri
577 2688 605 2748 id
628 2688 715 2747 faciat
736 2698 765 2747 et
784 2688 892 2764 adliget
914 2689 941 2747 ei
963 2699 1074 2769 septem
1094 2690 1164 2749 folia

178 2782 244 2833 ante
261 2774 475 2846 accessionem,
488 2774 565 2832 aiunt
583 2770 657 2830 febri
674 2771 805 2846 liberari,
827 2773 892 2830 item
909 2771 1080 2833 vettonicae
1099 2774 1202 2834 dra-ac

179 2856 288 2915 clumam
301 2855 330 2913 in
341 2872 436 2933 aquae
451 2855 559 2915 mulsae
571 2854 680 2929 cyathis
695 2852 785 2912 tribus
801 2854 1020 2932 relagarioum,
1032 2874 1164 2915 maxume

148 3002 151 3011 ,
178 2939 207 2997 iu
221 2939 265 2998 his
280 2936 409 2997 febribus
431 2955 584 3015 quaecum
606 2938 726 2997 horrore
742 2936 865 2996 veniant.
896 2938 1073 3017 quinquefoli
1095 2940 1165 2999 folia

146 3035 153 3049 ·
178 3022 291 3099 quidam
305 3030 386 3080 terna
401 3021 529 3080 tertianis
544 3019 668 3094 dedere,
685 3028 823 3097 quaterna
838 3024 1001 3099 quartanis,
1017 3022 1101 3100 plura
1117 3040 1165 3083 ce-

168 3106 265 3179 teris,
286 3102 334 3163 alii
356 3101 484 3170 omnibus
504 3105 555 3162 tris
577 3102 682 3164 obolos
705 3120 767 3161 cum
788 3103 889 3180 pipere
910 3123 948 3163 ex
968 3122 1041 3181 aqua
1061 3107 1163 3166 mulsa.

137 3196 187 3252 117
198 3183 489 3265 verbenacassqniden
508 3196 537 3245 et
552 3187 737 3245 iumentorum
752 3185 881 3247 febribus
900 3188 928 3245 in
940 3189 1007 3246 vino
1022 3189 1163 3266 medetur,
1173 3208 1204 3251 aa

178 3270 231 3329 sed
250 3272 278 3329 in
296 3271 423 3330 tertianis
443 3288 459 3329 a
476 3270 560 3329 tertio
575 3270 711 3345 geniculo
728 3271 833 3346 incisa,
850 3271 993 3349 quartanis
1012 3288 1028 3331 a
1051 3281 1164 3351 quarto.

178 3350 282 3411 bibitur
298 3362 327 3411 et
342 3372 440 3412 semen
461 3352 592 3431 hyperici
612 3354 758 3431 utriusque
776 3354 803 3412 in
824 3353 967 3432 quartanis
988 3362 1017 3411 et
1036 3354 1164 3415 horrori·

178 3433 245 3513 bus,
259 3435 432 3497 vettonicae
452 3437 558 3513 farina,
581 3454 655 3515 quae
677 3438 768 3497 omnis
787 3438 923 3498 horrores
938 3446 1075 3517 coercet,
1098 3440 1165 3499 item
