2484 3817
273 227 277 239 ¹
303 217 383 266 uer.
408 181 497 266 ursa]
517 218 653 264 xxxuu.
673 207 736 268 ao.
753 206 900 283 (et-42.)
1043 203 1101 264 165

114 391 191 452 quam
205 391 269 434 eum
280 372 417 450 degustet
433 373 462 430 in
472 369 550 430 viole
564 369 678 429 desinet
695 370 804 445 fulgor,
820 369 879 446 alii,
891 372 957 447 quia
971 372 1008 430 sit
1023 369 1104 448 quid-

113 458 171 517 dam
186 459 216 516 in
232 475 359 535 purpura
374 455 423 514 illa
438 473 496 514 non
512 473 549 514 ex
565 461 630 512 toto
649 456 765 530 igneum
780 453 832 511 sed
853 455 881 512 in
900 456 957 514 uini
975 455 1106 514 colorem

113 539 256 601 deficiens.
279 540 431 618 perlucent
445 546 539 598 eutem
556 555 657 596 omnes
668 537 802 598 violaceo
819 535 939 613 decore,
951 538 1105 617 scalpturis
1226 593 1227 598 ,

113 625 220 701 faciles.
252 623 349 682 ludica
370 621 532 681 ahsolutum
553 620 649 680 felicis
669 639 814 700 purpurae
836 619 966 680 colorem
985 621 1084 682 hahet.
1099 631 1148 682 rhu
1226 643 1227 660 ³

92 709 144 768 tad
157 707 230 767 lianc
245 707 435 783 tinguentium
449 705 582 764 officinae
593 703 721 781 dirigunt
733 713 811 764 vota.
833 703 924 762 iundlt
937 713 1031 764 autem
1042 704 1103 782 fal·
1201 715 1202 720 ’

110 809 214 872 porem
234 789 372 868 adspectu
394 789 503 848 leniter
519 786 651 846 blandum
668 803 762 864 neque
778 789 807 846 in
824 785 926 846 oculos
942 795 973 845 ut
987 789 1105 847 carbun-

111 875 165 935 culi
193 873 362 933 vibrantem.
406 871 528 932 alterum
556 889 650 947 genus
681 870 833 930 descendit
859 869 893 929 ad
921 870 1100 946 hyacinthos.
1114 890 1137 924 aa

111 958 184 1018 hunc
203 956 334 1017 colorem
348 955 410 1016 ludi
435 973 526 1014 socon
542 963 663 1030 vocant,
687 953 831 1030 talemque
848 971 988 1030 gemmam
1003 971 1106 1014 socon-

112 1041 186 1102 diou.
222 1039 341 1100 dilutior
362 1057 400 1099 ex
420 1038 524 1098 eodem
545 1055 671 1115 sapenos
696 1046 834 1112 vocatur,
859 1036 1018 1114 eademque
1039 1036 1107 1116 pha·

80 1125 211 1184 roranitis
223 1124 253 1182 in
267 1125 447 1183 contermino
459 1121 585 1181 Arabiae
596 1123 694 1198 gentis
707 1123 830 1180 nomine.
852 1129 982 1199 quartum
993 1139 1085 1199 genus
1101 1130 1149 1184 123

111 1207 241 1267 colorem
260 1209 318 1266 vini
347 1206 442 1266 hebet.
481 1206 608 1282 quintum
630 1204 665 1265 ad
685 1205 779 1263 vicina
804 1203 934 1280 crystalli
955 1203 1105 1264 descendit

111 1290 253 1349 albicante
270 1307 415 1368 purpurae
436 1289 561 1349 defectu.
597 1287 653 1347 hoc
672 1289 795 1347 minume
811 1288 969 1365 probatur,
993 1282 1111 1366 quando

111 1373 293 1452 praecellens
312 1373 418 1433 debeat
432 1391 500 1432 esse
523 1373 554 1430 in
568 1380 707 1450 suspectu
721 1371 802 1430 velut
818 1389 856 1431 ex
871 1371 1045 1431 carbunculo
1061 1389 1106 1430 re·

111 1457 225 1535 fulgens
241 1457 354 1534 quidam
372 1457 479 1515 leviter
493 1457 522 1514 in
538 1472 666 1534 purpura
681 1472 786 1514 roseus
805 1455 896 1514 color.
936 1455 1001 1514 talis
1020 1455 1107 1533 aliqui

78 1561 101 1600 rs
111 1541 216 1599 malunt
232 1539 406 1619 paederotas
426 1557 549 1615 vocare,
567 1539 616 1597 alii
633 1545 799 1613 ememtes,
815 1537 895 1596 multi
911 1537 1039 1598 Veneris
1056 1557 1106 1616 ge·

109 1641 188 1700 nem,
211 1623 288 1701 quod
309 1640 440 1682 maxume
463 1622 577 1687 ridetur
592 1621 701 1680 decere
719 1629 750 1679 et
769 1623 870 1698 specie
887 1630 917 1680 et
938 1622 1040 1682 colore
1058 1640 1129 1682 exn

109 1717 202 1767 tremo
229 1723 370 1782 gemmae.
408 1703 559 1780 Magorum
583 1706 693 1762 vanites
713 1704 849 1764 ebrietati
872 1723 922 1764 eas
943 1706 1086 1766 resistere
1100 1715 1149 1767 124

109 1791 251 1867 promittit
273 1798 303 1848 et
323 1787 389 1847 inde
408 1787 586 1864 appellatas,
608 1796 780 1864 praeterea,
804 1789 828 1847 si
850 1787 934 1848 lunae
955 1806 1060 1850 nomen
1074 1807 1107 1848 ac

111 1873 183 1932 solis
207 1871 383 1932 inscribatur
403 1871 488 1929 iniis
509 1880 596 1947 etque
619 1872 921 1948 itesnspendanturc
943 1871 1022 1933 collo
1043 1892 1107 1932 cum

75 1972 101 2011 ro
110 1956 178 2032 pilis
201 1954 390 2033 cynocephali
411 1962 441 2014 et
461 1955 564 2032 plumis
583 1955 760 2031 hirundinis,
782 1957 927 2015 resistere
944 1957 1105 2017 veneficiis.

109 2041 164 2097 iam
184 2056 257 2098 vero
282 2038 506 2116 quoquomodo
533 2037 638 2099 adesse
663 2056 753 2114 reges
774 2039 911 2115 adituris,
939 2040 1106 2116 grandinem

77 2142 83 2153 ·
110 2138 227 2199 quoque
247 2130 383 2181 evertere
400 2139 434 2180 ec
452 2121 581 2181 locustas
596 2124 765 2199 precatione
782 2122 876 2182 addita
891 2140 975 2200 quam
990 2123 1106 2183 demon-

110 2212 211 2264 strant.
249 2223 380 2264 necnon
400 2206 430 2263 iu
445 2205 603 2281 zmaragdis
619 2222 736 2283 quoque
757 2205 860 2265 similia
878 2209 1058 2283 promisere,
1080 2209 1104 2266 si

110 2287 226 2367 aquilae
245 2288 445 2368 scalperentur
470 2296 517 2347 aut
538 2289 707 2364 scarabaei,
732 2307 805 2366 quae
822 2289 936 2367 quidem
951 2291 1105 2368 scripsisse
1180 2329 1181 2332 =

73 2392 99 2429 25
111 2389 165 2431 eos
180 2386 238 2430 non
252 2372 315 2430 sine
329 2378 496 2449 contemptu
515 2380 545 2430 et
560 2373 651 2432 inrisu
666 2373 785 2449 generis
800 2372 912 2432 humani
928 2373 1064 2434 arbitror.

174 2455 254 2532 (41.)
272 2454 392 2514 diuitum
406 2454 442 2513 ab
458 2455 511 2513 hac
525 2454 614 2514 distat
629 2454 811 2533 hyacinthos,
827 2456 862 2516 eh
878 2458 975 2516 ricino
990 2465 1085 2517 tamen
1098 2469 1147 2522 125

108 2537 212 2596 colore
229 2537 417 2598 descendens.
453 2537 617 2598 differentia
634 2537 787 2615 uaec'esr,
809 2540 887 2617 quod
905 2539 957 2599 ille
974 2542 1099 2600 emicans
1113 2563 1148 2596 ue

108 2623 140 2678 in
163 2621 324 2696 amethysto
345 2622 443 2698 fulgor
466 2621 614 2681 violaceus
640 2622 757 2682 diluitur
777 2622 932 2698 hyacintho
954 2625 1104 2701 primoque

109 2704 250 2780 adspectu
261 2711 359 2780 gratum
372 2705 520 2764 evanescit
532 2713 684 2782 antequem
696 2708 793 2782 satiet,
800 2705 932 2783 adeoque
945 2723 1002 2766 non
1014 2708 1106 2784 inplet

72 2787 213 2846 eooculos
234 2795 266 2845 ut
285 2804 379 2863 paene
398 2804 456 2847 non
477 2790 615 2864 attingat,
636 2806 819 2848 marcescens
841 2788 966 2849 celerius
983 2792 1105 2849 nominis

109 2871 155 2929 sul
173 2869 257 2930 flore.
1082 2894 1113 2937 rr,
1125 2894 1148 2929 es

172 2953 252 3032 (42.)
274 2951 450 3027 Hyacinthos
465 2954 623 3031 Aethiopia
638 2955 723 3013 mittit
738 2961 768 3013 et
783 2953 979 3029 chrysolithos
995 2974 1084 3018 aureo
1098 2967 1148 3020 126
1167 3005 1168 3012 κ

107 3037 227 3114 fulgore
239 3036 417 3096 tralucentis.
439 3037 643 3114 praeferuntur
654 3037 699 3096 his
710 3036 826 3097 lndicae
842 3048 883 3116 et,
896 3041 920 3098 si
937 3041 1034 3099 variae
1047 3059 1105 3101 non

108 3121 184 3197 sint,
206 3118 379 3180 Tibareuae.
396 3118 584 3179 'deterrimae
605 3128 700 3180 eutem
714 3119 875 3199 Arabicae,
898 3124 1031 3201 quoniam
1048 3132 1105 3183 tur·

70 3203 197 3266 asbidee
221 3212 287 3263 sunt
308 3210 339 3262 et
358 3205 457 3262 variae
477 3210 508 3262 et
527 3203 652 3281 fulgoris
670 3203 848 3281 interpellati
866 3205 966 3266 nubilo
984 3207 1104 3267 macula·

108 3305 191 3363 rum,
212 3289 297 3347 etiam
319 3303 392 3364 quae
413 3285 547 3364 limpidae
573 3288 725 3365 contigere
746 3286 836 3347 ueluti
858 3289 949 3349 scobe
964 3289 1101 3352 refertae.

108 3379 247 3452 optumae
268 3379 333 3429 sunt
352 3388 426 3448 quae
444 3371 473 3428 in
492 3369 657 3430 conlatione
672 3387 770 3430 aurum
785 3369 911 3433 albicare
927 3373 1045 3451 quadam
1060 3392 1104 3434 ar·

106 3457 192 3538 genti
213 3455 288 3514 facie
309 3461 424 3531 cogunt.
464 3453 518 3513 hee
539 3453 624 3514 funda
644 3454 825 3514 includuntur
841 3459 1032 3535 perspicuae,
1056 3475 1102 3518 ce·
