2484 3817
173 123 235 188 156
523 131 668 184 emmo
682 131 833 182 ιιιιιιιιιιιι

170 309 261 369 rege
257 288 430 366 Babylonio
450 289 562 348 muneri
583 289 701 348 missum
721 285 903 364 zmaragdum
922 284 980 346 llll
1007 285 1173 348 nubilorum

171 374 374 452 longitudine
374 389 409 432 ae
425 373 510 431 triam
531 371 699 448 latitudine,
723 377 753 432 et
768 372 862 432 luisse
877 368 952 448 apud
971 388 1025 430 eos
1042 373 1072 430 in
1092 370 1173 433 lovis

170 458 294 518 delubro
307 458 469 518 obeliscum
481 474 499 516 a
509 454 565 516 llll
575 456 734 532 zmaragdis
745 453 795 514 XL
805 454 968 514 oubitorum
978 454 1173 534 longitudine,

126 550 162 606 'lt
173 540 325 602 latitudine
340 559 414 602 vero
428 543 458 601 in
473 549 558 619 parte
573 540 744 618 quattuor,'
735 558 764 598 ιιι
779 546 862 616 parta
878 537 1010 616 duorum,
1026 557 1061 598 se
1077 548 1174 600 autum
1229 559 1230 590 ι

170 626 321 686 scribente
346 644 414 686 osse
440 625 569 702 in'lyro
594 622 728 684 Horoulis
754 622 865 699 templo
886 621 984 684 stelen
1008 623 1133 700 amplam
1158 645 1191 685 es
1229 591 1230 656 Ῑ

171 709 344 787 zmaragdo,
370 710 426 768 nisi
455 711 553 787 potius
576 705 861 786 pseudonmaragdus
890 707 946 783 sit,
974 723 1037 765 nam
1064 715 1096 766 et
1118 707 1174 768 lnoo

171 811 265 869 genus
285 795 411 871 reperiri
433 795 489 852 et
480 811 510 852 ιιι
527 791 625 870 Cypro
641 793 788 850 inventurn
808 808 846 849 ex
861 789 976 852 dimidia
996 798 1081 868 parte
1098 809 1173 852 nma-

169 877 302 954 ragdum,
317 895 356 936 ex
369 875 485 936 dimidia
501 876 653 954 iaspidem,
666 873 789 935 nondum
808 890 908 933 umore
923 875 953 933 in
970 881 1062 934 totum
1080 882 1173 934 trans
1229 897 1230 962 l

171 959 306 1036 figurato
341 959 440 1037 Apion
456 962 678 1038 cognominatus
697 958 875 1018 Plistonices
897 957 986 1034 paulo
1002 965 1070 1017 ante
1098 961 1171 1018 sori·
1229 953 1230 1040 i

150 1051 249 1120 ptum
264 1042 383 1119 reliquit
400 1061 468 1102 esse
482 1046 644 1103 etiamnunc
658 1045 688 1101 in
702 1041 868 1117 labyrintho
880 1040 1012 1120 Aegypti
1024 1041 1230 1102 oolossum
1180 1057 1230 1100 ιι

170 1125 290 1202 Serapis
307 1145 324 1184 e
340 1126 493 1202 zmaragdo
511 1145 616 1186 novem
634 1126 806 1186 cubitorum.

127 1217 162 1275 76
233 1209 316 1286 (20.)
339 1207 467 1267 Eandem
488 1209 586 1267 multis
602 1218 731 1268 naturam
748 1217 797 1268 aut
818 1216 901 1268 sorte
923 1208 1046 1269 similem
1061 1208 1173 1270 habore

171 1291 278 1352 berulli
295 1292 437 1350 ridentur.
473 1291 554 1350 lndia
572 1309 626 1351 eos
642 1294 738 1368 gignit
758 1309 824 1350 raro
841 1291 911 1351 alibi
932 1301 1080 1370 repertos.
1120 1311 1172 1372 po·

170 1375 278 1434 liuntur
296 1393 397 1435 omnes
416 1375 577 1452 sexangula
597 1375 688 1452 figura
707 1375 846 1434 artificum
868 1377 1011 1453 ingeniis,
1036 1379 1172 1455 quoniam

169 1458 264 1521 hebes
285 1462 394 1518 unitate
413 1460 499 1518 surda
521 1459 605 1519 oolor
625 1474 802 1535 repercussu
824 1459 994 1534 angulorum
1015 1463 1171 1525 excitatur.
1181 1475 1200 1514 1⁵

170 1543 257 1602 aliter
277 1545 360 1621 politi
384 1561 442 1603 non
463 1543 572 1602 habent
590 1542 744 1620 fulgorem.
777 1542 973 1619 probatissimi
993 1561 1031 1602 ex
1052 1545 1090 1602 iis
1106 1553 1172 1604 snut

171 1629 220 1704 qui
239 1628 413 1686 viriditatem
431 1629 517 1686 maris
538 1628 603 1704 puri
626 1628 787 1701 imitantur,
808 1628 940 1704 proxumi
962 1628 1009 1704 qui
1028 1637 1172 1688 vooautur

171 1710 384 1785 olrrysoberulli
402 1710 499 1788 paullo
516 1710 686 1788 pallidiores
704 1709 756 1770 sed
776 1711 805 1769 in
821 1727 940 1769 aureum
954 1711 1085 1771 colorem
1101 1731 1170 1772 exe·

129 1799 162 1856 7⁷
176 1803 245 1853 unte
265 1795 391 1872 fulgore.
424 1795 545 1853 vicinum
562 1813 657 1871 genus
671 1794 737 1854 hnio
752 1801 799 1852 est
816 1793 868 1852 sed
884 1793 1017 1872 pallidius
1033 1804 1063 1854 et
1078 1813 1094 1854 a
1110 1797 1171 1873 qui-

84 1882 88 1894 *
151 1876 291 1957 ¹busdam
322 1878 433 1954 proprii
461 1881 581 1954 generis
609 1879 802 1936 existimatum
834 1887 1025 1956 vocatumque
1051 1879 1201 1956 chryso-²⁰

171 1978 296 2039 prasum.
336 1970 439 2038 quarto
465 1961 532 2021 loco
560 1969 745 2020 numerantur
764 1957 1040 2040 hyacinthiaoutes,
1069 1965 1171 2040 quinto

172 2061 247 2121 quos
262 2045 389 2104 aeroidis
404 2054 526 2121 vooant,
549 2053 655 2123 postea
670 2045 761 2104 aerini
776 2062 809 2103 aa
824 2044 928 2104 deinde
946 2045 1091 2123 oleagini,
1114 2046 1172 2106 hoo

173 2136 219 2186 ast
234 2127 338 2188 colore
354 2127 431 2205 olei,
453 2131 594 2207 postremi
610 2127 750 2203 crystallo
768 2127 890 2187 similes.
924 2128 953 2188 lri
973 2130 1044 2189 iere
1054 2130 1170 2208 capilla-

56 2213 62 2232 *
170 2220 267 2270 menta
291 2211 399 2270 habent
420 2212 591 2289 sordisque,
612 2211 720 2289 alioqui
744 2212 875 2288 evanidi,
897 2222 1057 2288 quaesunt
1078 2216 1171 2274 omnia

128 2296 249 2358 lssvitia.
293 2294 355 2354 ludi
372 2297 443 2354 mire
463 2296 591 2373 gaudent
613 2293 794 2372 longitudine
816 2313 916 2354 eorum
933 2296 1074 2384 solosque
1091 2315 1170 2374 gem·
1160 2308 1199 2347 -ιδ

172 2397 280 2437 marum
302 2397 371 2438 esse
392 2380 559 2456 praedicant
580 2380 629 2456 qui
649 2397 751 2438 carere
772 2397 844 2438 auro
864 2363 981 2456 malint,
1001 2381 1039 2439 ob
1058 2381 1087 2440 id
1103 2399 1171 2459 per-

170 2462 284 2522 foratos
302 2461 521 2540 elephantorum
542 2464 633 2523 saetis
652 2462 808 2539 subligant.
845 2465 982 2522 eonvenit
1002 2481 1062 2536 non
1084 2483 1171 2543 opor·

172 2554 237 2605 tere
260 2548 403 2624 perforari
426 2564 547 2624 quorum
570 2548 608 2605 sit
634 2545 767 2605 absoluta
788 2546 923 2623 bonitas,
943 2547 1087 2608 umbilicis
1109 2558 1170 2608 tan·

171 2607 232 2688 ium
253 2649 291 2690 ex
314 2648 384 2689 auro
406 2632 501 2708 oapita
522 2628 837 2708 conprehendentibus.
874 2629 942 2690 ideo
960 2631 1108 2706 cylindros
1133 2651 1170 2692 ex

172 2714 210 2772 iis
229 2713 337 2772 malunt
359 2715 458 2774 faeere
482 2730 566 2791 quarn
587 2731 730 2791 gemmas,
754 2714 889 2790 quoniam
911 2722 958 2774 ost
971 2732 1078 2774 summa
1095 2727 1198 2776 com-³⁰
1229 2767 1230 2790 p

130 2797 319 2862 lamentatio
340 2801 369 2857 in
384 2798 573 2875 longitndine.
608 2796 720 2874 quidam
738 2805 768 2856 et
783 2797 941 2873 angulosos
957 2799 1055 2872 statim
1069 2809 1180 2876 putant*

171 2883 252 2939 nasci
270 2890 300 2940 et
317 2884 483 2959 perforatos
498 2883 645 2958 gratiores
660 2880 722 2939 lieri
740 2880 864 2940 medulla
880 2879 1013 2940 candoris
1033 2892 1168 2961 exempta

172 2963 329 3042 additoque
347 2967 408 3024 auri
423 2983 600 3043 repercussu
620 2973 669 3025 aut
690 2965 805 3024 omniuo
825 2971 949 3024 castrata
973 2967 1166 3043 perapionita·

173 3049 210 3105 tis
235 3049 432 3108 crassitudine.
466 3051 537 3108 vitia
557 3057 677 3127 praeter
700 3046 775 3106 diota
795 3047 851 3107 iam
874 3047 974 3108 eadem
1000 3049 1066 3108 iero
1092 3065 1168 3126 quaa

170 3129 202 3188 in
223 3131 384 3228 zmaragdis
406 3139 437 3191 et
459 3135 604 3211 pterygia
641 3133 669 3190 in
693 3139 795 3191 nostro
819 3132 892 3191 orlre
918 3131 1071 3210 aliquando
1089 3133 1197 3193 eireaar

65 3257 67 3274 ι
171 3211 333 3271 Pontum
324 3216 447 3274 inveniri
474 3225 618 3295 putantur.
663 3212 725 3274 ludi
752 3224 782 3274 et
807 3214 876 3276 alias
901 3215 1015 3291 quidem
1040 3233 1167 3315 gemmas
1229 3273 1230 3284 ,

171 3295 340 3435 prpetplrllum
361 3298 519 3375 tinguendo
537 3299 701 3361 adulterare
726 3299 915 3375 invenerunt,
940 3298 995 3359 sed
1010 3301 1168 3379 praecipue
1229 3303 1230 3372 l

193 3393 246 3435 eru
269 3393 312 3438 os
