2484 3817
188 139 230 201 94
427 115 431 123 ⁴
534 146 565 196 c.
579 147 675 196 surm
689 145 840 194 saeuum

93 365 101 379 ι
188 311 372 384 spectantur,
400 309 489 380 atque
518 304 548 362 in
574 300 721 362 lenocinio
746 299 1002 360 commendationis
1030 299 1125 360 dolor
1152 312 1196 362 est

147 400 198 455 146
209 405 325 464 manns,
351 401 415 446 oum
438 384 468 445 id
495 394 616 484 ageret,
641 386 812 446 exstinctae.
849 383 914 463 {421
936 383 1007 444 Sunt
1034 386 1194 445 etiamnum

188 489 246 532 non
258 469 405 548 ignobiles
422 468 554 548 quidem,
571 471 601 529 in
619 476 785 528 transcursu
797 477 892 528 manen
903 467 1016 527 dicendi
1035 467 1193 545 Aristocy-

188 555 252 632 des,
267 553 463 630 Anaxander,
458 552 650 615 Aristobulus
661 551 763 628 Syrus,
775 551 924 612 Arcesilas
937 550 1090 612 'lisicratis
1103 553 1192 630 lilius,

189 637 343 700 Coroebus
358 636 524 698 Nicomachi
540 635 718 715 discipulus,
742 633 959 696 charmantides
975 633 1191 714 Euphranoris,
1199 662 1208 698 s

188 721 409 800 Dionysodorus
429 719 645 802 Colophonius,
667 719 871 797 Dicaeogenes
890 720 1018 798 quicum
1035 717 1190 780 Demetrio

188 826 261 884 rege
282 807 373 882 vixit,
393 804 601 883 Euthymidas,
621 803 791 864 heraclides
811 802 950 880 Nacedo,
971 801 1063 862 lllilon
1082 803 1191 864 Soleus

187 889 357 967 Pyromaebi
377 892 495 951 statuari
515 888 664 966 discipuli,
687 887 863 948 hlnasitbeus
885 845 1056 962 Sicy’onins,
1085 885 1190 948 blnasi-

188 977 273 1033 timus
289 971 477 1034 Aristonidae
492 973 567 1032 lilius
580 981 611 1031 et
626 971 801 1048 discipulus,
816 969 927 1036 Nessus
939 969 1087 1030 llabronis
1102 972 1189 1046 lilius,

188 1047 329 1118 Polemon
354 1055 586 1132 Alexandrinus,
613 1054 786 1116 Theodorus
807 1055 918 1115 Samius
942 1062 972 1116 et
1000 1054 1121 1115 Stadios
1144 1055 1212 1114 Νἰ-ιι

187 1140 337 1201 sosthenis
348 1139 499 1218 discipuli,
515 1138 621 1200 Xenon
634 1137 754 1200 Neoclis
767 1138 924 1218 discipulus
940 1138 1106 1214 Sicyonius.
1126 1141 1188 1219 [43]

146 1235 195 1290 147
210 1223 336 1283 Pinxere
356 1229 388 1282 et
407 1222 561 1282 mulieres:
590 1221 736 1283 Timarete
756 1221 878 1283 lllioonis
900 1221 957 1282 tilia
972 1221 1093 1282 Dianam
1117 1242 1188 1301 quae

188 1312 217 1366 in
232 1305 339 1365 tabula
367 1303 477 1383 Ephesi
506 1316 554 1366 est
580 1308 798 1384 antiquissimae
824 1309 970 1385 picturae,
1002 1305 1091 1367 lrene
1125 1307 1188 1367 Cra-

187 1393 239 1450 tini
260 1391 382 1468 pictoris
407 1389 466 1451 lilia
490 1400 522 1452 et
546 1390 687 1468 discipula
709 1389 835 1468 puellam
861 1409 935 1469 quae
960 1398 1007 1452 est
1034 1389 1186 1467 Eleusine,

189 1473 317 1553 Calypso
335 1494 435 1536 senem
452 1484 483 1536 et
494 1476 750 1554 praestigiatorem
771 1472 972 1552 Theodorum,
996 1475 1206 1546 Alcisthenens

188 1559 373 1636 saltatorem,
390 1559 556 1620 Aristarete
567 1557 695 1620 Nearchi
707 1557 766 1618 lilia
778 1567 810 1618 et
820 1558 960 1636 discipula
972 1559 1186 1638 Aesculapium

187 1644 246 1704 laia
270 1641 414 1720 Cyzicena
434 1651 578 1722 perpetua
599 1645 684 1721 virgo
706 1641 797 1704 blanci
818 1642 960 1703 Varronis
985 1645 1106 1703 iuventa
1133 1643 1187 1702 Ro·

188 1746 250 1788 mae
268 1736 298 1786 et
313 1727 450 1807 penicillo
466 1729 559 1806 pinxit
575 1735 606 1788 et
620 1729 743 1788 cestro'
736 1746 765 1786 m
775 1727 892 1788 ebore'
884 1727 1023 1803 rmagines
1036 1727 1223 1816 mulierum

187 1829 318 1872 maxume
334 1819 365 1872 et
377 1810 501 1890 Neapoli
517 1830 601 1872 anum
611 1812 640 1872 in
654 1812 756 1890 grandi
773 1811 884 1886 tabula,
899 1827 978 1870 suam
989 1828 1110 1888 quoque
1125 1814 1188 1871 ima·

147 1907 198 1961 148
208 1899 306 1975 ginem
329 1894 364 1954 ad
380 1896 536 1974 speculum.
581 1914 637 1956 nec
657 1895 742 1954 ullius
763 1895 923 1955 velocior'
915 1912 943 1952 ιιι
960 1895 1074 1972 pictura
1091 1914 1211 1955 marusa

129 2024 132 2031 .
188 1981 259 2056 luit,
281 1981 351 2039 artis
370 1996 444 2040 vero
471 1988 579 2040 tantum
606 1987 637 2037 ut
660 1979 776 2040 multum
798 1979 975 2056 manipretiis
997 1980 1189 2040 antecederet

188 2065 399 2134 celeberrimos
420 2072 517 2125 aetate
538 2057 692 2139 imaginum
718 2063 849 2140 pictores
876 2061 1007 2139 Sopolim
1033 2071 1065 2122 et
1081 2062 1188 2139 Diony·

189 2150 277 2222 sium,
293 2164 413 2224 qnorum
426 2147 541 2208 tabulae
557 2145 762 2225 pinacothecas
778 2147 899 2224 inplent.
943 2147 1037 2224 pinxit
1055 2155 1088 2206 et
1103 2166 1189 2226 quae·

189 2231 251 2291 dam
261 2230 425 2309 Olympias,
441 2231 478 2292 de
492 2248 549 2311 qua
559 2230 616 2291 hoc
628 2229 721 2290 solum
732 2239 925 2306 memoratur,
940 2229 1114 2308 discipulum
1127 2234 1189 2292 cius

189 2316 280 2375 luisse
296 2314 484 2375 Autobulum.
1198 2332 1214 2369 a

151 2412 199 2464 149
272 2399 352 2482 (ll.)
374 2398 521 2460 Encausto
544 2397 682 2477 pingendi
706 2397 762 2458 duo
783 2398 867 2458 luere
887 2398 1044 2475 antiquitus
1066 2417 1190 2475 genera,

190 2502 257 2543 cera
273 2492 303 2543 et
317 2485 346 2541 in
361 2483 454 2543 ebore
470 2491 587 2558 cestro,
610 2481 639 2541 id
654 2490 700 2542 est
714 2481 854 2559 viriculo,
872 2480 965 2542 donec
979 2481 1093 2542 classes
1109 2485 1190 2561 pingi

190 2584 327 2646 coepere
362 2567 418 2627 boc
441 2567 558 2625 tertium
578 2567 705 2626 accessit
720 2564 882 2626 resolutis'
874 2568 933 2643 igni
950 2566 1027 2626 ceris
1047 2568 1190 2643 penicillo

89 2691 95 2697 -
190 2651 305 2727 utendi,
333 2669 407 2728 quae
429 2650 540 2728 pictura
566 2650 688 2710 naribus
714 2667 770 2710 nec
789 2648 854 2709 sole
875 2668 930 2710 uec
950 2649 1011 2710 sale
1031 2654 1190 2730 ventisque

190 2736 1213 2813 corrumpimus

149 2830 200 2880 150
274 2818 353 2898 (42.)
370 2817 493 2896 Pingunt
508 2823 539 2877 et
553 2817 646 2878 vestis
662 2816 691 2874 in
707 2814 846 2896 Aegypto
864 2818 940 2878 inter
954 2834 1044 2896 pauca
1061 2819 1190 2880 mirabili

190 2920 301 2980 genere
319 2900 437 2962 candida
452 2901 534 2977 vela,
549 2908 702 2979 postquam
709 2901 871 2978 attrivere,
892 2901 1047 2962 inlinentes
1064 2921 1130 2963 non
1145 2921 1191 2963 co·

190 2987 302 3047 loribus
326 2985 379 3046 s'ed
406 2985 536 3047 colorem
560 2982 748 3044 sorbentibus
774 2983 998 3046 medicamentis.
1044 2984 1190 3048 boccum

188 3073 307 3146 iecere,
330 3086 389 3129 non
403 3069 523 3148 adparet
538 3071 568 3128 in
583 3067 677 3142 velis,
700 3067 796 3128 sedin
816 3069 955 3130 cortinam
970 3071 1114 3146 pigmenti
1136 3074 1191 3132 ler-

191 3156 286 3214 ventis
304 3169 400 3212 mersa
415 3161 482 3230 post
498 3159 672 3213 momentum
688 3151 877 3212 extrahuntur
891 3153 977 3230 picta.
1012 3154 1218 3234 mirumque,ss

191 3237 303 3296 comsit
318 3255 389 3296 unus
406 3238 437 3294 in
452 3238 564 3296 eortina
579 3233 681 3311 colos,
700 3254 738 3296 er
752 3236 803 3295 illo
819 3235 890 3296 alius
907 3244 994 3315 atque
1009 3237 1084 3296 alius
1108 3239 1146 3298 lit
1165 3240 1192 3298 in

190 3328 275 3378 reste
293 3320 462 3398 accipientis
475 3319 675 3380 medicamenti
693 3318 831 3398 qualitate
845 3327 986 3397 mutatus,
1009 3337 1066 3380 nec
1081 3331 1194 3399 postea

191 3401 267 3460 ablui
284 3410 402 3479 potest,
427 3403 467 3462 ita
481 3405 593 3462 cortina
605 3420 664 3463 non
678 3402 764 3464 dubie
779 3402 931 3462 confusura
946 3403 1086 3482 colores,
1104 3408 1134 3465 si
1152 3407 1194 3485 pi·
