2484 3817
295 194 707 251 nsn.u1su.xxvn.a.1o.
723 184 869 265 (ts—es.)
1023 185 1081 247 143

86 352 217 427 densior,
233 350 314 415 151115
324 349 360 411 ad
373 349 501 410 radicem
513 350 713 413 canaliculato.
733 351 881 429 utriusque
894 351 993 413 radice
1009 368 1078 415 sues
1088 362 1123 419 79

84 440 297 517 pinguescunt¹
317 433 387 497 lolia
405 435 553 513 utriusque
569 434 709 496 lateribus
727 435 858 512 pinnata,
880 436 955 496 unde
977 451 1081 496 nomeu

84 520 191 581 Graeci
206 519 373 596 unescere.
404 516 520 605 radices
538 520 686 597 utriusque
707 517 814 593 longae
830 519 858 577 in
876 518 1019 595 oblicum,
1038 520 1079 579 ni·

84 620 169 683 grae,
187 600 347 680 pmecipne
363 618 428 660 cnm
444 602 588 662 inurucre.
613 602 719 662 siccari
736 610 829 661 antem
846 619 897 661 eas
912 602 977 663 sole
992 618 1079 682 opor·

61 695 138 747 5151.
167 684 460 762 remotarumque,
479 684 533 745 sed
547 702 677 745 maxume
692 684 797 761 lrigido
813 684 889 745 solo.
919 685 1007 745 effodi
1026 686 1077 747 de-

85 770 157 829 bent
174 766 306 844 vergiliis
321 766 531 833 occidentibus.
558 785 628 828 usus
653 769 760 828 radicis
781 768 809 827 in
831 769 944 828 trimatu
965 778 1079 845 tantum,

84 860 267 931 nequeunte
290 869 347 911 neo
365 860 477 933 postea.
505 850 616 930 pellunt
639 853 852 912 interaneorum
870 852 1018 926 animalia,
1042 871 1080 913 ex

84 936 130 996 lris
145 937 255 997 taenias
268 952 332 995 cum
343 934 443 1011 melle,
458 943 557 995 cetera
567 953 606 995 ox
617 936 684 997 rino
694 934 770 995 dulci
781 934 874 995 triduo
888 943 983 1014 potae.
1006 944 1080 995 utra·

40 1066 46 1079 .
85 1038 142 1099 quc
157 1018 308 1080 stomacho
318 1018 506 1081 inutilissima.
535 1019 631 1079 alvom
644 1018 732 1079 solvit
746 1021 837 1096 prino
852 1018 940 1078 bilem
952 1018 1080 1095 trahens,

50 1120 153 1165 romox
169 1120 283 1181 aquam,
297 1102 401 1164 melius
417 1102 528 1165 1555155
541 1120 606 1163 cuns
618 1103 775 1163 scammoni
789 1102 851 1181 pari
865 1101 1006 1180 pondere.
1035 1112 1123 1167 rado

83 1188 133 1248 dix
156 1188 219 1247 eins
237 1186 372 1263 mondere
393 1185 477 1249 duum
497 1185 649 1247 obolorum
672 1204 710 1245 ex
734 1202 808 1263 aqna
830 1193 898 1264 post
918 1186 1001 1245 unius
1021 1185 1079 1245 dici

83 1270 285 1332 abstinentiam
296 1268 414 1347 bibitur,
430 1269 518 1332 molle
530 1277 718 1348 praegustato
734 1278 834 1329 contra
847 1268 1078 1330 rheumatismos.

83 1364 185 1414 555155
200 1352 292 1414 danda
306 1353 490 1435 mulieribus,
513 1354 646 1432 qnoniam
660 1352 789 1430 gravidis
803 1351 948 1429 abortum,
971 1356 1078 1414 ceteris

84 1438 266 1497 sterilitatem
280 1436 360 1497 iacit.
391 1436 482 1499 155155
497 1454 595 1499 earum
609 1436 757 1497 ulceribus
772 1436 872 1497 taetris
889 1437 1077 1515 inspargitur,

49 1524 272 1582 uelamentornm
289 1537 407 1598 quoque
426 1520 600 1581 cervicibus.
629 1521 700 1581 lolia
720 1520 849 1579 cimicem
871 1530 992 1597 necant,
1016 1538 1078 1580 ser·

82 1613 203 1684 pentem
218 1604 443 1683 conrecipient,
457 1604 526 1669 ideo
541 1604 687 1665 substerni
702 1603 770 1663 utile
783 1611 829 1664 est
844 1602 873 1660 in
887 1602 961 1662 locis
976 1620 1078 1681 suspe-

83 1691 149 1765 ctis,
165 1696 250 1747 ustae
265 1687 350 1748 etiam
364 1687 465 1764 fugant
481 1687 593 1749 nidore.
623 1688 724 1747 iecere
745 1685 850 1744 medici
864 1684 947 1744 buius
962 1702 1078 1763 quoque

80 1771 193 1832 barbae
215 1771 386 1850 discrimen,
415 1779 531 1849 optuma
550 1769 739 1831 blaccdoniea
765 1775 828 1842 est,
855 1766 983 1827 secunda
1008 1766 1077 1828 Cas·

82 1872 207 1933 5555555.
406 1901 410 1911 .

43 1969 73 2008 20
149 1937 231 2016 (56.)
252 1936 358 1997 Femur
376 1936 513 1997 bubulum
532 1934 697 2015 appellatur
716 1933 807 1995 berba
826 1934 925 1995 nervis
955 1942 985 1993 et
1004 1934 1075 2013 ipsis
1085 1945 1119 1999 81

83 2020 166 2081 utilis
180 2038 281 2080 recens
296 2022 326 2081 15
342 2030 427 2080 55515
445 2038 480 2080 55
497 2019 559 2080 5515
575 2020 651 2079 trita.

149 2105 232 2182 (57.)
252 2104 406 2182 Galeopsis
420 2113 479 2177 ant,
497 2103 598 2179 otalii,
615 2100 816 2179 galeobdolon
829 2102 878 2163 vel
895 2102 995 2181 galion
1011 2120 1078 2164 can·

82 2191 141 2249 lem
159 2196 190 2248 et
208 2187 279 2249 lolia
295 2186 383 2247 babet
401 2188 514 2248 urticae
534 2186 647 2249 leuiora
668 2194 698 2245 et
720 2203 794 2264 quae
815 2205 935 2265 mrem
957 2186 1077 2247 odorem

82 2275 148 2332 trita
162 2270 296 2346 reddant,
312 2271 384 2330 dore
400 2287 558 2350 purpureo.
582 2270 710 2331 nascitur
725 2270 802 2329 circa
820 2288 928 2349 saepes
941 2289 977 2331 ac
992 2272 1075 2331 semi-

46 2381 74 2420 55
85 2365 129 2415 155
145 2354 263 2434 ubique.
284 2354 353 2414 15115
366 2353 524 2433 caulesque
539 2353 656 2415 duritias
673 2360 702 2413 et
719 2354 908 2414 carcinomata
922 2362 1022 2415 sanant
1039 2372 1078 2413 cx

84 2448 168 2511 aceto
181 2440 249 2498 15115
263 2446 294 2498 51
306 2438 445 2516 inposita,
461 2440 529 2497 item
542 2445 674 2497 51555555.
702 2453 811 2516 panos,
823 2438 970 2517 parotidas
982 2438 1075 2497 discn-

82 2525 164 2582 tinut.
203 2539 242 2581 ex
269 2539 322 2581 usu
343 2530 390 2581 est
416 2530 446 2581 et
466 2520 608 2581 decoctae
632 2537 703 2581 suco
729 2520 841 2581 lovere.
880 2520 1076 2600 putrescentia

82 2622 199 2684 quoqne
215 2614 246 2664 51
258 2621 441 2681 gangraenas
454 2614 536 2665 sanat
550 2622 614 2664 cum
630 2604 703 2665 salo.

145 2689 230 2768 (58.)
252 2687 344 2747 (11555
361 2690 516 2765 5511551155
536 2689 708 2765 eugalacton
730 2685 903 2765 5555155155,Ι
925 2688 1019 2762 cytiso
1045 2694 1118 2750 5182

45 2772 238 2833 551551155155
259 2771 338 2831 151115
358 2770 474 2847 similis,
498 2789 600 2832 aversa
623 2770 795 2831 candidiora.
832 2773 902 2830 rami
921 2772 949 2829 in
970 2779 1076 2828 terram

81 2863 203 2933 serpunt
215 2856 294 2934 quini
308 2855 372 2915 5551
392 2854 542 2914 admodum
557 2862 670 2914 tennes.
697 2870 713 2912 a
728 2854 826 2913 radice
840 2853 954 2913 11555511
970 2869 1076 2930 purpu-

80 2940 125 2998 rei
140 2948 258 2999 exeunt.
295 2940 439 2998 inuenitur
455 2938 533 2998 iuxta
548 2955 638 2997 mare.
667 2938 799 3014 coquitur
819 2938 847 2993 in
863 2934 1022 2994 sorbitione
1038 2936 1075 2993 si·

80 3021 226 3097 5515ςί55
241 3020 278 3081 ad
295 3020 474 3081 excitandam
490 3021 651 3081 ubertatem
666 3019 759 3081 laetis.
788 3036 850 3079 eam
866 3020 914 3094 qui
929 3016 1076 3078 hauserint

80 3104 206 3165 balineis
221 3107 263 3165 uti
279 3105 423 3165 convenit.

42 3207 71 3246 55
145 3189 194 3249 10.
214 3190 298 3268 (59.)
323 3187 463 3249 Glaucion
476 3190 506 3248 in
520 3188 604 3262 Syria
618 3194 648 3245 ct
666 3184 780 3247 Parthia
796 3183 938 3258 nascitur,
962 3182 1118 3249 1555111583

80 3270 174 3331 berba
195 3273 293 3333 densis
316 3271 395 3332 loliis
409 3272 472 3332 iere
494 3272 664 3348 papaveris,
690 3268 848 3329 minoribus
870 3276 963 3326 tamen
980 3268 1072 3328 sordi-

81 3354 287 3433 dioribusque,
314 3355 414 3416 odoris
433 3355 534 3426 taetri,
563 3363 662 3431 gustus
683 3352 769 3413 amari
789 3368 852 3410 cum
878 3350 1072 3411 adstrictione.

80 3456 202 3516 3555555
220 3439 307 3499 babet
322 3439 422 3499 crocei
439 3437 556 3498 coloris.
584 3438 642 3496 boc
660 3437 688 3493 in
711 3434 770 3494 clla
786 3435 863 3493 lictili
880 3435 938 3493 luto
956 3435 1074 3492 circum-
