2484 3817
322 184 403 230 aar.
421 183 510 231 mrsu.
527 182 664 229 xxxmo,
679 180 704 231 a.
724 181 748 234 3.
769 170 883 248 (2-7.)
1052 172 1098 258 ,35

30 390 33 398 ,
108 337 263 397 manased
286 336 320 397 ad
343 338 485 397 fortunam
505 344 683 413 temperatur
700 338 730 395 in
751 334 911 395 simulacris
935 338 1097 414 signisque,

81 476 84 491 ,
109 421 178 481 illud
202 438 254 480 suo
277 421 379 481 colore
402 422 561 497 pretiosum
579 418 614 477 ad
637 420 774 479 iocineris
791 421 943 495 imaginem
959 426 1098 496 vergens,

111 503 186 581 quod
210 503 276 564 ideo
300 504 455 581 hepatizon
477 501 641 580 appellant,
662 502 765 580 procul
783 520 800 560 a
818 500 986 578 Corinthio,
1009 504 1098 580 longe

110 596 203 647 tamen
219 596 284 647 ante
298 588 501 665 Aegineticum
516 594 603 663 atque
618 582 778 661 Deliacum,
793 603 866 662 quae
884 583 932 643 diu
946 588 1098 662 optinuere

88 672 304 749 aprincipatum.

169 756 229 832 (4.)
253 754 460 831 Antiquissima
480 752 556 810 aeris
577 750 671 827 gloria
691 748 812 810 Deliaco
833 751 887 810 luit
907 760 1048 810 mercatus
1067 753 1123 816 ino

108 837 182 897 Delo
201 836 426 901 concelebrante
443 843 505 894 toto
525 834 614 909 orbe,
630 842 661 892 et
676 833 743 893 ideo
758 852 826 894 cura
843 834 976 893 cilicinis.
1011 833 1098 892 tricli-

108 922 220 980 niorum
236 919 357 997 pedibus
373 920 529 995 fulcrisque
544 918 584 977 ibi
600 918 690 994 prima
708 919 785 976 aeris
800 917 947 993 nobilitas,
965 918 1100 995 pervenit

108 1004 212 1063 deinde
224 1012 254 1063 et
269 1002 304 1061 ad
318 1002 401 1062 deum
415 1001 562 1062 simulacra
579 1001 764 1077 effigiemque
775 1000 918 1059 bominum
934 1008 964 1060 et
978 1000 1099 1059 aliorum

76 1086 274 1146 reanimalium.
891 1082 893 1090 ’

172 1160 231 1250 (δ’.)
255 1168 396 1227 Proxuma
417 1167 478 1227 laus
498 1167 675 1244 Aeginetico
698 1166 760 1225 luit.
796 1166 889 1226 insula
906 1168 968 1245 ipsa
992 1175 1039 1226 est
1052 1177 1141 1229 -10

108 1268 163 1312 nec
178 1252 309 1331 quodibi
324 1252 505 1327 gigneretur,
522 1250 575 1310 sed
591 1250 768 1309 cilicinarum
784 1257 977 1327 temperatura
992 1285 1034 1295 —-
1048 1268 1099 1309 no·

108 1336 228 1397 bilitata.
265 1334 319 1393 bos
337 1352 441 1394 aereus
462 1332 529 1393 inde
551 1342 652 1411 captas
667 1334 696 1391 in
713 1333 780 1391 ioro
797 1333 899 1392 boario
916 1342 962 1393 est
977 1333 1097 1393 Romae.

108 1420 163 1479 boc
183 1421 239 1479 erit
261 1416 410 1496 exemplar
428 1418 595 1495 Aeginetici
616 1418 710 1491 aeris,
731 1415 841 1474 Deliaci
859 1426 953 1475 autem
966 1416 1098 1495 luppiter

73 1506 136 1563 rain
151 1500 295 1582 Capitolio
310 1501 389 1560 lovis
408 1501 534 1560 tonantis
556 1501 638 1560 aede.
668 1499 719 1558 illo
740 1516 810 1557 aere
827 1496 931 1573 lllyron
951 1518 1020 1558 usus
1042 1509 1097 1570 est,

107 1588 162 1647 boc
176 1585 347 1662 Polyclitus,
364 1585 502 1661 aequales
517 1591 603 1661 atque
617 1580 818 1658 condiscipuli,
833 1581 886 1641 sed
900 1582 1052 1642 aemulatio
1068 1585 1100 1641 in

37 1708 44 1731 .
72 1669 75 1679 “
106 1671 224 1730 materia
240 1670 301 1729 init.

62 1751 66 1779 ’·
169 1754 197 1813 3.
218 1753 277 1833 (6.)
297 1732 431 1809 undatim
447 1748 560 1823 Aegina
575 1745 812 1805 candelabrorum
823 1749 1004 1825 superficiem
1019 1748 1095 1806 dum·
1107 1758 1137 1811 ll

107 1843 186 1894 taxat
203 1834 380 1907 elaboravit,
398 1832 473 1889 sicut
490 1829 643 1889 Tarentum
660 1846 774 1906 scapos.
803 1832 833 1889 in
848 1831 892 1890 bis
913 1849 984 1908 ergo
1002 1834 1097 1890 iuncta

73 1916 316 1977 recommendatio
333 1914 509 1974 cilicinarum
530 1920 584 1972 est.
620 1930 676 1972 nec
697 1913 786 1990 pudet
801 1915 979 1974 tribunorum
994 1914 1095 1973 milita·

109 2002 179 2059 rium
195 1999 307 2057 salariis
324 2015 439 2073 emere,
458 2014 519 2055 cum
535 1998 628 2073 ipsum
643 1997 747 2056 nomed
762 2015 778 2056 a
795 1998 976 2057 candelarum
991 1998 1096 2057 lumine

94 2086 264 2161 'inpositum
279 2081 422 2159 adpareat.
461 2081 592 2140 accessio
613 2080 777 2139 candelabri
802 2082 868 2140 talis
891 2082 945 2140 tuit
969 2081 1095 2141 Theonis

109 2170 189 2226 iussu
211 2166 372 2245 praeconis,
389 2161 543 2242 Clesippus
568 2162 640 2222 lullo
656 2164 763 2239 gibber
777 2172 978 2242 et‘praeterea
993 2173 1024 2225 et
1038 2165 1095 2224 alio

107 2250 210 2311 foedus
225 2248 374 2327 adspectu,
390 2256 504 2308 emente
520 2246 546 2305 id
560 2244 687 2324 Gegania
697 2246 752 2306 HS.
763 2250 795 2315 ῖ.
812 2249 912 2308 eadem
928 2256 1092 2310 ostentante
1105 2259 1138 2311 12

73 2337 137 2393 rein
160 2335 293 2393 convivio
317 2340 441 2410 emptum
458 2331 561 2390 ludibri
583 2348 668 2389 causa
687 2329 807 2390 nudatus
827 2340 913 2408 atque
929 2333 1095 2411 inpudentia

108 2416 234 2477 libidinis
253 2424 388 2493 receptus
404 2417 432 2475 in
455 2424 564 2491 torum,
579 2432 647 2472 mox
662 2415 691 2472 in
707 2423 925 2491 testamentum,
941 2416 1094 2494 praedives

109 2490 326 2559 numinumvice
342 2500 411 2560 illud
427 2497 629 2560 candelabrum
643 2497 732 2556 coluit
749 2506 779 2558 et
793 2498 866 2558 banc
884 2496 1039 2558 Corinthiis
1055 2498 1095 2558 ia·

100 2581 202 2641 vbulam
219 2582 334 2657 adiecit,
347 2583 497 2643 vindicatis
513 2589 606 2641 tamen
620 2581 749 2640 moribus
766 2582 856 2642 nobili
872 2581 1026 2660 sepulchro
1041 2599 1095 2659 per

111 2665 187 2742 quod
207 2672 324 2725 aeterna
345 2684 431 2743 supra
453 2674 546 2725 terras
563 2662 709 2739 Geganiae
725 2664 878 2725 dedecoris
893 2667 1030 2725 memoria
1047 2664 1095 2723 du-

73 2756 197 2808 coraret.
227 2749 279 2808 sed
296 2766 358 2807 cum
374 2767 441 2808 esse
456 2749 531 2807 nulla
548 2745 696 2806 Corinthia
712 2749 882 2808 candelabra
900 2756 1026 2824 constet,
1044 2765 1095 2807 no-

107 2849 173 2891 men
189 2830 221 2889 id
231 2832 387 2909 praecipue
399 2832 428 2890 in
443 2832 487 2891 bis
502 2830 683 2905 celebratur,
701 2834 833 2907 quoniam
843 2830 956 2889 blummi
972 2833 1095 2892 victoria

103 2914 276 2975 ssorintbum
290 2913 403 2992 quidem
418 2914 519 2991 diruit,
537 2913 619 2973 sede
632 2915 819 2991 conpluribus
837 2914 965 2973 Achaiae
981 2916 1094 2993 oppidis

108 2998 191 3058 simul
208 3014 275 3057 aera
291 2998 435 3074 dispersit.

169 3081 227 3159 (7.)
240 3080 330 3139 Prisci
342 3080 436 3139 limina
447 3081 573 3139 etiamac
583 3080 682 3139 valvas
693 3082 722 3139 in
730 3080 844 3157 templis
856 3098 894 3139 ex
905 3097 974 3140 aere
985 3082 1094 3142 iactita-
1104 3092 1137 3145 13

71 3178 188 3224 osvero,
217 3165 402 3223 invenioeta
432 3160 483 3221 Cn.
500 3162 620 3221 Octavio
636 3165 684 3239 qui
702 3163 739 3221 de
750 3162 861 3222 Perseo
877 3182 950 3240 rege
966 3163 1095 3223 navalem

108 3248 278 3326 triumphum
301 3249 362 3324 egit
382 3248 485 3307 iactam
500 3246 641 3324 porticum
664 3246 805 3323 duplicem
819 3246 854 3304 ad
873 3248 978 3306 circum
993 3247 1094 3307 Flami·

106 3333 182 3391 nium
199 3349 272 3409 quae
287 3329 435 3391 Corinthia
452 3331 489 3389 sit
505 3330 650 3407 appellata
664 3348 680 3388 a
694 3329 826 3407 capitulis
843 3331 937 3389 aereis
953 3330 1095 3390 columna-

105 3434 167 3475 rum
176 3456 186 3493 ,
202 3414 312 3475 Vestae
325 3413 555 3492 quoqueaedem
571 3414 662 3490 ipsam
673 3412 850 3489 Syracusana
865 3415 1020 3557 supprlicie
1033 3415 1094 3491 tegi
