2484 3817
148 176 167 233 4
469 184 498 233 G.
521 184 616 230 Putnt
636 182 785 231 sucunot

71 400 75 405 ,
148 340 345 415 inritamenta,
359 340 389 397 in
402 338 514 417 poculis
529 334 797 397 libidinescaelare
813 336 884 395 iuvit
903 354 937 395 ao
961 354 1014 414 per
1035 338 1138 400 obsce·

122 424 254 486 anitates
270 422 384 481 bibere.
406 422 520 481 abiecta
535 418 640 478 deinde
652 427 718 479 sunt
729 418 801 479 baec
813 426 843 479 et
860 419 981 479 sordere
996 438 1137 500 coepere,

148 513 178 564 et
194 506 254 562 auri
273 507 442 581 argentique
459 506 573 563 nimium
586 503 648 561 fuit.
678 504 802 560 murrina
819 520 857 562 ex
870 501 971 562 eadem
985 504 1092 565 tellure
1107 516 1137 567 et

147 586 311 663 crystallina
335 588 485 647 effodimus
506 587 609 665 quibus
632 587 753 662 pretium
780 587 891 645 faceret
906 586 970 664 ipsa
984 587 1135 664 fragilitas.

146 670 203 730 boc
226 680 422 747 argumentum
443 688 546 749 opum,
575 668 648 730 baec
670 684 741 727 vera
761 668 890 727 luxuriae
915 668 1010 745 gloria
1037 674 1157 731 existi-s

146 762 221 814 mata
240 763 302 829 est,
318 754 426 814 babere
442 753 518 831 quod
531 759 634 830 posset
650 753 744 810 statim
759 753 857 829 perire
875 760 975 811 totum.
1011 772 1065 813 nec
1079 755 1136 814 boc

146 838 200 897 fuit
220 838 307 913 satis,
331 838 413 895 turba
440 854 610 913 gemmarum
632 842 764 911 potamus
785 842 814 893 et
835 835 994 911 zmaragdis
1012 839 1136 897 teximus

146 919 270 996 calices,
286 938 319 980 ao
336 920 520 980 temulentiae
536 936 621 977 causa
637 925 740 977 tenere
757 916 863 976 Indiam
875 920 970 994 iuvat,
994 928 1024 979 et
1038 938 1137 981 aurum

145 1006 200 1062 iam
216 1005 346 1062 accessio
362 1010 416 1061 est.

120 1098 136 1151 6
211 1084 279 1163 Cap.
300 1088 325 1145 l.
356 1085 417 1161 (3.)
439 1082 609 1160 Utinamque
625 1091 727 1160 posset
750 1103 766 1142 e
786 1086 845 1142 vita
860 1085 889 1141 in
904 1092 994 1143 totum
1009 1085 1135 1147 abdicari
1144 1106 1171 1145 ro

91 1196 95 1211 =
147 1186 257 1227 sacrum
278 1169 371 1242 fame,
394 1164 630 1227 utoeleberrimi
657 1175 793 1226 auctores
813 1167 931 1243 dixere,
960 1170 1137 1246 proscissum

147 1252 286 1310 conviciis
303 1250 338 1308 ab
356 1250 479 1326 optumis
496 1249 658 1326 quibusque
677 1257 707 1308 et
724 1249 760 1308 ad
774 1252 932 1327 perniciem
944 1254 1021 1311 vitae
1035 1272 1137 1332 reper-

147 1342 222 1408 tum,
252 1340 357 1409 quanto
381 1332 515 1391 feliciore
542 1350 615 1391 aevo
639 1350 701 1391 eum
725 1351 773 1391 res
796 1334 877 1411 ipsae
901 1335 1136 1411 permutabantur

146 1418 223 1475 inter
238 1417 414 1491 sese,'sicut
430 1423 459 1475 et
476 1414 608 1474 Troianis
632 1416 810 1493 temporibus
835 1417 992 1475 factitatum
1007 1416 1133 1478 llomero
1158 1446 1163 1451 ·

120 1497 227 1562 farelli
243 1500 394 1558 convenit!
417 1500 456 1559 ita
472 1500 564 1575 enim,
581 1507 612 1557 ut
630 1501 751 1576 opinor,
766 1501 928 1558 conmercia
938 1502 1030 1559 rictus
1041 1505 1133 1576 gratia
1144 1524 1169 1563 15

145 1584 267 1641 invecta.
302 1582 374 1642 alios
397 1583 485 1641 coriis
508 1581 610 1657 boum,
639 1581 712 1640 alios
735 1582 816 1641 ferro
840 1584 1018 1660 captivisque
1045 1584 1133 1643 rebus

146 1668 314 1743 emptitasse
331 1665 435 1741 tradit,
457 1682 624 1741 quamquam
638 1667 703 1743 ipse
718 1666 773 1724 iam
790 1666 909 1724 mirator
924 1667 984 1724 auri
1002 1668 1133 1726 aestima·

146 1750 242 1808 tiones
264 1766 359 1808 rerum
383 1751 423 1807 ita
444 1748 515 1808 fecit
536 1756 567 1806 ut
588 1746 611 1807 C
634 1748 720 1807 boum
740 1766 817 1807 arma
844 1766 931 1807 aurea
952 1757 1132 1826 permutasse

145 1829 280 1891 Glaucum
302 1832 412 1890 diceret
433 1849 496 1890 oum
516 1830 665 1891 Diomedis
685 1834 771 1890 armis
785 1830 869 1890 v1111
892 1830 984 1890 boum.
1021 1851 1059 1891 ex
1076 1851 1132 1909 qua

144 1913 353 1974 consuetudine
367 1912 453 1973 multa
477 1914 573 1990 legum
594 1915 771 1990 antiquarum
786 1931 896 1992 pecore
915 1923 1027 1973 constat
1046 1918 1167 1975 etiamao

144 1995 263 2055 Romae.

118 2088 134 2145 fl
207 2081 240 2156 (4
244 2080 266 2157 .)
222 2078 452 2139 4Pessumum
466 2082 543 2138 vitae
559 2077 654 2137 scelus
676 2080 747 2139 fecit
769 2080 817 2156 qui
833 2082 940 2156 primus
956 2080 1045 2138 induit
1059 2080 1131 2157 digi

145 2164 200 2237 tia,
215 2180 269 2221 neo
284 2162 340 2221 boc
345 2164 418 2261 quis
434 2164 539 2222 fecerit
554 2162 691 2221 traditur.
713 2180 775 2220 uam
792 2161 827 2221 de
845 2162 1020 2221 Prometheo
1038 2167 1131 2223 omnia

144 2244 276 2303 fabulosa
292 2220 434 2321 arbitror,
450 2262 616 2322 quamquam
627 2245 669 2304 illi
686 2262 801 2322 quoque
815 2245 941 2304 ferreum
956 2244 1067 2303 anulum
1082 2247 1132 2306 de·

144 2326 185 2386 tn
198 2328 364 2405 antiquitas,
389 2328 587 2404 vinculumque
602 2328 647 2404 id,
668 2345 725 2387 non
745 2337 911 2404 gestamen,
933 2328 1063 2405 intellegi
1079 2348 1131 2389 no·
1139 2348 1165 2387 as

143 2409 204 2468 fuit.
238 2408 330 2469 blidas
352 2410 464 2487 quidem
481 2412 592 2470 anulum
614 2429 671 2487 quo
687 2413 858 2471 circumacto
875 2410 1027 2470 habentem
1044 2431 1129 2472 nemo

28 2524 30 2527 ·
115 2501 279 2558 occaneret
297 2495 361 2569 quis
384 2511 442 2553 non
463 2496 547 2553 etiam
570 2493 777 2554 fabulosiorem
802 2491 944 2552 fateatur?
979 2492 1078 2553 nanus
1098 2505 1129 2555 et

144 2592 263 2655 prorsus
284 2578 418 2635 sinistrae
441 2594 596 2635 maxumam
617 2578 815 2636 auctoritatem
835 2577 1030 2636 conciliavere
1046 2596 1128 2654 auro,

145 2676 202 2718 non
223 2658 337 2733 quidem
351 2658 513 2735 Romanae,
538 2676 653 2735 quarum
674 2662 703 2718 io
721 2676 801 2718 more
820 2660 909 2718 ferrei
926 2669 1008 2717 erant
1025 2669 1056 2720 et
1072 2664 1128 2719 vir·

143 2742 212 2799 tutis
227 2740 349 2800 bellicae
367 2744 489 2818 insigne.
524 2741 567 2800 De
592 2743 711 2818 regibus
725 2740 860 2800 Romanis
876 2761 934 2801 oon
949 2743 1034 2803 facile
1049 2743 1162 2804 dixe-ao

144 2825 203 2881 rim.
239 2824 344 2881 nullum
364 2821 451 2884 habet
470 2824 583 2882 Romuli
604 2828 633 2883 in
654 2823 799 2902 Capitolio
822 2833 916 2883 statua
937 2843 990 2884 nec
1009 2835 1127 2903 praeter

143 2904 251 2965 Numae
276 2906 416 2983 Seruique
443 2906 517 2964 'lulli
538 2905 591 2964 alia
613 2924 646 2964 ac
666 2924 701 2964 ne
721 2905 751 2964 L.
773 2907 886 2983 quidem
900 2907 987 2967 Bruti.
1017 2908 1072 2968 hoo
1097 2912 1127 2968 io

144 2987 305 3065 Tarquiniis
318 3007 445 3067 maxume
456 2992 555 3063 miror,
573 3004 691 3065 quorum
703 3008 719 3048 e
731 2988 851 3049 Graecia
865 2990 918 3048 fuit
934 2994 1035 3067 origo,
1051 2991 1126 3051 unde

143 3070 189 3129 bic
201 3070 347 3129 anulorum
358 3090 426 3130 usus
441 3073 535 3144 venit,
552 3088 716 3147 quamquam
728 3073 813 3131 etiam
825 3091 897 3132 nunc
908 3072 1126 3135 lacedaemone

102 3164 137 3217 10
145 3153 244 3211 farreo
259 3160 380 3212 utuntur.
410 3153 463 3212 sed
477 3170 492 3211 a
510 3152 609 3211 Prisco
621 3152 775 3231 Tarquinio
786 3158 907 3214 omnium
923 3160 1014 3234 primo
1027 3158 1161 3234 lilium,as

143 3252 206 3293 eum
220 3236 249 3292 in
263 3243 432 3312 praetextae
444 3237 524 3295 annis
537 3236 692 3296 occidisset
707 3237 830 3312 bostem,
842 3238 919 3297 bulla
933 3257 1021 3300 aurea
1039 3240 1126 3300 ‹lona-

144 3325 202 3374 turn
225 3326 354 3391 constat,
376 3316 449 3377 uode
469 3335 531 3377 mos
552 3318 648 3378 bullae
671 3319 795 3393 duravit,
817 3328 847 3379 ut
868 3339 967 3381 eorum
981 3325 1029 3402 qui
1047 3342 1125 3401 equo

144 3400 316 3459 meruissent
331 3398 412 3457 filii'
404 3403 516 3477 insigne
534 3399 562 3458 id
579 3400 737 3479 baberent,
756 3406 848 3461 ceteri
870 3404 969 3465 lorum.
1008 3416 1037 3466 et
1055 3408 1125 3467 ideo
