<?xml version="1.0" encoding="UTF-8"?>
<!DOCTYPE html PUBLIC "-//W3C//DTD XHTML 1.0 Transitional//EN"
    "http://www.w3.org/TR/xhtml1/DTD/xhtml1-transitional.dtd">
<html xmlns="http://www.w3.org/1999/xhtml" xml:lang="en" lang="en">
 <head>
  <title>
</title>
<meta http-equiv="Content-Type" content="text/html;charset=utf-8" />
  <meta name='ocr-system' content='tesseract 3.04.00' />
  <meta name='ocr-capabilities' content='ocr_page ocr_carea ocr_par ocr_line ocrx_word'/>
</head>
<body>
  <div class='ocr_page' id='page_1' title='image "./cplinisecundina24plingoog_0567.png"; bbox 0 0 2484 3817; ppageno 0'>
   <div class='ocr_carea' id='block_1_1' title="bbox 301 156 1069 234">
    <p class='ocr_par' dir='ltr' id='par_1_1' title="bbox 301 156 1069 234">
     <span class='ocr_line' id='line_1_1' title="bbox 301 156 1069 234; baseline 0.001 -18"><span class='ocrx_word' id='word_1_1' title='bbox 301 167 381 216; x_wconf 79' lang='lat' dir='ltr'><strong>unu.</strong></span> <span class='ocrx_word' id='word_1_2' title='bbox 402 168 496 217; x_wconf 81' lang='lat' dir='ltr'><strong>nrsn.</strong></span> <span class='ocrx_word' id='word_1_3' title='bbox 515 156 841 234; x_wconf 51' lang='lat' dir='ltr'><strong>xxxma-(1948.)</strong></span> <span class='ocrx_word' id='word_1_4' title='bbox 1029 156 1069 218; x_wconf 82' lang='lat'><strong>75</strong></span> 
     </span>
    </p>
   </div>
   <div class='ocr_carea' id='block_1_2' title="bbox 31 321 1157 3505">
    <p class='ocr_par' dir='ltr' id='par_1_2' title="bbox 70 321 1113 653">
     <span class='ocr_line' id='line_1_2' title="bbox 70 321 1072 403; baseline -0.001 -19"><span class='ocrx_word' id='word_1_5' title='bbox 70 325 116 384; x_wconf 87' lang='lat' dir='ltr'><strong>uis</strong></span> <span class='ocrx_word' id='word_1_6' title='bbox 130 343 148 384; x_wconf 91' lang='lat' dir='ltr'><strong>e</strong></span> <span class='ocrx_word' id='word_1_7' title='bbox 162 323 290 383; x_wconf 76' lang='lat' dir='ltr'><strong>vinaceis</strong></span> <span class='ocrx_word' id='word_1_8' title='bbox 304 323 406 384; x_wconf 89' lang='lat' dir='ltr'><strong>iecere</strong></span> <span class='ocrx_word' id='word_1_9' title='bbox 419 324 556 403; x_wconf 78' lang='lat' dir='ltr'><strong>tryginon</strong></span> <span class='ocrx_word' id='word_1_10' title='bbox 567 321 759 402; x_wconf 76' lang='lat' dir='ltr'><strong>appellantes.</strong></span> <span class='ocrx_word' id='word_1_11' title='bbox 791 322 915 401; x_wconf 83' lang='lat' dir='ltr'><strong>Apelles</strong></span> <span class='ocrx_word' id='word_1_12' title='bbox 927 340 1072 396; x_wconf 84' lang='lat' dir='ltr'><strong>commen·</strong></span> 
     </span>
     <span class='ocr_line' id='line_1_3' title="bbox 71 405 1071 485; baseline 0.001 -18"><span class='ocrx_word' id='word_1_13' title='bbox 71 417 117 467; x_wconf 88' lang='lat' dir='ltr'><strong>tus</strong></span> <span class='ocrx_word' id='word_1_14' title='bbox 129 415 176 467; x_wconf 89' lang='lat' dir='ltr'><strong>est</strong></span> <span class='ocrx_word' id='word_1_15' title='bbox 188 425 226 467; x_wconf 86' lang='lat' dir='ltr'><strong>ex</strong></span> <span class='ocrx_word' id='word_1_16' title='bbox 237 406 329 467; x_wconf 92' lang='lat' dir='ltr'><strong>ebore</strong></span> <span class='ocrx_word' id='word_1_17' title='bbox 346 407 498 479; x_wconf 87' lang='lat' dir='ltr'><strong>combusto</strong></span> <span class='ocrx_word' id='word_1_18' title='bbox 508 407 607 468; x_wconf 88' lang='lat' dir='ltr'><strong>iacere</strong></span> <span class='ocrx_word' id='word_1_19' title='bbox 623 405 701 483; x_wconf 87' lang='lat' dir='ltr'><strong>qaod</strong></span> <span class='ocrx_word' id='word_1_20' title='bbox 715 406 930 485; x_wconf 79' lang='lat' dir='ltr'><strong>elephantinum</strong></span> <span class='ocrx_word' id='word_1_21' title='bbox 940 415 1071 469; x_wconf 87' lang='lat' dir='ltr'><strong>vocatur.</strong></span> 
     </span>
     <span class='ocr_line' id='line_1_4' title="bbox 71 489 1113 569; baseline 0.003 -20"><span class='ocrx_word' id='word_1_22' title='bbox 71 491 250 569; x_wconf 83' lang='lat' dir='ltr'><strong>Adportotur</strong></span> <span class='ocrx_word' id='word_1_23' title='bbox 263 498 294 551; x_wconf 92' lang='lat' dir='ltr'><strong>et</strong></span> <span class='ocrx_word' id='word_1_24' title='bbox 307 489 433 552; x_wconf 92' lang='lat' dir='ltr'><strong>Indicum</strong></span> <span class='ocrx_word' id='word_1_25' title='bbox 448 510 486 552; x_wconf 86' lang='lat' dir='ltr'><strong>ex</strong></span> <span class='ocrx_word' id='word_1_26' title='bbox 502 490 582 551; x_wconf 87' lang='lat' dir='ltr'><strong>India</strong></span> <span class='ocrx_word' id='word_1_27' title='bbox 598 490 801 568; x_wconf 83' lang='lat' dir='ltr'><strong>inexploratae</strong></span> <span class='ocrx_word' id='word_1_28' title='bbox 819 490 910 550; x_wconf 90' lang='lat' dir='ltr'><strong>adhuc</strong></span> <span class='ocrx_word' id='word_1_29' title='bbox 925 493 1113 557; x_wconf 75' lang='lat' dir='ltr'><strong>inventio-43</strong></span> 
     </span>
     <span class='ocr_line' id='line_1_5' title="bbox 73 573 1071 653; baseline 0.001 -20"><span class='ocrx_word' id='word_1_30' title='bbox 73 576 118 634; x_wconf 88' lang='lat' dir='ltr'><strong>nis</strong></span> <span class='ocrx_word' id='word_1_31' title='bbox 137 573 212 633; x_wconf 91' lang='lat' dir='ltr'><strong>mibi.</strong></span> <span class='ocrx_word' id='word_1_32' title='bbox 247 575 279 634; x_wconf 90' lang='lat' dir='ltr'><strong>lit</strong></span> <span class='ocrx_word' id='word_1_33' title='bbox 296 577 383 635; x_wconf 90' lang='lat' dir='ltr'><strong>ctiam</strong></span> <span class='ocrx_word' id='word_1_34' title='bbox 396 574 472 653; x_wconf 91' lang='lat' dir='ltr'><strong>apud</strong></span> <span class='ocrx_word' id='word_1_35' title='bbox 485 575 645 635; x_wconf 77' lang='lat' dir='ltr'><strong>infectores</strong></span> <span class='ocrx_word' id='word_1_36' title='bbox 664 591 702 632; x_wconf 86' lang='lat' dir='ltr'><strong>ex</strong></span> <span class='ocrx_word' id='word_1_37' title='bbox 717 573 791 634; x_wconf 87' lang='lat' dir='ltr'><strong>tiore</strong></span> <span class='ocrx_word' id='word_1_38' title='bbox 806 576 891 651; x_wconf 88' lang='lat' dir='ltr'><strong>nigro</strong></span> <span class='ocrx_word' id='word_1_39' title='bbox 905 576 953 651; x_wconf 89' lang='lat' dir='ltr'><strong>qni</strong></span> <span class='ocrx_word' id='word_1_40' title='bbox 968 574 1071 635; x_wconf 90' lang='lat' dir='ltr'><strong>adbae-</strong></span> 
     </span>
    </p>

    <p class='ocr_par' dir='ltr' id='par_1_3' title="bbox 47 656 1070 1072">
     <span class='ocr_line' id='line_1_6' title="bbox 47 656 1069 735; baseline 0 -17"><span class='ocrx_word' id='word_1_41' title='bbox 47 660 162 718; x_wconf 75' lang='lat' dir='ltr'><strong>⁵rescit</strong></span> <span class='ocrx_word' id='word_1_42' title='bbox 173 661 269 719; x_wconf 87' lang='lat' dir='ltr'><strong>aereis</strong></span> <span class='ocrx_word' id='word_1_43' title='bbox 285 660 415 719; x_wconf 86' lang='lat' dir='ltr'><strong>cortinis.</strong></span> <span class='ocrx_word' id='word_1_44' title='bbox 444 658 477 718; x_wconf 90' lang='lat' dir='ltr'><strong>iit</strong></span> <span class='ocrx_word' id='word_1_45' title='bbox 492 667 522 719; x_wconf 91' lang='lat' dir='ltr'><strong>et</strong></span> <span class='ocrx_word' id='word_1_46' title='bbox 533 658 613 735; x_wconf 93' lang='lat' dir='ltr'><strong>ligno</strong></span> <span class='ocrx_word' id='word_1_47' title='bbox 629 656 752 726; x_wconf 89' lang='lat' dir='ltr'><strong>etaedis</strong></span> <span class='ocrx_word' id='word_1_48' title='bbox 766 658 918 730; x_wconf 89' lang='lat' dir='ltr'><strong>combusto</strong></span> <span class='ocrx_word' id='word_1_49' title='bbox 934 659 1069 735; x_wconf 81' lang='lat' dir='ltr'><strong>tritisque</strong></span> 
     </span>
     <span class='ocr_line' id='line_1_7' title="bbox 69 740 1070 821; baseline 0 -20"><span class='ocrx_word' id='word_1_50' title='bbox 69 744 255 821; x_wconf 88' lang='lat' dir='ltr'><strong>inmortario</strong></span> <span class='ocrx_word' id='word_1_51' title='bbox 277 742 460 803; x_wconf 89' lang='lat' dir='ltr'><strong>carbonibus.</strong></span> <span class='ocrx_word' id='word_1_52' title='bbox 492 743 563 801; x_wconf 92' lang='lat' dir='ltr'><strong>mira</strong></span> <span class='ocrx_word' id='word_1_53' title='bbox 582 743 612 800; x_wconf 91' lang='lat' dir='ltr'><strong>iu</strong></span> <span class='ocrx_word' id='word_1_54' title='bbox 630 740 687 799; x_wconf 90' lang='lat' dir='ltr'><strong>boc</strong></span> <span class='ocrx_word' id='word_1_55' title='bbox 701 742 864 819; x_wconf 80' lang='lat' dir='ltr'><strong>saepiarum</strong></span> <span class='ocrx_word' id='word_1_56' title='bbox 878 750 995 816; x_wconf 89' lang='lat' dir='ltr'><strong>natura,</strong></span> <span class='ocrx_word' id='word_1_57' title='bbox 1016 742 1070 801; x_wconf 92' lang='lat' dir='ltr'><strong>sed</strong></span> 
     </span>
     <span class='ocr_line' id='line_1_8' title="bbox 71 824 1069 903; baseline -0.002 -18"><span class='ocrx_word' id='word_1_58' title='bbox 71 844 109 885; x_wconf 89' lang='lat' dir='ltr'><strong>ex</strong></span> <span class='ocrx_word' id='word_1_59' title='bbox 126 825 169 886; x_wconf 91' lang='lat' dir='ltr'><strong>bis</strong></span> <span class='ocrx_word' id='word_1_60' title='bbox 185 842 244 886; x_wconf 91' lang='lat' dir='ltr'><strong>uon</strong></span> <span class='ocrx_word' id='word_1_61' title='bbox 260 826 300 886; x_wconf 88' lang='lat' dir='ltr'><strong>iit.</strong></span> <span class='ocrx_word' id='word_1_62' title='bbox 332 844 417 886; x_wconf 92' lang='lat' dir='ltr'><strong>omne</strong></span> <span class='ocrx_word' id='word_1_63' title='bbox 438 834 534 886; x_wconf 90' lang='lat' dir='ltr'><strong>autem</strong></span> <span class='ocrx_word' id='word_1_64' title='bbox 555 832 743 884; x_wconf 87' lang='lat' dir='ltr'><strong>atramentum</strong></span> <span class='ocrx_word' id='word_1_65' title='bbox 763 824 828 885; x_wconf 90' lang='lat' dir='ltr'><strong>sole</strong></span> <span class='ocrx_word' id='word_1_66' title='bbox 847 826 1014 903; x_wconf 77' lang='lat' dir='ltr'><strong>perlinitur,</strong></span> <span class='ocrx_word' id='word_1_67' title='bbox 1036 825 1069 884; x_wconf 95' lang='lat' dir='ltr'><strong>li·</strong></span> 
     </span>
     <span class='ocr_line' id='line_1_9' title="bbox 70 907 1070 988; baseline -0.004 -18"><span class='ocrx_word' id='word_1_68' title='bbox 70 909 197 971; x_wconf 91' lang='lat' dir='ltr'><strong>brarium</strong></span> <span class='ocrx_word' id='word_1_69' title='bbox 211 928 339 988; x_wconf 91' lang='lat' dir='ltr'><strong>cummc,</strong></span> <span class='ocrx_word' id='word_1_70' title='bbox 361 912 516 970; x_wconf 89' lang='lat' dir='ltr'><strong>tectorium</strong></span> <span class='ocrx_word' id='word_1_71' title='bbox 529 908 642 985; x_wconf 89' lang='lat' dir='ltr'><strong>glutino</strong></span> <span class='ocrx_word' id='word_1_72' title='bbox 657 908 793 969; x_wconf 83' lang='lat' dir='ltr'><strong>admixto.</strong></span> <span class='ocrx_word' id='word_1_73' title='bbox 833 908 910 987; x_wconf 94' lang='lat' dir='ltr'><strong>quod</strong></span> <span class='ocrx_word' id='word_1_74' title='bbox 931 917 1016 968; x_wconf 88' lang='lat' dir='ltr'><strong>aceto</strong></span> <span class='ocrx_word' id='word_1_75' title='bbox 1037 907 1070 967; x_wconf 93' lang='lat' dir='ltr'><strong>li-</strong></span> 
     </span>
     <span class='ocr_line' id='line_1_10' title="bbox 72 993 537 1072; baseline -0.002 -18"><span class='ocrx_word' id='word_1_76' title='bbox 72 993 235 1072; x_wconf 84' lang='lat' dir='ltr'><strong>quefactum</strong></span> <span class='ocrx_word' id='word_1_77' title='bbox 252 1001 300 1052; x_wconf 88' lang='lat' dir='ltr'><strong>est</strong></span> <span class='ocrx_word' id='word_1_78' title='bbox 314 1011 405 1071; x_wconf 89' lang='lat' dir='ltr'><strong>aegre</strong></span> <span class='ocrx_word' id='word_1_79' title='bbox 422 993 537 1053; x_wconf 90' lang='lat' dir='ltr'><strong>eluitur.</strong></span> 
     </span>
    </p>

    <p class='ocr_par' dir='ltr' id='par_1_4' title="bbox 35 1074 1116 1488">
     <span class='ocr_line' id='line_1_11' title="bbox 35 1074 1113 1154; baseline 0.001 -17"><span class='ocrx_word' id='word_1_80' title='bbox 35 1082 72 1122; x_wconf 83' lang='lat'><strong>1⁰·</strong></span> <span class='ocrx_word' id='word_1_81' title='bbox 135 1076 218 1154; x_wconf 88' lang='grc'>(26.)</span> <span class='ocrx_word' id='word_1_82' title='bbox 239 1074 264 1135; x_wconf 82' lang='grc' dir='ltr'>Ε</span> <span class='ocrx_word' id='word_1_83' title='bbox 286 1076 409 1154; x_wconf 89' lang='lat' dir='ltr'><strong>reliquis</strong></span> <span class='ocrx_word' id='word_1_84' title='bbox 429 1076 578 1138; x_wconf 90' lang='lat' dir='ltr'><strong>coloribus</strong></span> <span class='ocrx_word' id='word_1_85' title='bbox 600 1093 674 1154; x_wconf 90' lang='lat' dir='ltr'><strong>quos</strong></span> <span class='ocrx_word' id='word_1_86' title='bbox 694 1094 710 1135; x_wconf 90' lang='lat' dir='ltr'><strong>a</strong></span> <span class='ocrx_word' id='word_1_87' title='bbox 727 1076 850 1136; x_wconf 91' lang='lat' dir='ltr'><strong>dominis</strong></span> <span class='ocrx_word' id='word_1_88' title='bbox 868 1074 929 1135; x_wconf 92' lang='lat' dir='ltr'><strong>dari</strong></span> <span class='ocrx_word' id='word_1_89' title='bbox 945 1074 1113 1138; x_wconf 76' lang='lat' dir='ltr'><strong>diximusat</strong></span> 
     </span>
     <span class='ocr_line' id='line_1_12' title="bbox 72 1158 1116 1239; baseline -0.002 -19"><span class='ocrx_word' id='word_1_90' title='bbox 72 1168 195 1239; x_wconf 87' lang='lat' dir='ltr'><strong>propter</strong></span> <span class='ocrx_word' id='word_1_91' title='bbox 219 1160 444 1237; x_wconf 83' lang='lat' dir='ltr'><strong>magnitudinem</strong></span> <span class='ocrx_word' id='word_1_92' title='bbox 469 1162 634 1239; x_wconf 81' lang='lat' dir='ltr'><strong>preliante</strong></span> <span class='ocrx_word' id='word_1_93' title='bbox 662 1161 753 1219; x_wconf 93' lang='lat' dir='ltr'><strong>omnis</strong></span> <span class='ocrx_word' id='word_1_94' title='bbox 783 1168 829 1219; x_wconf 90' lang='lat' dir='ltr'><strong>est</strong></span> <span class='ocrx_word' id='word_1_95' title='bbox 857 1158 1116 1236; x_wconf 44' lang='lat' dir='ltr'><strong>purpurissum&amp;</strong></span> 
     </span>
     <span class='ocr_line' id='line_1_13' title="bbox 72 1241 1070 1323; baseline -0.003 -20"><span class='ocrx_word' id='word_1_96' title='bbox 72 1252 152 1303; x_wconf 89' lang='lat' dir='ltr'><strong>creta</strong></span> <span class='ocrx_word' id='word_1_97' title='bbox 166 1245 331 1319; x_wconf 89' lang='lat' dir='ltr'><strong>argentaria</strong></span> <span class='ocrx_word' id='word_1_98' title='bbox 344 1262 407 1304; x_wconf 93' lang='lat' dir='ltr'><strong>cum</strong></span> <span class='ocrx_word' id='word_1_99' title='bbox 421 1246 555 1323; x_wconf 90' lang='lat' dir='ltr'><strong>purpuris</strong></span> <span class='ocrx_word' id='word_1_100' title='bbox 569 1246 680 1321; x_wconf 90' lang='lat' dir='ltr'><strong>pariter</strong></span> <span class='ocrx_word' id='word_1_101' title='bbox 694 1244 844 1320; x_wconf 90' lang='lat' dir='ltr'><strong>tinguitur,</strong></span> <span class='ocrx_word' id='word_1_102' title='bbox 855 1241 988 1319; x_wconf 86' lang='lat' dir='ltr'><strong>bibitque</strong></span> <span class='ocrx_word' id='word_1_103' title='bbox 1004 1260 1070 1302; x_wconf 91' lang='lat' dir='ltr'><strong>eum</strong></span> 
     </span>
     <span class='ocr_line' id='line_1_14' title="bbox 71 1326 1068 1405; baseline -0.002 -19"><span class='ocrx_word' id='word_1_104' title='bbox 71 1326 202 1387; x_wconf 89' lang='lat' dir='ltr'><strong>colorem</strong></span> <span class='ocrx_word' id='word_1_105' title='bbox 227 1327 353 1387; x_wconf 91' lang='lat' dir='ltr'><strong>celerius</strong></span> <span class='ocrx_word' id='word_1_106' title='bbox 378 1328 464 1388; x_wconf 74' lang='lat' dir='ltr'><strong>lauis:</strong></span> <span class='ocrx_word' id='word_1_107' title='bbox 507 1327 697 1405; x_wconf 81' lang='lat' dir='ltr'><strong>Praecipuum</strong></span> <span class='ocrx_word' id='word_1_108' title='bbox 720 1336 768 1387; x_wconf 91' lang='lat' dir='ltr'><strong>est</strong></span> <span class='ocrx_word' id='word_1_109' title='bbox 790 1328 910 1405; x_wconf 89' lang='lat' dir='ltr'><strong>primum</strong></span> <span class='ocrx_word' id='word_1_110' title='bbox 933 1326 1068 1387; x_wconf 86' lang='lat' dir='ltr'><strong>fervente</strong></span> 
     </span>
     <span class='ocr_line' id='line_1_15' title="bbox 71 1410 1067 1488; baseline -0.001 -18"><span class='ocrx_word' id='word_1_111' title='bbox 71 1410 165 1470; x_wconf 92' lang='lat' dir='ltr'><strong>abeno</strong></span> <span class='ocrx_word' id='word_1_112' title='bbox 188 1411 306 1471; x_wconf 89' lang='lat' dir='ltr'><strong>rudibus</strong></span> <span class='ocrx_word' id='word_1_113' title='bbox 330 1410 546 1475; x_wconf 86' lang='lat' dir='ltr'><strong>medicamentis</strong></span> <span class='ocrx_word' id='word_1_114' title='bbox 564 1412 752 1485; x_wconf 88' lang='lat' dir='ltr'><strong>inebriatum,</strong></span> <span class='ocrx_word' id='word_1_115' title='bbox 772 1427 941 1488; x_wconf 84' lang='lat' dir='ltr'><strong>proxumum</strong></span> <span class='ocrx_word' id='word_1_116' title='bbox 961 1418 1067 1487; x_wconf 89' lang='lat' dir='ltr'><strong>egesto</strong></span> 
     </span>
    </p>

    <p class='ocr_par' dir='ltr' id='par_1_5' title="bbox 36 1492 1157 1905">
     <span class='ocr_line' id='line_1_16' title="bbox 36 1492 1069 1572; baseline -0.002 -19"><span class='ocrx_word' id='word_1_117' title='bbox 36 1499 62 1539; x_wconf 88' lang='lat'><strong>¹⁵</strong></span> <span class='ocrx_word' id='word_1_118' title='bbox 73 1514 109 1556; x_wconf 92' lang='lat' dir='ltr'><strong>eo</strong></span> <span class='ocrx_word' id='word_1_119' title='bbox 126 1492 219 1553; x_wconf 89' lang='lat' dir='ltr'><strong>addita</strong></span> <span class='ocrx_word' id='word_1_120' title='bbox 236 1505 318 1555; x_wconf 87' lang='lat' dir='ltr'><strong>creta</strong></span> <span class='ocrx_word' id='word_1_121' title='bbox 333 1496 422 1554; x_wconf 89' lang='lat' dir='ltr'><strong>iuius</strong></span> <span class='ocrx_word' id='word_1_122' title='bbox 437 1495 523 1556; x_wconf 90' lang='lat' dir='ltr'><strong>idem.</strong></span> <span class='ocrx_word' id='word_1_123' title='bbox 550 1504 581 1555; x_wconf 90' lang='lat' dir='ltr'><strong>et</strong></span> <span class='ocrx_word' id='word_1_124' title='bbox 596 1497 731 1572; x_wconf 89' lang='lat' dir='ltr'><strong>quotiens</strong></span> <span class='ocrx_word' id='word_1_125' title='bbox 747 1492 776 1551; x_wconf 93' lang='lat' dir='ltr'><strong>id</strong></span> <span class='ocrx_word' id='word_1_126' title='bbox 790 1495 895 1552; x_wconf 88' lang='lat' dir='ltr'><strong>iactum</strong></span> <span class='ocrx_word' id='word_1_127' title='bbox 910 1502 957 1552; x_wconf 90' lang='lat' dir='ltr'><strong>est</strong></span> <span class='ocrx_word' id='word_1_128' title='bbox 972 1492 1069 1552; x_wconf 88' lang='lat' dir='ltr'><strong>eleva-</strong></span> 
     </span>
     <span class='ocr_line' id='line_1_17' title="bbox 72 1574 1110 1658; baseline 0.002 -21"><span class='ocrx_word' id='word_1_129' title='bbox 72 1587 118 1638; x_wconf 89' lang='lat' dir='ltr'><strong>tur</strong></span> <span class='ocrx_word' id='word_1_130' title='bbox 132 1578 246 1638; x_wconf 89' lang='lat' dir='ltr'><strong>bouitas</strong></span> <span class='ocrx_word' id='word_1_131' title='bbox 263 1595 318 1658; x_wconf 94' lang='lat' dir='ltr'><strong>pro</strong></span> <span class='ocrx_word' id='word_1_132' title='bbox 339 1596 459 1638; x_wconf 90' lang='lat' dir='ltr'><strong>numero</strong></span> <span class='ocrx_word' id='word_1_133' title='bbox 477 1579 613 1638; x_wconf 89' lang='lat' dir='ltr'><strong>dilutiore</strong></span> <span class='ocrx_word' id='word_1_134' title='bbox 636 1579 726 1637; x_wconf 87' lang='lat' dir='ltr'><strong>sanie.</strong></span> <span class='ocrx_word' id='word_1_135' title='bbox 769 1593 859 1654; x_wconf 87' lang='lat' dir='ltr'><strong>quare</strong></span> <span class='ocrx_word' id='word_1_136' title='bbox 878 1574 1066 1635; x_wconf 88' lang='lat' dir='ltr'><strong>Puteolanum</strong></span> <span class='ocrx_word' id='word_1_137' title='bbox 1076 1586 1110 1639; x_wconf 81' lang='lat'><strong>45</strong></span> 
     </span>
     <span class='ocr_line' id='line_1_18' title="bbox 71 1657 1157 1740; baseline -0.004 -19"><span class='ocrx_word' id='word_1_138' title='bbox 71 1662 168 1740; x_wconf 90' lang='lat' dir='ltr'><strong>potius</strong></span> <span class='ocrx_word' id='word_1_139' title='bbox 184 1661 317 1722; x_wconf 92' lang='lat' dir='ltr'><strong>laudetur</strong></span> <span class='ocrx_word' id='word_1_140' title='bbox 332 1679 415 1739; x_wconf 92' lang='lat' dir='ltr'><strong>quam</strong></span> <span class='ocrx_word' id='word_1_141' title='bbox 430 1661 548 1737; x_wconf 78' lang='lat' dir='ltr'><strong>Tyrium</strong></span> <span class='ocrx_word' id='word_1_142' title='bbox 563 1669 610 1719; x_wconf 88' lang='lat' dir='ltr'><strong>ant</strong></span> <span class='ocrx_word' id='word_1_143' title='bbox 627 1658 806 1720; x_wconf 86' lang='lat' dir='ltr'><strong>Gaetulicum</strong></span> <span class='ocrx_word' id='word_1_144' title='bbox 819 1658 868 1718; x_wconf 87' lang='lat' dir='ltr'><strong>vel</strong></span> <span class='ocrx_word' id='word_1_145' title='bbox 885 1657 1067 1737; x_wconf 86' lang='lat' dir='ltr'><strong>Laconicum,</strong></span> <span class='ocrx_word' id='word_1_146' title='bbox 1086 1709 1090 1718; x_wconf 21' lang='lat' dir='ltr'><strong>i</strong></span> <span class='ocrx_word' id='word_1_147' title='bbox 1154 1730 1157 1736; x_wconf 23' lang='grc' dir='ltr'><strong><em>Ι</em></strong></span> 
     </span>
     <span class='ocr_line' id='line_1_19' title="bbox 71 1741 1069 1823; baseline -0.002 -19"><span class='ocrx_word' id='word_1_148' title='bbox 71 1745 146 1805; x_wconf 90' lang='lat' dir='ltr'><strong>uude</strong></span> <span class='ocrx_word' id='word_1_149' title='bbox 166 1745 397 1823; x_wconf 87' lang='lat' dir='ltr'><strong>pretiosissimae</strong></span> <span class='ocrx_word' id='word_1_150' title='bbox 418 1761 579 1822; x_wconf 89' lang='lat' dir='ltr'><strong>purpurae,</strong></span> <span class='ocrx_word' id='word_1_151' title='bbox 599 1754 685 1802; x_wconf 82' lang='lat' dir='ltr'><strong>causa</strong></span> <span class='ocrx_word' id='word_1_152' title='bbox 706 1752 753 1803; x_wconf 90' lang='lat' dir='ltr'><strong>est</strong></span> <span class='ocrx_word' id='word_1_153' title='bbox 774 1743 850 1821; x_wconf 94' lang='lat' dir='ltr'><strong>quod</strong></span> <span class='ocrx_word' id='word_1_154' title='bbox 870 1741 994 1819; x_wconf 73' lang='lat' dir='ltr'><strong>hysgino</strong></span> <span class='ocrx_word' id='word_1_155' title='bbox 1012 1761 1069 1802; x_wconf 91' lang='lat' dir='ltr'><strong>ma·</strong></span> 
     </span>
     <span class='ocr_line' id='line_1_20' title="bbox 71 1826 1067 1905; baseline -0.002 -18"><span class='ocrx_word' id='word_1_156' title='bbox 71 1846 156 1887; x_wconf 83' lang='lat' dir='ltr'><strong>xume</strong></span> <span class='ocrx_word' id='word_1_157' title='bbox 184 1828 308 1887; x_wconf 88' lang='lat' dir='ltr'><strong>inlicitur</strong></span> <span class='ocrx_word' id='word_1_158' title='bbox 327 1826 468 1905; x_wconf 92' lang='lat' dir='ltr'><strong>rubiaque</strong></span> <span class='ocrx_word' id='word_1_159' title='bbox 490 1844 564 1904; x_wconf 89' lang='lat' dir='ltr'><strong>quae</strong></span> <span class='ocrx_word' id='word_1_160' title='bbox 586 1827 702 1903; x_wconf 83' lang='lat' dir='ltr'><strong>sugitur</strong></span> <span class='ocrx_word' id='word_1_161' title='bbox 722 1827 854 1887; x_wconf 88' lang='lat' dir='ltr'><strong>sorbere.</strong></span> <span class='ocrx_word' id='word_1_162' title='bbox 899 1826 1067 1885; x_wconf 81' lang='lat' dir='ltr'><strong>vilissimum</strong></span> 
     </span>
    </p>

    <p class='ocr_par' dir='ltr' id='par_1_6' title="bbox 34 1908 1091 2241">
     <span class='ocr_line' id='line_1_21' title="bbox 34 1908 1091 1988; baseline -0.003 -17"><span class='ocrx_word' id='word_1_163' title='bbox 34 1917 88 1971; x_wconf 84' lang='lat' dir='ltr'><strong>2⁰a</strong></span> <span class='ocrx_word' id='word_1_164' title='bbox 105 1908 240 1969; x_wconf 84' lang='lat' dir='ltr'><strong>Canusio.</strong></span> <span class='ocrx_word' id='word_1_165' title='bbox 275 1912 400 1988; x_wconf 90' lang='lat' dir='ltr'><strong>pretium</strong></span> <span class='ocrx_word' id='word_1_166' title='bbox 419 1928 436 1969; x_wconf 94' lang='lat' dir='ltr'><strong>a</strong></span> <span class='ocrx_word' id='word_1_167' title='bbox 457 1909 578 1987; x_wconf 88' lang='lat' dir='ltr'><strong>singulis</strong></span> <span class='ocrx_word' id='word_1_168' title='bbox 594 1909 721 1970; x_wconf 88' lang='lat' dir='ltr'><strong>denariis</strong></span> <span class='ocrx_word' id='word_1_169' title='bbox 736 1912 765 1970; x_wconf 93' lang='lat' dir='ltr'><strong>iu</strong></span> <span class='ocrx_word' id='word_1_170' title='bbox 780 1910 869 1970; x_wconf 91' lang='lat' dir='ltr'><strong>libras</strong></span> <span class='ocrx_word' id='word_1_171' title='bbox 890 1910 925 1969; x_wconf 92' lang='lat' dir='ltr'><strong>ad</strong></span> <span class='ocrx_word' id='word_1_172' title='bbox 940 1911 1066 1987; x_wconf 87' lang='lat' dir='ltr'><strong>triginta.</strong></span> <span class='ocrx_word' id='word_1_173' title='bbox 1086 1930 1091 1939; x_wconf 87' lang='lat'><em>·</em></span> 
     </span>
     <span class='ocr_line' id='line_1_22' title="bbox 72 1992 1064 2073; baseline -0.001 -20"><span class='ocrx_word' id='word_1_174' title='bbox 72 1996 227 2073; x_wconf 86' lang='lat' dir='ltr'><strong>pingentes</strong></span> <span class='ocrx_word' id='word_1_175' title='bbox 244 1992 371 2071; x_wconf 77' lang='lat' dir='ltr'><strong>sandyce</strong></span> <span class='ocrx_word' id='word_1_176' title='bbox 383 1992 500 2071; x_wconf 77' lang='lat' dir='ltr'><strong>coblita,</strong></span> <span class='ocrx_word' id='word_1_177' title='bbox 517 2012 585 2053; x_wconf 88' lang='lat' dir='ltr'><strong>mox</strong></span> <span class='ocrx_word' id='word_1_178' title='bbox 600 2011 658 2054; x_wconf 83' lang='lat' dir='ltr'><strong>ovo</strong></span> <span class='ocrx_word' id='word_1_179' title='bbox 673 1993 844 2054; x_wconf 86' lang='lat' dir='ltr'><strong>inducentes</strong></span> <span class='ocrx_word' id='word_1_180' title='bbox 857 1996 1064 2073; x_wconf 87' lang='lat' dir='ltr'><strong>purpurissum,</strong></span> 
     </span>
     <span class='ocr_line' id='line_1_23' title="bbox 71 2077 1065 2157; baseline -0.001 -19"><span class='ocrx_word' id='word_1_181' title='bbox 71 2077 216 2154; x_wconf 88' lang='lat' dir='ltr'><strong>fulgorem</strong></span> <span class='ocrx_word' id='word_1_182' title='bbox 227 2078 294 2137; x_wconf 91' lang='lat' dir='ltr'><strong>mini</strong></span> <span class='ocrx_word' id='word_1_183' title='bbox 305 2077 422 2138; x_wconf 87' lang='lat' dir='ltr'><strong>iaciunt.</strong></span> <span class='ocrx_word' id='word_1_184' title='bbox 452 2079 477 2137; x_wconf 90' lang='lat' dir='ltr'><strong>si</strong></span> <span class='ocrx_word' id='word_1_185' title='bbox 489 2096 644 2157; x_wconf 91' lang='lat' dir='ltr'><strong>purpuram</strong></span> <span class='ocrx_word' id='word_1_186' title='bbox 655 2079 754 2139; x_wconf 85' lang='lat' dir='ltr'><strong>iacere</strong></span> <span class='ocrx_word' id='word_1_187' title='bbox 765 2078 889 2154; x_wconf 91' lang='lat' dir='ltr'><strong>malunt,</strong></span> <span class='ocrx_word' id='word_1_188' title='bbox 902 2079 1065 2138; x_wconf 86' lang='lat' dir='ltr'><strong>caeruleum</strong></span> 
     </span>
     <span class='ocr_line' id='line_1_24' title="bbox 72 2161 827 2241; baseline 0.001 -20"><span class='ocrx_word' id='word_1_189' title='bbox 72 2161 236 2238; x_wconf 75' lang='lat' dir='ltr'><strong>sublinunt,</strong></span> <span class='ocrx_word' id='word_1_190' title='bbox 257 2178 326 2221; x_wconf 82' lang='lat' dir='ltr'><strong>mox</strong></span> <span class='ocrx_word' id='word_1_191' title='bbox 339 2162 538 2241; x_wconf 89' lang='lat' dir='ltr'><strong>purpurissum</strong></span> <span class='ocrx_word' id='word_1_192' title='bbox 554 2179 664 2222; x_wconf 79' lang='lat' dir='ltr'><strong>exoro</strong></span> <span class='ocrx_word' id='word_1_193' title='bbox 682 2162 827 2222; x_wconf 91' lang='lat' dir='ltr'><strong>inducunt.</strong></span> 
     </span>
    </p>

    <p class='ocr_par' dir='ltr' id='par_1_7' title="bbox 135 2244 1108 2326">
     <span class='ocr_line' id='line_1_25' title="bbox 135 2244 1108 2326; baseline 0.007 -22"><span class='ocrx_word' id='word_1_194' title='bbox 135 2244 216 2326; x_wconf 90' lang='grc'>(27.)</span> <span class='ocrx_word' id='word_1_195' title='bbox 237 2245 285 2306; x_wconf 83' lang='lat' dir='ltr'><strong>Ab</strong></span> <span class='ocrx_word' id='word_1_196' title='bbox 300 2244 357 2307; x_wconf 88' lang='lat' dir='ltr'><strong>boc</strong></span> <span class='ocrx_word' id='word_1_197' title='bbox 371 2262 499 2305; x_wconf 82' lang='lat' dir='ltr'><strong>maxuma</strong></span> <span class='ocrx_word' id='word_1_198' title='bbox 515 2248 672 2305; x_wconf 89' lang='lat' dir='ltr'><strong>auctoritas</strong></span> <span class='ocrx_word' id='word_1_199' title='bbox 688 2245 796 2307; x_wconf 88' lang='lat' dir='ltr'><strong>Iudico.</strong></span> <span class='ocrx_word' id='word_1_200' title='bbox 833 2264 872 2305; x_wconf 84' lang='lat' dir='ltr'><strong>ex</strong></span> <span class='ocrx_word' id='word_1_201' title='bbox 887 2246 967 2306; x_wconf 87' lang='lat' dir='ltr'><strong>ludia</strong></span> <span class='ocrx_word' id='word_1_202' title='bbox 983 2248 1063 2307; x_wconf 89' lang='lat' dir='ltr'><strong>veuit</strong></span> <span class='ocrx_word' id='word_1_203' title='bbox 1074 2257 1108 2311; x_wconf 84' lang='lat' dir='ltr'><strong>to</strong></span> 
     </span>
    </p>

    <p class='ocr_par' dir='ltr' id='par_1_8' title="bbox 36 2324 1065 2741">
     <span class='ocr_line' id='line_1_26' title="bbox 36 2324 1065 2408; baseline -0.003 -16"><span class='ocrx_word' id='word_1_204' title='bbox 36 2329 258 2392; x_wconf 70' lang='lat' dir='ltr'><strong>2⁵barundiuum</strong></span> <span class='ocrx_word' id='word_1_205' title='bbox 278 2324 395 2408; x_wconf 86' lang='lat' dir='ltr'><strong>spumae</strong></span> <span class='ocrx_word' id='word_1_206' title='bbox 414 2327 643 2389; x_wconf 86' lang='lat' dir='ltr'><strong>adhaerescente</strong></span> <span class='ocrx_word' id='word_1_207' title='bbox 661 2329 738 2390; x_wconf 86' lang='lat' dir='ltr'><strong>limo.</strong></span> <span class='ocrx_word' id='word_1_208' title='bbox 771 2349 834 2390; x_wconf 92' lang='lat' dir='ltr'><strong>cum</strong></span> <span class='ocrx_word' id='word_1_209' title='bbox 849 2339 1002 2407; x_wconf 88' lang='lat' dir='ltr'><strong>cernatur,</strong></span> <span class='ocrx_word' id='word_1_210' title='bbox 1025 2332 1065 2389; x_wconf 91' lang='lat' dir='ltr'><strong>ui-</strong></span> 
     </span>
     <span class='ocr_line' id='line_1_27' title="bbox 72 2412 1065 2492; baseline -0.002 -17"><span class='ocrx_word' id='word_1_211' title='bbox 72 2432 171 2492; x_wconf 87' lang='lat' dir='ltr'><strong>grum,</strong></span> <span class='ocrx_word' id='word_1_212' title='bbox 189 2421 218 2471; x_wconf 89' lang='lat' dir='ltr'><strong>at</strong></span> <span class='ocrx_word' id='word_1_213' title='bbox 239 2415 269 2472; x_wconf 92' lang='lat' dir='ltr'><strong>iu</strong></span> <span class='ocrx_word' id='word_1_214' title='bbox 287 2412 422 2474; x_wconf 89' lang='lat' dir='ltr'><strong>diluendo</strong></span> <span class='ocrx_word' id='word_1_215' title='bbox 436 2414 586 2472; x_wconf 85' lang='lat' dir='ltr'><strong>mixturam</strong></span> <span class='ocrx_word' id='word_1_216' title='bbox 606 2431 752 2492; x_wconf 91' lang='lat' dir='ltr'><strong>purpurae</strong></span> <span class='ocrx_word' id='word_1_217' title='bbox 767 2414 934 2491; x_wconf 88' lang='lat' dir='ltr'><strong>caerulique</strong></span> <span class='ocrx_word' id='word_1_218' title='bbox 951 2414 1065 2473; x_wconf 89' lang='lat' dir='ltr'><strong>mirabi-</strong></span> 
     </span>
     <span class='ocr_line' id='line_1_28' title="bbox 71 2495 1064 2577; baseline -0.001 -20"><span class='ocrx_word' id='word_1_219' title='bbox 71 2498 129 2557; x_wconf 88' lang='lat' dir='ltr'><strong>lem</strong></span> <span class='ocrx_word' id='word_1_220' title='bbox 145 2495 249 2556; x_wconf 90' lang='lat' dir='ltr'><strong>reddit.</strong></span> <span class='ocrx_word' id='word_1_221' title='bbox 294 2496 427 2557; x_wconf 77' lang='lat' dir='ltr'><strong>Alterum</strong></span> <span class='ocrx_word' id='word_1_222' title='bbox 443 2514 535 2574; x_wconf 89' lang='lat' dir='ltr'><strong>genus</strong></span> <span class='ocrx_word' id='word_1_223' title='bbox 550 2499 613 2557; x_wconf 88' lang='lat' dir='ltr'><strong>eius</strong></span> <span class='ocrx_word' id='word_1_224' title='bbox 631 2506 677 2557; x_wconf 90' lang='lat' dir='ltr'><strong>est</strong></span> <span class='ocrx_word' id='word_1_225' title='bbox 696 2500 725 2557; x_wconf 91' lang='lat' dir='ltr'><strong>in</strong></span> <span class='ocrx_word' id='word_1_226' title='bbox 744 2500 923 2577; x_wconf 88' lang='lat' dir='ltr'><strong>purpurariis</strong></span> <span class='ocrx_word' id='word_1_227' title='bbox 939 2497 1064 2557; x_wconf 88' lang='lat' dir='ltr'><strong>oiiiciuis</strong></span> 
     </span>
     <span class='ocr_line' id='line_1_29' title="bbox 72 2580 1062 2660; baseline 0.001 -21"><span class='ocrx_word' id='word_1_228' title='bbox 72 2582 202 2639; x_wconf 89' lang='lat' dir='ltr'><strong>innatans</strong></span> <span class='ocrx_word' id='word_1_229' title='bbox 220 2580 356 2658; x_wconf 92' lang='lat' dir='ltr'><strong>cortinis,</strong></span> <span class='ocrx_word' id='word_1_230' title='bbox 371 2589 401 2640; x_wconf 90' lang='lat' dir='ltr'><strong>et</strong></span> <span class='ocrx_word' id='word_1_231' title='bbox 414 2587 460 2641; x_wconf 87' lang='lat' dir='ltr'><strong>est</strong></span> <span class='ocrx_word' id='word_1_232' title='bbox 471 2598 616 2660; x_wconf 91' lang='lat' dir='ltr'><strong>purpurae</strong></span> <span class='ocrx_word' id='word_1_233' title='bbox 631 2599 737 2660; x_wconf 87' lang='lat' dir='ltr'><strong>spuma.</strong></span> <span class='ocrx_word' id='word_1_234' title='bbox 757 2584 805 2660; x_wconf 93' lang='lat' dir='ltr'><strong>qui</strong></span> <span class='ocrx_word' id='word_1_235' title='bbox 817 2581 979 2641; x_wconf 89' lang='lat' dir='ltr'><strong>adulterant</strong></span> <span class='ocrx_word' id='word_1_236' title='bbox 990 2598 1062 2640; x_wconf 93' lang='lat' dir='ltr'><strong>vero</strong></span> 
     </span>
     <span class='ocr_line' id='line_1_30' title="bbox 75 2661 1064 2741; baseline 0.002 -20"><span class='ocrx_word' id='word_1_237' title='bbox 75 2661 174 2721; x_wconf 89' lang='lat' dir='ltr'><strong>iudico</strong></span> <span class='ocrx_word' id='word_1_238' title='bbox 189 2663 301 2739; x_wconf 85' lang='lat' dir='ltr'><strong>tingunt</strong></span> <span class='ocrx_word' id='word_1_239' title='bbox 317 2672 448 2724; x_wconf 88' lang='lat' dir='ltr'><strong>stercora</strong></span> <span class='ocrx_word' id='word_1_240' title='bbox 462 2662 635 2741; x_wconf 88' lang='lat' dir='ltr'><strong>columbina,</strong></span> <span class='ocrx_word' id='word_1_241' title='bbox 653 2674 701 2724; x_wconf 91' lang='lat' dir='ltr'><strong>aut</strong></span> <span class='ocrx_word' id='word_1_242' title='bbox 715 2663 1002 2726; x_wconf 88' lang='lat' dir='ltr'><strong>cretamSelinusiam</strong></span> <span class='ocrx_word' id='word_1_243' title='bbox 1015 2663 1064 2723; x_wconf 81' lang='lat' dir='ltr'><strong>vel</strong></span> 
     </span>
    </p>

    <p class='ocr_par' dir='ltr' id='par_1_9' title="bbox 40 2745 1064 3159">
     <span class='ocr_line' id='line_1_31' title="bbox 40 2745 1063 2825; baseline 0.006 -24"><span class='ocrx_word' id='word_1_244' title='bbox 40 2745 228 2806; x_wconf 81' lang='lat' dir='ltr'><strong>maculariam</strong></span> <span class='ocrx_word' id='word_1_245' title='bbox 251 2746 327 2805; x_wconf 84' lang='lat' dir='ltr'><strong>vitro</strong></span> <span class='ocrx_word' id='word_1_246' title='bbox 350 2748 489 2808; x_wconf 88' lang='lat' dir='ltr'><strong>inliciunt.</strong></span> <span class='ocrx_word' id='word_1_247' title='bbox 532 2748 672 2825; x_wconf 93' lang='lat' dir='ltr'><strong>probatur</strong></span> <span class='ocrx_word' id='word_1_248' title='bbox 698 2749 844 2824; x_wconf 90' lang='lat' dir='ltr'><strong>carbone,</strong></span> <span class='ocrx_word' id='word_1_249' title='bbox 872 2746 966 2806; x_wconf 90' lang='lat' dir='ltr'><strong>reddit</strong></span> <span class='ocrx_word' id='word_1_250' title='bbox 988 2749 1063 2807; x_wconf 89' lang='lat' dir='ltr'><strong>enim</strong></span> 
     </span>
     <span class='ocr_line' id='line_1_32' title="bbox 75 2828 1064 2910; baseline 0.002 -22"><span class='ocrx_word' id='word_1_251' title='bbox 75 2828 152 2907; x_wconf 92' lang='lat' dir='ltr'><strong>quod</strong></span> <span class='ocrx_word' id='word_1_252' title='bbox 175 2831 318 2890; x_wconf 88' lang='lat' dir='ltr'><strong>sincerum</strong></span> <span class='ocrx_word' id='word_1_253' title='bbox 335 2838 381 2889; x_wconf 86' lang='lat' dir='ltr'><strong>est</strong></span> <span class='ocrx_word' id='word_1_254' title='bbox 407 2829 544 2891; x_wconf 90' lang='lat' dir='ltr'><strong>liammam</strong></span> <span class='ocrx_word' id='word_1_255' title='bbox 559 2830 733 2892; x_wconf 83' lang='lat' dir='ltr'><strong>excellentis</strong></span> <span class='ocrx_word' id='word_1_256' title='bbox 755 2848 899 2910; x_wconf 88' lang='lat' dir='ltr'><strong>purpurae</strong></span> <span class='ocrx_word' id='word_1_257' title='bbox 925 2840 973 2907; x_wconf 89' lang='lat' dir='ltr'><strong>et,</strong></span> <span class='ocrx_word' id='word_1_258' title='bbox 998 2832 1064 2891; x_wconf 91' lang='lat' dir='ltr'><strong>dum</strong></span> 
     </span>
     <span class='ocr_line' id='line_1_33' title="bbox 74 2913 1063 2992; baseline 0.002 -19"><span class='ocrx_word' id='word_1_259' title='bbox 74 2914 180 2991; x_wconf 87' lang='lat' dir='ltr'><strong>fumat,</strong></span> <span class='ocrx_word' id='word_1_260' title='bbox 206 2913 325 2973; x_wconf 92' lang='lat' dir='ltr'><strong>odorem</strong></span> <span class='ocrx_word' id='word_1_261' title='bbox 347 2914 445 2973; x_wconf 88' lang='lat' dir='ltr'><strong>maris.</strong></span> <span class='ocrx_word' id='word_1_262' title='bbox 484 2914 521 2975; x_wconf 91' lang='lat' dir='ltr'><strong>ob</strong></span> <span class='ocrx_word' id='word_1_263' title='bbox 542 2915 572 2974; x_wconf 94' lang='lat' dir='ltr'><strong>id</strong></span> <span class='ocrx_word' id='word_1_264' title='bbox 593 2914 705 2992; x_wconf 90' lang='lat' dir='ltr'><strong>quidam</strong></span> <span class='ocrx_word' id='word_1_265' title='bbox 724 2935 741 2975; x_wconf 90' lang='lat' dir='ltr'><strong>e</strong></span> <span class='ocrx_word' id='word_1_266' title='bbox 762 2913 939 2992; x_wconf 88' lang='lat' dir='ltr'><strong>scopulis.id</strong></span> <span class='ocrx_word' id='word_1_267' title='bbox 955 2915 1063 2992; x_wconf 90' lang='lat' dir='ltr'><strong>conligi</strong></span> 
     </span>
     <span class='ocr_line' id='line_1_34' title="bbox 74 2993 1063 3075; baseline 0.001 -20"><span class='ocrx_word' id='word_1_268' title='bbox 74 3004 182 3075; x_wconf 89' lang='lat' dir='ltr'><strong>putant.</strong></span> <span class='ocrx_word' id='word_1_269' title='bbox 214 2998 337 3075; x_wconf 91' lang='lat' dir='ltr'><strong>pretium</strong></span> <span class='ocrx_word' id='word_1_270' title='bbox 353 2993 555 3056; x_wconf 83' lang='lat' dir='ltr'><strong>ludicollxx</strong></span> <span class='ocrx_word' id='word_1_271' title='bbox 568 2999 597 3058; x_wconf 94' lang='lat' dir='ltr'><strong>iu</strong></span> <span class='ocrx_word' id='word_1_272' title='bbox 613 2998 712 3060; x_wconf 88' lang='lat' dir='ltr'><strong>libras.</strong></span> <span class='ocrx_word' id='word_1_273' title='bbox 742 3000 771 3057; x_wconf 93' lang='lat' dir='ltr'><strong>iu</strong></span> <span class='ocrx_word' id='word_1_274' title='bbox 784 2997 1063 3059; x_wconf 88' lang='lat' dir='ltr'><strong>medicinalndicum</strong></span> 
     </span>
     <span class='ocr_line' id='line_1_35' title="bbox 76 3080 761 3159; baseline 0.003 -21"><span class='ocrx_word' id='word_1_275' title='bbox 76 3081 192 3156; x_wconf 88' lang='lat' dir='ltr'><strong>rigores</strong></span> <span class='ocrx_word' id='word_1_276' title='bbox 206 3088 238 3141; x_wconf 91' lang='lat' dir='ltr'><strong>et</strong></span> <span class='ocrx_word' id='word_1_277' title='bbox 252 3082 375 3158; x_wconf 89' lang='lat' dir='ltr'><strong>impetus</strong></span> <span class='ocrx_word' id='word_1_278' title='bbox 392 3080 472 3140; x_wconf 91' lang='lat' dir='ltr'><strong>sedat</strong></span> <span class='ocrx_word' id='word_1_279' title='bbox 488 3082 633 3159; x_wconf 86' lang='lat' dir='ltr'><strong>siccatque</strong></span> <span class='ocrx_word' id='word_1_280' title='bbox 654 3082 761 3141; x_wconf 91' lang='lat' dir='ltr'><strong>ulcera.</strong></span> 
     </span>
    </p>

    <p class='ocr_par' dir='ltr' id='par_1_10' title="bbox 31 3163 1104 3505">
     <span class='ocr_line' id='line_1_36' title="bbox 31 3163 1104 3244; baseline 0.011 -27"><span class='ocrx_word' id='word_1_281' title='bbox 31 3168 67 3235; x_wconf 79' lang='lat' dir='ltr'><strong>&#39;es</strong></span> <span class='ocrx_word' id='word_1_282' title='bbox 140 3164 223 3244; x_wconf 93' lang='grc'>(28.)</span> <span class='ocrx_word' id='word_1_283' title='bbox 241 3163 377 3224; x_wconf 78' lang='lat' dir='ltr'><strong>Armenia</strong></span> <span class='ocrx_word' id='word_1_284' title='bbox 390 3164 478 3221; x_wconf 91' lang='lat' dir='ltr'><strong>mittit</strong></span> <span class='ocrx_word' id='word_1_285' title='bbox 491 3164 567 3241; x_wconf 92' lang='lat' dir='ltr'><strong>quod</strong></span> <span class='ocrx_word' id='word_1_286' title='bbox 581 3166 644 3239; x_wconf 83' lang='lat' dir='ltr'><strong>eius</strong></span> <span class='ocrx_word' id='word_1_287' title='bbox 658 3166 773 3225; x_wconf 91' lang='lat' dir='ltr'><strong>nomine</strong></span> <span class='ocrx_word' id='word_1_288' title='bbox 788 3165 960 3242; x_wconf 88' lang='lat' dir='ltr'><strong>appellatur.</strong></span> <span class='ocrx_word' id='word_1_289' title='bbox 985 3163 1059 3242; x_wconf 92' lang='lat' dir='ltr'><strong>lapis</strong></span> <span class='ocrx_word' id='word_1_290' title='bbox 1069 3174 1104 3230; x_wconf 78' lang='lat' dir='ltr'><strong>tt</strong></span> 
     </span>
     <span class='ocr_line' id='line_1_37' title="bbox 78 3245 1063 3328; baseline -0.001 -20"><span class='ocrx_word' id='word_1_291' title='bbox 78 3255 125 3308; x_wconf 90' lang='lat' dir='ltr'><strong>est</strong></span> <span class='ocrx_word' id='word_1_292' title='bbox 139 3248 185 3309; x_wconf 92' lang='lat' dir='ltr'><strong>bic</strong></span> <span class='ocrx_word' id='word_1_293' title='bbox 198 3264 314 3327; x_wconf 89' lang='lat' dir='ltr'><strong>quoque</strong></span> <span class='ocrx_word' id='word_1_294' title='bbox 329 3245 530 3323; x_wconf 74' lang='lat' dir='ltr'><strong>chrysocollae</strong></span> <span class='ocrx_word' id='word_1_295' title='bbox 545 3248 631 3308; x_wconf 93' lang='lat' dir='ltr'><strong>modo</strong></span> <span class='ocrx_word' id='word_1_296' title='bbox 642 3248 782 3324; x_wconf 87' lang='lat' dir='ltr'><strong>iniectus,</strong></span> <span class='ocrx_word' id='word_1_297' title='bbox 798 3256 998 3328; x_wconf 89' lang='lat' dir='ltr'><strong>optumumque</strong></span> <span class='ocrx_word' id='word_1_298' title='bbox 1016 3256 1063 3309; x_wconf 90' lang='lat' dir='ltr'><strong>est</strong></span> 
     </span>
     <span class='ocr_line' id='line_1_38' title="bbox 77 3332 1062 3410; baseline 0 -19"><span class='ocrx_word' id='word_1_299' title='bbox 77 3332 154 3410; x_wconf 90' lang='lat' dir='ltr'><strong>quod</strong></span> <span class='ocrx_word' id='word_1_300' title='bbox 164 3349 293 3392; x_wconf 85' lang='lat' dir='ltr'><strong>maxume</strong></span> <span class='ocrx_word' id='word_1_301' title='bbox 307 3332 431 3390; x_wconf 71' lang='lat' dir='ltr'><strong>moinum</strong></span> <span class='ocrx_word' id='word_1_302' title='bbox 446 3338 493 3390; x_wconf 89' lang='lat' dir='ltr'><strong>est</strong></span> <span class='ocrx_word' id='word_1_303' title='bbox 507 3334 714 3392; x_wconf 88' lang='lat' dir='ltr'><strong>communicato</strong></span> <span class='ocrx_word' id='word_1_304' title='bbox 728 3333 829 3393; x_wconf 89' lang='lat' dir='ltr'><strong>colore</strong></span> <span class='ocrx_word' id='word_1_305' title='bbox 841 3350 904 3391; x_wconf 90' lang='lat' dir='ltr'><strong>cum</strong></span> <span class='ocrx_word' id='word_1_306' title='bbox 914 3332 1062 3392; x_wconf 88' lang='lat' dir='ltr'><strong>caeruleo.</strong></span> 
     </span>
     <span class='ocr_line' id='line_1_39' title="bbox 76 3414 1063 3505; baseline 0 -30"><span class='ocrx_word' id='word_1_307' title='bbox 76 3416 210 3505; x_wconf 85' lang='lat' dir='ltr'><strong>solebant</strong></span> <span class='ocrx_word' id='word_1_308' title='bbox 238 3415 330 3477; x_wconf 90' lang='lat' dir='ltr'><strong>librae</strong></span> <span class='ocrx_word' id='word_1_309' title='bbox 357 3415 420 3475; x_wconf 90' lang='lat' dir='ltr'><strong>eius</strong></span> <span class='ocrx_word' id='word_1_310' title='bbox 444 3415 563 3475; x_wconf 86' lang='lat' dir='ltr'><strong>tricenis</strong></span> <span class='ocrx_word' id='word_1_311' title='bbox 586 3417 705 3476; x_wconf 90' lang='lat' dir='ltr'><strong>nummis</strong></span> <span class='ocrx_word' id='word_1_312' title='bbox 730 3417 832 3480; x_wconf 85' lang='lat' dir='ltr'><strong>taxari.</strong></span> <span class='ocrx_word' id='word_1_313' title='bbox 873 3414 992 3476; x_wconf 83' lang='lat' dir='ltr'><strong>iuventa</strong></span> <span class='ocrx_word' id='word_1_314' title='bbox 1009 3434 1063 3495; x_wconf 91' lang='lat' dir='ltr'><strong>per</strong></span> 
     </span>
    </p>
   </div>
   <div class='ocr_carea' id='block_1_3' title="bbox 0 0 1246 3817">
    <p class='ocr_par' dir='ltr' id='par_1_11' title="bbox 0 0 1246 3817">
     <span class='ocr_line' id='line_1_40' title="bbox 0 0 1246 3817; baseline 0 0"><span class='ocrx_word' id='word_1_315' title='bbox 0 0 1246 3817; x_wconf 95' lang='lat' dir='ltr'><strong> </strong></span> 
     </span>
    </p>
   </div>
  </div>
 </body>
</html>
