2484 3817
117 142 120 147 ’
160 150 201 213 68
500 161 820 211 o.1²n1n1sucnsrn1

160 319 287 379 oratoris
302 315 462 394 indignatio
477 334 551 394 quae
566 315 717 395 prohibuit
729 316 820 377 inseri
835 318 916 394 genti
932 336 1003 378 suae
1014 316 1162 378 Laevino·

158 420 221 462 rum
234 402 356 461 alienam
368 402 531 478 imaginem.
557 400 667 460 similis·
676 417 762 460 causa
773 397 917 461 Messalae
930 404 992 462 seni
1005 404 1161 480 expressit

158 486 303 545 uolumina
322 484 372 545 illa
391 502 465 562 qnae
483 484 520 544 de
536 484 652 544 familiis
668 482 809 558 condidit,
836 502 899 544 cum
913 484 1058 564 Scipionis
1074 484 1161 545 Pom·

156 570 273 647 poniaui
289 570 444 629 transisset
458 570 559 635 atrium
570 568 752 646 vidissetque
766 567 925 646 adoptione
940 572 1161 630 testamentaria

157 652 328 713 Saluittonis
350 653 465 713 -hoc
487 655 563 712 enim
588 654 685 712 fuerat
712 668 933 729 cognomen-
952 653 1183 713 Africanorums

157 737 295 798 dedecori
314 738 498 816 inrepentem
505 736 672 814 Scipionum
683 737 799 795 nomini.
813 734 876 811 sed,
888 735 1161 817 pacehlessalarum

157 822 269 882 dixisse
285 821 391 898 liceat,
408 824 494 881 etiam
511 822 627 880 mentiri
642 820 786 879 clarorum
806 821 946 897 imagines
968 828 1033 880 erat
1051 820 1161 899 aliquis

156 908 295 965 virtutum
310 923 401 982 amor,
416 904 565 981 multoque
578 902 730 963 honestius
741 921 824 981 quam
835 906 943 963 mereri
957 923 994 964 ne
1009 906 1074 983 quis
1089 922 1160 964 suns

128 998 328 1068 terpeteret.
358 988 424 1048 Non
448 996 494 1047 est
515 986 758 1064 praetereundum
779 995 810 1046 et
832 989 977 1047 novicium
995 990 1159 1065 inventum,

157 1073 298 1152 siquidem
310 1090 386 1131 nnnc
398 1090 436 1131 ex
451 1088 521 1129 auro
536 1078 698 1146 argentove
713 1078 762 1137 aut
771 1080 855 1148 certe
869 1085 907 1130 ex
920 1090 991 1131 aere
1004 1073 1033 1130 in
1050 1071 1159 1132 biblio·
1170 1084 1202 1123 ¹⁰·

157 1158 251 1217 thecis
267 1155 398 1213 dicantur
409 1153 467 1212 illis
483 1170 604 1230 quorum
619 1153 789 1213 inmortales
803 1157 914 1215 animae
930 1157 959 1215 in
974 1156 1048 1215 locis
1064 1156 1161 1216 isdem

158 1242 309 1313 locuntur,
325 1239 492 1313 quinimmo
509 1238 595 1295 etiam
611 1255 685 1314 quae
700 1255 759 1297 non
774 1247 840 1298 sunt
854 1240 1017 1316 linguntur,
1031 1242 1161 1317 pariunt·

158 1340 215 1401 que
231 1320 376 1380 desideria
392 1338 451 1380 non
466 1320 588 1379 traditos
604 1321 712 1398 voltus,
725 1322 799 1380 sicut
814 1322 982 1383 inllomero
1002 1324 1028 1383 id
1046 1328 1158 1383 evenit.

116 1422 150 1475 10
165 1423 222 1485 qno
239 1406 346 1482 mains,
362 1414 393 1463 nt
406 1404 540 1482 equidem
555 1404 698 1483 arbitror,
714 1404 822 1464 nullum
836 1415 884 1466 est
898 1408 1046 1467 felicitatis
1061 1412 1161 1486 speci-

157 1508 224 1549 men
247 1506 330 1564 quam
353 1508 469 1567 semper
491 1489 583 1547 omnis
600 1491 677 1548 scire
698 1507 808 1567 cupere
824 1491 917 1567 qualis
933 1493 1021 1551 luerit
1039 1491 1191 1569 aliquisne

157 1575 241 1635 Asini
252 1572 383 1634 Polionis
399 1574 455 1633 hoc
467 1571 577 1631 Romae
592 1574 749 1649 inventum,
764 1575 812 1651 qui
827 1576 935 1652 primns
947 1575 1159 1635 bibliothecam

157 1657 278 1718 dicando
300 1659 418 1734 ingenia
446 1656 591 1730 hominum
610 1674 673 1716 rem
695 1656 842 1735 publicani
861 1660 940 1718 fecit.
977 1678 1013 1717 an
1035 1661 1157 1736 priores

157 1743 310 1820 coeperint
324 1740 529 1801 Alexandreae
552 1749 581 1800 et
603 1740 736 1818 Pergami
758 1760 865 1819 reges,
888 1744 936 1819 qui
958 1742 1158 1803 bibliothecas

116 1838 147 1889 ll
164 1844 268 1903 magno
286 1826 443 1884 certamine
461 1826 633 1900 instituere,
655 1842 712 1883 non
732 1826 819 1884 facile
834 1824 964 1886 dixerim.
999 1828 1159 1904 imaginum

158 1928 284 1969 amorem
300 1908 441 1984 llagrasse
457 1908 599 1984 quondam
614 1916 708 1967 testes
723 1916 789 1966 snut
802 1911 918 1968 Atticus
931 1910 982 1970 ille
999 1908 1156 1970 Ciceronis
1168 1929 1191 1967 ao

158 1993 237 2053 edito
248 1992 283 2051 de
295 1994 331 2049 iis
340 1990 485 2050 volumine
493 2000 523 2050 et
532 1990 673 2050 tharro
681 1991 1157 2070 benignissimoinvento,insertis

156 2076 332 2136 voluminum
349 2092 465 2133 snorum
478 2074 647 2133 fecunditati
661 2077 912 2151 septingentorum
926 2076 1088 2136 inlustrium
1104 2079 1157 2137 ali·

158 2158 322 2238 quomodo
344 2158 535 2235 imaginibus,
563 2174 621 2216 non
645 2176 748 2235 passus
770 2159 945 2220 intercidere
968 2161 1077 2237 figuras
1105 2171 1157 2221 aut

156 2248 332 2303 vetustatem
357 2244 421 2300 aevi
448 2250 548 2301 contra
573 2241 705 2301 homines
725 2242 844 2319 valere,
867 2246 1003 2303 inventor
1024 2249 1158 2305 muneris

159 2329 244 2386 etiam
259 2325 302 2383 dis
317 2324 469 2401 invidiosi,
492 2324 604 2401 quando
625 2326 859 2386 inmortalitatem
879 2345 937 2386 non
952 2326 1044 2386 solum
1061 2319 1191 2407 dedit,as

158 2426 258 2469 verum
271 2410 357 2468 etiam
367 2410 397 2467 in
412 2410 503 2468 omnis
520 2416 612 2468 terras
626 2410 715 2486 misit,
730 2419 761 2469 nt
776 2419 946 2488 praesentes
961 2431 1031 2472 esse
1042 2411 1158 2492 ubique

91 2520 93 2525 ¹
159 2512 213 2553 ceu
231 2493 259 2552 di
277 2501 408 2569 possent.

116 2588 150 2643 12
222 2576 250 2637 3.
267 2574 327 2655 (3.)
345 2574 383 2634 Et
398 2575 454 2635 hoc
469 2575 585 2653 quidem
601 2576 704 2636 alienis
724 2575 775 2637 ille
792 2579 945 2653 praestitit.
981 2597 1084 2637 verum
1103 2581 1160 2641 cli·

158 2678 233 2740 pecs
245 2660 275 2718 in
292 2677 376 2719 sacro
394 2660 442 2720 vel
456 2659 573 2739 publico
590 2660 831 2738 dicareprivatim
846 2663 955 2737 primns
969 2664 1108 2739 instituit,
1125 2675 1160 2724 ut

158 2745 290 2822 reperio,
302 2744 415 2821 Appius
429 2742 574 2820 Claudius,
587 2746 636 2822 qui
651 2743 751 2802 consul
764 2762 826 2802 cum
833 2743 865 2804 P.
872 2744 997 2805 Servilio
1009 2747 1065 2805 fuit
1078 2765 1158 2807 anno
1169 2778 1193 2817 ω

159 2828 240 2886 urbis
262 2824 385 2887 GCLIX.
417 2829 515 2906 posuit
537 2829 612 2887 enim
633 2830 662 2885 in
678 2825 819 2887 Bellonae
838 2828 911 2889 aede
927 2832 1054 2889 maiores
1070 2850 1157 2910 suos,

55 2905 76 2989 ἰ
158 2908 325 2989 placuitque
356 2911 385 2969 in
415 2912 536 2971 excelso
563 2911 690 2988 spectari
718 2916 749 2968 et
777 2911 878 2972 titulos
907 2912 1047 2972 honorum
1079 2914 1157 2992 legi,

159 2992 265 3054 decora
287 3012 356 3069 res,
379 2996 479 3072 utique
497 2996 521 3051 si
544 2993 667 3073 liberum
689 2993 771 3053 turba
793 2997 963 3073 imaginibus
983 3016 1037 3056 ceu
1053 2997 1157 3058 nidum

85 3130 88 3137 .
159 3078 283 3155 aliquem
304 3075 416 3136 subolis
438 3078 548 3155 pariter
573 3075 723 3153 ostendat,
748 3079 840 3156 qualis
861 3080 973 3158 clipeos
988 3098 1074 3139 nemo
1093 3100 1157 3142 non

13 3168 16 3181 ‘
118 3171 153 3225 13
166 3160 295 3237 gaudens
315 3160 474 3237 favensque
501 3160 631 3238 adspicit.
667 3162 729 3241 (4.)
753 3161 832 3221 Post*
853 3182 917 3222 eum
946 3162 983 3221 lll.
1004 3165 1194 3225 Aemiliusae

133 3296 135 3299 .
159 3242 275 3318 collega
289 3244 318 3301 in
334 3242 484 3303 consulatu
501 3240 598 3313 Quinti
613 3241 707 3303 humti
728 3248 830 3305 nonin
851 3246 971 3305 basilica
987 3246 1075 3306 modo
1093 3248 1157 3310 Ae-

26 3348 29 3361 =
46 3358 50 3367 ·
158 3324 236 3383 milia
250 3343 351 3384 verum
365 3333 396 3384 ct
407 3324 482 3384 domi
499 3345 569 3385 suae
584 3327 698 3404 posuit,
713 3329 742 3388 id
758 3345 874 3406 qnoque
886 3328 990 3388 llartio
1002 3333 1156 3410 exemplo.

161 3409 250 3467 scutis
270 3409 361 3485 enim,
383 3407 515 3485 qualibus
537 3409 611 3488 apud
627 3410 742 3471 Troiam
763 3420 996 3490 pugnatum-est,
1019 3417 1159 3477 contiue-
