2484 3817
327 207 408 254 aar.
424 205 515 260 urar.
535 207 616 256 xxv.
635 205 681 260 aa
701 197 855 287 (ca-10⁰3
857 206 873 276 )
1057 201 1102 264 te

98 376 197 438 caepe
212 358 287 424 matr
301 358 421 436 cubitia,
442 360 472 420 ia
487 361 682 422 cacuminibus
694 379 841 440 moene,
863 363 936 427 lolia
953 367 1100 428 coriandri

98 443 262 516 teneriora,
276 445 360 519 gravi
373 443 512 518 odcmu,
533 463 634 506 acmen
656 463 748 506 amau
761 449 905 521 craaaiua,
932 449 1015 508 radix
1030 467 1099 510 con·

97 543 185 600 cara,
201 524 307 586 uallium
323 544 400 587 unua.
432 528 531 586 aemiui
547 537 577 588 et
592 528 672 588 loliis
688 529 982 606 refrigeratorium,
1006 535 1052 592 ric
1068 543 1099 593 et

97 611 198 669 necat.
214 609 355 686 incipiunt
369 608 471 686 algere
487 609 524 668 ab
539 611 769 685 extremitatibus
785 615 928 690 corporis.
948 617 1078 677 remedio
1089 627 1143 682 152

75 701 156 768 seat,
173 693 341 770 priusquam
356 694 506 772 parveniat
519 693 555 754 ad
574 694 680 769 vitalia,
694 696 753 755 vini
763 704 865 758 natura
879 697 1097 759 excalfactoria.

40 829 42 832 ,
96 775 152 834 sed
168 776 198 834 ia
213 775 280 834 uiuo
296 784 364 853 puta
380 775 604 840 irremediabilia
620 779 743 839 cnaiotit.
774 796 862 838 rucaa
872 782 1040 857 exprimitur
1054 783 1097 842 ic·

95 859 145 918 liia
159 855 350 936 floribusque,
367 866 424 920 tum
441 858 515 920 euim
530 877 662 922 muume
677 861 867 939 tempeativoa
889 872 955 922 eat·
989 867 1098 926 aemiae
1146 869 1148 873 ’

94 945 164 1000 tritu
181 958 342 1019 erprcsaua
358 949 388 1002 et
401 941 465 1003 cole
480 942 617 1004 dentatus
636 945 666 1004 in
679 944 815 1023 pastillua
829 954 918 1004 necat
929 949 1099 1022 sanguinem

94 1023 264 1102 spiasaudo.
290 1023 365 1086 haec
379 1024 473 1086 altam
486 1027 539 1103 ric,
555 1035 585 1085 et
601 1026 669 1088 ideo
683 1029 729 1088 cic
743 1036 913 1088 necatorum
923 1028 1057 1089 maculae
1069 1034 1099 1092 in

62 1128 87 1168 ra
96 1106 275 1186 corporibus
290 1091 441 1185 adparent.
480 1109 516 1168 ad
531 1109 718 1170 ditcolvenda
738 1110 946 1171 medicamenta
960 1121 1145 1180 utunturlhb

94 1190 149 1250 illu
169 1206 226 1268 pro
240 1206 326 1267 aqua.
357 1191 389 1250 it
406 1209 443 1252 ex
457 1209 494 1252 eo
508 1201 538 1254 et
553 1191 590 1253 ad
603 1193 835 1270 refrigerandum
849 1194 1026 1256 stomachum
1040 1214 1097 1255 ma·

93 1274 204 1350 laguna.
231 1275 406 1352 praecipuus
422 1284 515 1334 tamen
533 1284 578 1336 art
594 1276 632 1336 ad
647 1275 824 1338 cohibendae
835 1277 995 1358 epiphorae
1011 1280 1096 1340 acati·

93 1375 148 1416 vaa
164 1354 375 1433 oculorumque
392 1357 512 1436 dulureu
525 1358 671 1420 aedaudua
687 1361 857 1420 circumlita.
881 1362 1021 1422 mircetur
1035 1363 1097 1422 col·

93 1439 179 1513 lyriia
195 1447 225 1498 ct
242 1439 314 1498 alias
329 1442 422 1500 omuia
435 1440 656 1502 rheumatismos
674 1442 799 1503 cohibet
830 1444 902 1504 iulia
922 1462 1039 1522 quoque
1053 1455 1096 1505 tu·

59 1543 84 1582 m
93 1539 209 1582 morem
224 1539 338 1582 omnem
353 1521 543 1603 doloremque
557 1534 586 1584 et
601 1526 759 1604 epiphorae
775 1527 888 1588 redunt.
917 1528 1076 1588 Anaxilaus
1088 1540 1141 1593 154

91 1614 200 1665 auctor
232 1615 278 1666 eat
305 1623 439 1668 mammae
469 1625 485 1668 a
512 1608 676 1684 virginitate
701 1610 796 1670 inlitae
822 1627 939 1687 acmper
960 1619 1095 1671 staturas.

91 1688 174 1767 quod
193 1697 307 1750 certum
328 1698 390 1765 eat,
413 1689 459 1752 lac
475 1708 684 1769 puerperarum
698 1693 827 1752 mummia
841 1693 967 1768 inposita
988 1696 1095 1752 eratic-

89 1773 156 1848 gnit
180 1789 379 1850 veneremque
404 1773 525 1834 teatihua
546 1776 625 1834 circa
646 1773 826 1851 pubertatem
847 1773 937 1834 inlita.
968 1774 1097 1836 remedia

90 1853 201 1932 quibua
227 1853 354 1919 bibenda
382 1865 517 1916 causetur
546 1873 605 1916 uon
636 1855 769 1934 equidem
793 1856 1005 1934 praeceperim.
1052 1858 1097 1917 vit

53 1955 228 2005 mmanuma
248 1948 334 2000 natae
350 1939 433 2000 Sunia
448 1939 634 2014 Parthorum,
656 1956 724 1999 mur
742 1939 923 2012 Laconicae,
948 1937 1096 2015 Creticae,
1196 1981 1198 1984 ψ

92 2019 256 2096 Asiaticae,
273 2024 301 2080 iu
317 2021 439 2082 Graecia
453 2039 526 2082 vero
542 2021 717 2097 Megaricae,
734 2022 839 2082 deinde
854 2022 980 2082 Atticae.
1029 2064 1033 2073 .

158 2103 243 2182 (96.)
258 2102 411 2166 crethmos
425 2105 660 2180 agrioaqremiaa
672 2105 1138 2184 tollitcculcraminpoaitua,155

92 2194 237 2246 tumorem
254 2203 371 2265 qnoque
388 2188 505 2265 polenta
519 2188 625 2248 addita.

159 2270 248 2347 (97.)
269 2269 403 2332 Nascitur
415 2271 505 2347 volgo
516 2271 719 2348 molybdaena,
730 2271 759 2332 id
770 2280 816 2330 eat
827 2270 996 2350 plumbago,
1010 2274 1095 2332 etiam

57 2349 125 2410 zain
140 2368 223 2426 arro,
238 2353 314 2413 folio
327 2352 446 2430 lapathi,
462 2371 572 2427 crassa,
586 2354 710 2433 hispida.
755 2354 813 2414 hac
826 2354 1052 2415 conmanducata
1068 2355 1094 2413 ai

97 2435 198 2496 ocalaa
212 2435 336 2498 cabiude
353 2438 488 2513 liuqatur,
505 2437 662 2515 plumbum,
680 2438 758 2514 quod
772 2455 865 2513 genua
877 2440 938 2513 viti,
956 2456 995 2497 ex
1006 2437 1094 2496 oculo

95 2516 214 2578 tollitur.

154 2599 239 2680 (98.)
269 2599 385 2680 Gapnoa
412 2611 525 2679 trunca,
552 2620 635 2681 quam
658 2603 750 2680 pedea
771 2603 954 2680 gallinaceos
974 2610 1093 2676 vocant,

92 2699 219 2744 naaceaa
235 2685 267 2744 iu
283 2686 432 2762 parietinis
446 2694 474 2746 et
490 2685 645 2763 saepibus,
663 2688 751 2748 ramia
771 2687 945 2749 tenuissimis
966 2685 1091 2762 apamia·

47 2783 169 2843 atque,
184 2767 261 2828 llore
276 2785 439 2846 purpureo,
454 2768 566 2842 viridia,
585 2787 657 2828 auco
675 2770 828 2846 caliginem
842 2769 972 2843 diacntit,
995 2769 1092 2844 itaque

88 2849 122 2908 in
135 2850 349 2910 medicamenta
366 2851 514 2912 oculorum
530 2852 651 2913 additur.
1122 2851 1127 2858 '

154 2933 239 3011 (99.)
263 2932 370 2993 Similia
386 2943 415 2993 et
430 2936 544 2994 nomine
566 2944 595 2994 et
615 2935 722 2994 ellectu
745 2934 796 2993 aed
817 2933 939 2993 aliaest
960 2945 1071 3007 capuci
1082 2939 1134 2994 155

84 3015 244 3092 fruticum,
258 3025 442 3095 praetenera,
455 3018 533 3078 loli·
549 3019 704 3093 coriandri,
720 3017 867 3077 cineracei
881 3015 1002 3090 colmie,
1018 3012 1092 3071 dore

85 3115 251 3177 purpureo.
286 3101 413 3159 nascitur
429 3101 456 3160 in
471 3100 560 3160 hortis
579 3109 608 3160 et
626 3099 778 3176 tegetibus
793 3097 976 3163 hordeaceis.
1006 3096 1092 3157 clari·

41 3189 181 3242 statam
203 3181 275 3242 iacit
297 3182 420 3242 inunctis
442 3183 537 3244 oculia
556 3183 879 3257 delacrimationemque
905 3197 959 3238 ceu
985 3180 1092 3251 inmun,

82 3263 169 3324 unde
182 3282 299 3326 nomeu.
332 3264 434 3326 eadam
448 3265 567 3326 evolsae
584 3263 743 3343 palpebras
757 3263 872 3322 renaaci
889 3263 1033 3340 prohibet.

157 3347 262 3426 (100.)
281 3347 405 3408 Accrcu
419 3348 499 3408 iridis
514 3347 583 3408 lolia
598 3347 702 3422 habat,
724 3347 893 3420 arguatiora
913 3353 1020 3405 tautum
1040 3351 1071 3402 et
1082 3349 1132 3404 157

77 3431 229 3508 longiore
251 3429 406 3509 pediculo,
421 3431 536 3491 radicea
550 3431 648 3505 nigrae
662 3431 813 3503 miuuaque
828 3445 969 3502 venuaaa,
991 3432 1093 3484 cetero
1131 3500 1136 3512 ι
