2484 3817
171 163 231 226 140
385 248 389 256 Ι
510 164 821 220 cremensem

167 331 257 390 mixta
270 328 379 390 bareua
393 325 507 403 litoris,
530 325 699 386 tralucentis
719 324 788 385 nori
807 322 932 403 liquoris
948 309 1168 392 duxisserivos
1225 366 1226 408 ι

169 423 201 475 et
213 413 287 474 banc
298 414 392 474 fuisse
408 412 550 489 originem
564 411 642 470 vitri.

125 509 178 566 191
250 498 333 577 (66.)
361 495 448 573 llox,
473 503 505 554 ut
527 502 574 554 est
592 493 747 572 ingeniosa
768 491 917 567 sollertia,
942 492 1076 554 nonfuit
1096 513 1168 557 con·

169 589 249 643 teuta
264 584 369 643 nitrum
382 581 553 656 miscuisse,
571 587 694 657 coeptus
709 576 774 637 addi
789 585 821 636 et
833 593 953 652 magnes
969 575 1060 656 lapis,
1076 596 1169 656 quon·

168 668 224 727 iam
243 669 273 727 in
290 685 325 725 se
342 665 486 744 liquorem
500 664 567 722 vitri
583 677 700 742 quoque
714 669 746 720 ut
765 660 875 721 ferrum
891 659 1006 722 trahere
1027 663 1190 726 creditur.a

168 751 254 811 simili
279 749 367 809 mo'do
395 757 427 808 et
450 747 552 808 calculi
576 746 765 826 splendentes
786 744 968 805 multifariam
988 748 1086 825 coepti
1109 751 1169 826 uri,
1226 773 1227 810 ι

167 834 235 895 dein
259 833 388 895 concbac
409 851 444 892 ac
465 831 584 892 fossiles
604 831 743 891 harenae.
773 837 907 889 auctores
926 837 992 888 suut
1007 831 1036 889 in
1051 829 1169 895 Indiae

125 929 177 985 193
189 919 329 996 crystallo
341 916 431 977 fracta
443 917 506 976 lieri
520 924 549 976 et
565 915 609 975 ob
619 915 650 974 id
663 913 771 974 nullum
785 913 938 991 conparari
953 912 1061 974 ludico.
1094 915 1169 978 levi-

168 1004 223 1063 bus
246 1012 342 1064 autem
361 1001 509 1078 aridisque
530 1000 617 1077 lignis
641 999 776 1078 coquitur
797 997 894 1057 addito
917 1015 1009 1076 cypro
1029 1017 1063 1058 ac
1087 1002 1167 1062 nitro

125 1106 156 1149 u.
171 1105 337 1146 emaxume
364 1083 494 1163 Opbirio.
537 1085 682 1143 coutinuis
706 1081 873 1142 fornacibus
896 1090 928 1140 ut
954 1101 1005 1142 aes
1029 1082 1167 1164 liquatur,
1178 1103 1200 1142 rc

167 1187 341 1247 massaeque
360 1168 430 1227 liunt
453 1167 556 1227 colore
575 1169 676 1245 pingui
700 1168 887 1244 nigricantes.
924 1169 1003 1227 acies
1025 1176 1104 1227 tanta
1119 1178 1168 1230 est

168 1270 347 1334 quacumque
369 1259 401 1312 ut
415 1253 486 1311 citra
502 1268 620 1311 sensum
634 1250 721 1310 ullum
738 1250 773 1310 ad
789 1268 858 1310 ossa
872 1259 1012 1310 consecet
1029 1252 1168 1330 quidquid

168 1336 319 1397 adflaverit
341 1337 485 1414 corporis.
531 1353 570 1395 ex
596 1337 700 1394 massis
720 1352 821 1394 rursus
841 1333 970 1394 funditur
989 1336 1019 1394 iu
1040 1335 1167 1397 officinis

99 1480 104 1488 ,
167 1422 383 1498 tinguiturque,
416 1428 447 1480 ct
469 1418 546 1480 aliud
569 1418 638 1479 flatu
664 1418 820 1496 liguratur,
842 1418 920 1480 aliud
939 1426 1025 1478 toruo
1049 1423 1167 1497 teritur,

168 1505 244 1564 aliud
268 1506 381 1582 argenti
402 1503 489 1564 modo
510 1503 655 1580 caelatur,
680 1500 789 1561 Sidone
811 1502 953 1580 quondam
973 1503 1017 1562 his
1040 1505 1200 1566 officinisus

59 1664 62 1669 ἱ
126 1601 177 1655 194
188 1589 291 1666 nobili,
308 1590 450 1668 siquidem
462 1590 549 1648 ctiam
564 1587 684 1666 specula
701 1587 931 1663 excogitaverat.
953 1586 1033 1647 llaec
1047 1588 1102 1647 fuit
1117 1607 1168 1650 an·
1229 1588 1230 1666 l

168 1676 248 1750 tiqua
270 1675 345 1732 ratio
366 1673 444 1732 vitri.
481 1674 536 1732 iam
555 1689 629 1731 vero
647 1678 675 1730 et
694 1671 724 1730 iu
739 1670 885 1731 Volturno
902 1689 985 1731 amne
1001 1671 1102 1733 ltaliae
1116 1674 1167 1733 ba·
1229 1667 1230 1684 ¹

168 1774 239 1816 rena
260 1757 325 1816 alba
350 1774 473 1817 nascens
500 1774 554 1815 sex
575 1755 604 1815 ll
632 1774 710 1834 pass.
737 1755 826 1815 litore
848 1757 926 1815 iuter
948 1753 1050 1816 Cumas
1077 1765 1166 1836 atque

159 1840 333 1916 Liternum,
350 1859 405 1919 qua
420 1839 590 1900 mollissima
605 1849 669 1918 est,
683 1839 742 1918 pila
757 1840 871 1906 molare
889 1841 1002 1901 teritur.
1032 1841 1100 1902 dein
1114 1845 1167 1902 mi-

169 1934 269 1985 scetur
285 1926 380 1985 tribus
400 1924 531 2001 partibus
552 1925 620 1984 nitri
642 1923 773 2002 pondere
794 1923 842 1984 vel
857 1942 991 1984 mensura
1008 1943 1041 1985 ac
1055 1925 1202 2004 liquatam

166 2012 197 2069 in
218 2009 289 2068 alias
309 2009 436 2069 fornacis
463 2008 678 2069 transfunditur.
713 2008 754 2066 ibi
775 2008 807 2067 lit
827 2025 922 2068 massa
947 2027 1021 2086 quae
1043 2018 1167 2072 vocatur

167 2093 385 2153 hammonitrum
405 2100 492 2169 atque
512 2091 586 2151 baec
607 2093 777 2170 recoquitur
800 2101 835 2153 et
847 2093 878 2151 lit
895 2094 998 2152 vitrum
1014 2111 1114 2171 purum
1128 2113 1167 2155 ac

167 2195 261 2236 massa
280 2178 347 2236 vitri
370 2175 493 2237 candidi.
531 2177 587 2235 iam
605 2193 680 2236 vero
705 2184 735 2236 et
755 2194 810 2254 per
829 2175 934 2238 Gallias
951 2176 1167 2256 Hispaniasque

126 2273 177 2327 195
189 2260 273 2320 simili
298 2261 385 2320 modo
406 2260 513 2320 harena
532 2268 721 2337 temperatur.
758 2260 867 2321 Ferunt
889 2259 1009 2321 'liberio
1031 2262 1167 2341 principe

169 2346 336 2421 excogitato
355 2345 423 2417 uitri
449 2351 678 2423 temperamento
699 2353 731 2403 ut
751 2344 850 2405 flexile
868 2353 948 2405 esset
968 2353 1057 2406 totam
1072 2347 1200 2407 offici-rs

168 2445 231 2487 narn
247 2429 365 2487 artificis
381 2430 447 2489 eius
463 2429 616 2504 abolitam,
637 2447 674 2487 ue
690 2430 784 2505 aeris,
806 2431 937 2506 argenti,
962 2430 1023 2490 auri
1037 2431 1167 2491 metallis

168 2513 262 2590 pretia
277 2512 517 2589 detraherentur,
541 2530 635 2590 eaque
656 2513 729 2571 fama
745 2512 878 2573 crebrior
891 2513 938 2572 diu
953 2529 1036 2590 quarn
1053 2517 1168 2576 certior

168 2597 230 2657 fuit.
263 2594 316 2655 sed
341 2597 408 2674 quid
430 2599 524 2656 refert
539 2595 667 2656 Neronis
690 2597 851 2674 principatu
870 2605 989 2675 reperta
1008 2599 1076 2657 vitri
1099 2608 1166 2660 arte

168 2697 242 2757 quae
267 2679 398 2740 modicos
419 2681 525 2741 calices
549 2680 622 2739 duos
648 2697 722 2758 quos
742 2679 928 2758 appellabant
948 2689 1085 2760 petrotos
1106 2681 1164 2743 llS.

166 2767 209 2830 ἦ
222 2763 375 2825 venderet.
626 2789 630 2797 ²
1174 2795 1197 2835 su

125 2857 177 2912 196
253 2848 334 2927 (67.)
355 2848 388 2907 lu
411 2862 524 2926 genera
544 2849 611 2908 vitri
634 2857 664 2908 et
680 2847 799 2908 obsiana
814 2859 1000 2910 numerantur
1013 2849 1048 2911 ad
1062 2851 1164 2911 simili·

139 2927 143 2932 ’
167 2930 294 2992 tudinem
309 2932 413 3010 lapidis
428 2949 513 3010 quem
529 2932 559 2990 iu
573 2932 732 3010 Aethiopia
746 2933 857 2994 invenit
871 2933 995 3011 Obsius,
1011 2937 1165 3013 nigerrimi

168 3015 290 3092 coloris,
306 3016 459 3094 aliquando
473 3025 503 3077 et
517 3015 660 3094 tralucidi,
678 3019 824 3079 crassiore
838 3019 903 3078 risu
915 3027 1002 3096 atque
1016 3021 1046 3078 in
1058 3038 1165 3097 specu·

169 3099 205 3158 lis
219 3103 362 3177 parietum
373 3117 428 3178 pro
439 3101 564 3178 imagine
577 3101 692 3161 umbras
707 3101 857 3163 reddente.
882 3120 1010 3178 gemmas
1026 3102 1108 3162 multi
1124 3121 1166 3163 ex

168 3183 349 3255 solacium,
371 3183 494 3243 vidimus
515 3192 545 3244 et
565 3185 674 3245 solidas
689 3187 829 3264 imagines
847 3185 904 3245 divi
919 3186 1043 3264 Augusti
1060 3188 1198 3264 capaciss

166 3267 286 3325 materia
300 3265 384 3327 buius
405 3268 621 3346 crassitudinis,
641 3268 804 3348 dicavitque
821 3272 886 3348 ipse
905 3287 960 3348 pro
975 3271 1115 3332 miraculo
1132 3273 1166 3331 in

125 3355 176 3412 llt'f
188 3348 298 3425 templo
314 3347 495 3411 Concordiae
517 3353 655 3413 obsianos
676 3361 811 3433 quattuor
833 3353 1015 3432 elephantos.
1048 3356 1166 3416 remisit

167 3438 199 3490 ct
218 3429 354 3493 'liberius
375 3432 484 3494 Caesar
504 3434 745 3520 Heliopolitarum
765 3438 947 3500 caerimoniis
964 3447 1113 3519 repertam
1133 3440 1167 3500 iu
