2484 3817
267 220 272 231 ·
311 193 391 241 unu.
412 192 504 241 uuor.
523 193 630 248 xxxv,
653 193 696 246 15.
720 178 869 261 (5042.)
1003 181 1061 243 101

10 344 14 431 l
72 349 212 424 culorum,
237 365 300 406 cum
322 348 414 407 larina
429 345 582 406 hordeacia
602 348 760 425 inpositum
775 345 960 426 emplastrum
975 367 1064 428 pecu·

10 435 14 475 l
76 433 141 492 liare
153 433 219 491 lacit
229 449 282 490 suo
295 433 419 492 nomine.
442 431 610 506 sanguinem
625 433 712 508 sistit,
727 431 849 491 volnera
861 432 985 510 colligit,
999 432 1063 509 glu-

11 536 12 541 ’
77 519 141 576 tinat
159 532 276 575 nervos.
308 523 425 573 utuntur
440 515 526 573 etiam
542 513 577 572 ad
596 523 748 591 quartanas
765 515 911 574 bituminis
931 515 1063 576 drachma

10 609 13 644 ¹
75 609 103 660 et
122 599 270 675 hedyosmi
290 600 351 678 pari
375 597 506 676 pondere
523 615 586 657 cum
604 615 717 656 murrae
734 596 824 657 obolo
842 597 962 658 subacti.
995 617 1044 658 co·
1055 608 1106 663 1δῖ

11 693 12 727 ἒ
53 683 180 743 smitialis
202 683 321 742 morbos
340 691 433 741 ustum
456 681 624 758 deprendit,
652 680 799 740 volvarum
819 681 1063 758 strangulationes

11 780 12 813 ὲ
75 767 173 827 ollactu
193 766 309 825 discutit
325 784 388 825 cum
402 766 471 824 vino
487 773 518 824 et
535 773 689 841 castoreo,
712 764 890 842 procidentis
907 766 1003 825 suffitu
1017 783 1063 825 re·

73 853 180 930 primit,
196 851 385 928 purgationes
400 849 568 908 feminarum
582 849 611 907 in
627 849 695 906 vino
713 857 812 925 potum
828 847 915 908 elicit.
949 851 979 908 in
996 848 1064 908 reli-

74 953 128 1013 quo
158 953 209 993 usu
241 934 414 993 aeramentis
445 931 575 990 inlinitur
605 932 756 1009 firmatque
785 949 820 991 ea
848 941 949 993 contra
977 933 1063 1010 ignis.

73 1020 188 1078 diximus
209 1024 239 1076 et
262 1017 351 1093 tingui
378 1016 494 1075 solitum
515 1033 566 1074 aes
588 1033 626 1075 eo
647 1023 813 1092 statuasque
829 1015 918 1076 inlini.
949 1016 1106 1080 saloissam

37 1119 183 1179 roquoque
201 1098 203 1107 '
218 1118 298 1158 usum
328 1100 461 1177 praebuit
497 1100 536 1158 ita
565 1100 743 1159 feruminatis
772 1098 929 1174 Rabylonis
963 1101 1062 1163 muris.

71 1185 164 1263 placet
186 1185 215 1242 in
234 1185 366 1243 terrariis
385 1183 531 1242 labrorum
552 1184 677 1242 oihcinis
694 1181 852 1260 tinguendo
870 1183 950 1243 ferro
967 1182 1063 1245 clavo·

70 1286 129 1328 rum
143 1268 286 1344 capitibus
304 1277 334 1327 et
349 1267 445 1325 multis
461 1265 525 1330 aliis
543 1267 651 1325 usibus.
665 1297 669 1306 .

130 1352 209 1429 (52.)
230 1351 292 1410 Nec
306 1354 400 1410 minor
414 1358 461 1409 est
477 1358 526 1408 aut
545 1349 624 1412 adeo,
633 1349 779 1408 dissimilis
803 1349 1042 1428 alumini-opera,
1056 1362 1107 1417 183

70 1435 144 1513 quod
163 1434 346 1511 intellegitur
363 1434 480 1510 salsugo
500 1442 607 1493 terrae.
637 1433 719 1511 plura
742 1440 773 1491 et
796 1434 858 1492 eius
877 1451 997 1508 genera.
1030 1435 1062 1495 ln

34 1542 59 1580 rs
71 1518 166 1596 Cypro
188 1519 335 1587 candidum
354 1527 383 1577 et
401 1519 529 1594 nigrius,
552 1519 657 1593 exigua
673 1515 782 1576 coloris
800 1514 980 1594 differentia,
1001 1537 1065 1577 cunr

68 1607 106 1664 sit
123 1621 190 1661 usus
207 1620 328 1679 magna,
353 1603 487 1678 quoniam
508 1599 669 1659 inficiendis
691 1599 771 1658 claro
791 1599 892 1658 colore
910 1598 982 1674 lanis
999 1619 1064 1660 can·

66 1687 160 1746 didum
179 1687 374 1762 liquidumque
396 1683 577 1741 utilissimum
599 1689 645 1740 est
667 1690 827 1761 contraque
844 1684 932 1742 luscis
949 1693 998 1743 aut
1014 1685 1064 1745 ob·

67 1772 158 1830 scuris
174 1772 297 1844 nigrum.
321 1775 351 1825 et
367 1784 465 1824 aurum
482 1767 567 1841 nigro
582 1775 730 1844 purgatur.
748 1767 887 1826 litantem
906 1784 989 1827 omne
1006 1778 1106 1834 ex184

66 1871 138 1930 aqua
157 1853 299 1928 limoque,
321 1850 378 1908 hoc
405 1857 451 1908 est
473 1857 570 1908 terrae
593 1850 759 1909 exsudantis
780 1859 890 1910 natura.
932 1853 1084 1919 connisa,

28 1962 55 2000 so
64 1947 124 2011 tum
140 1936 234 1994 hieme
251 1935 370 1992 aestivis
387 1932 677 1993 solibusmaturatur.
702 1935 778 2011 quod
799 1936 853 1995 luit
870 1951 908 1994 ex
927 1953 964 1995 eo
979 1946 1063 2014 prae·

65 2038 124 2079 cox
142 2019 288 2078 candidius
307 2018 346 2076 iit.
368 2019 498 2093 gignitur
512 2025 606 2076 autem
621 2019 651 2076 in
667 2016 819 2097 Hispania,
836 2017 992 2096 Aegypto,
1007 2019 1063 2080 hr-

63 2106 177 2178 meuia,
198 2101 383 2177 Macedonia,
405 2100 516 2177 Ponto,
544 2100 660 2177 Africa,
683 2102 785 2162 insulis
807 2102 952 2180 Sardinia,
972 2102 1062 2182 hlelo,

63 2189 187 2265 Lipara,
203 2185 370 2262 Strongyle.
394 2185 617 2244 laudatissimum
633 2187 662 2244 in
676 2185 832 2268 Aegypto,
847 2204 1021 2265 proxumum·
1033 2188 1063 2247 in

62 2270 155 2331 Melo.
190 2269 273 2328 huius
299 2287 415 2347 quoque
443 2268 516 2328 duae
545 2269 677 2345 species,
707 2269 843 2347 liquidum
871 2271 1061 2349 spissumque.

23 2353 167 2431 reliquidi
187 2354 322 2430 probatio
348 2361 378 2411 ut
410 2355 447 2411 sit
473 2351 619 2429 limpidum
646 2352 827 2432 lacteumque
855 2354 918 2414 sine
940 2354 1061 2414 offensis

61 2436 204 2509 locandi,
221 2455 283 2495 cum
297 2437 420 2515 quodam
435 2436 562 2514 igniculo
574 2435 695 2497 caloris.
712 2437 767 2496 hoc
781 2437 934 2515 phorimon
949 2439 1062 2498 vocant.

62 2539 101 2580 an
118 2522 157 2577 sit
175 2519 361 2580 adulteratum
377 2520 603 2599 deprehenditur
619 2539 690 2580 suco
705 2520 803 2581 Punici
820 2520 902 2594 mali,
920 2522 1063 2581 sincerum

63 2605 144 2663 enim
161 2604 283 2661 mixtura
300 2621 335 2662 ea
350 2606 499 2681 nigrescit.
522 2604 644 2663 alterum
659 2623 750 2682 genus
771 2613 816 2666 est
830 2602 928 2683 pallidi
951 2613 982 2664 et
1002 2623 1062 2665 sca-

62 2687 111 2747 bri
128 2694 159 2744 et
174 2685 250 2764 quod
262 2687 403 2747 inficiatur
416 2707 432 2746 a
444 2688 531 2764 galla,
543 2689 669 2765 ideoque
680 2688 737 2748 hoc
748 2697 853 2748 vocant
868 2686 1059 2765 paraphoron.

21 2788 52 2830 oo
62 2769 170 2847 liquidi
194 2770 323 2829 aluminis
348 2772 391 2828 vis
410 2771 607 2848 adstringere,
628 2772 778 2849 indurare,
799 2770 914 2830 rodere.
955 2771 1104 2838 melle185

61 2856 197 2914 admixto
214 2856 368 2913 sanatoris
386 2853 496 2930 ulcera,
511 2855 632 2933 papulas
648 2858 843 2932 pruritusque.
865 2854 937 2913 haec
952 2858 1062 2916 curatio

61 2940 97 2998 ht
120 2939 151 2996 in
172 2937 284 2997 balneis
305 2936 413 2997 duabus
434 2938 528 2998 mellis
546 2939 693 3017 partibus,
713 2940 803 2998 tertia
813 2938 951 2997 aluminis.
983 2939 1084 2999 rirus’

61 3022 178 3082 alarum
195 3021 375 3099 sudoresque
396 3022 488 3081 sedat.
519 3025 639 3081 sumitur
652 3021 750 3099 pilulis
768 3029 868 3082 contra
889 3021 975 3081 lienis
993 3022 1063 3082 vitia

60 3107 294 3186 pellendumque
312 3123 369 3182 per
390 3105 499 3164 urinam
519 3107 695 3182 sanguinem.
731 3105 863 3165 emendat
885 3112 916 3165 et
937 3103 1063 3165 scabiem

17 3196 146 3254 asnitro
168 3208 201 3250 ac
216 3188 370 3248 melanthio
387 3188 529 3247 admixtis.
554 3188 689 3249 Concreti
705 3188 833 3248 aluminis
848 3205 934 3248 uuum
950 3207 1042 3267 genus
1054 3199 1105 3255 186

60 3271 203 3337 schiston
218 3273 365 3352 appellant
373 3271 486 3347 Graeci,
502 3273 532 3330 in
546 3273 745 3351 capillamenta
758 3271 895 3351 quaedam
909 3285 1063 3333 canescen-

59 3364 104 3420 tia
121 3359 298 3435 dehiscens,
313 3357 387 3416 unde
403 3355 516 3435 quidam
530 3357 666 3416 trichitim
677 3358 773 3436 potius
789 3356 985 3437 appellavere.
1006 3356 1063 3418 hoc

55 3446 93 3504 lit
114 3465 134 3505 e
154 3441 251 3522 lapide
273 3459 311 3502 ex
330 3457 388 3519 quo
404 3449 434 3500 et
455 3458 506 3500 aes
527 3475 565 3484 —
587 3440 730 3501 chalcitim
750 3456 883 3502 vocamus
901 3474 957 3520 -,
976 3440 1063 3502 sudor
