2484 3817
171 223 231 287 132
517 234 547 284 c.
564 232 660 287 eamr
673 230 821 281 sacnnnr

168 392 275 451 urinam
288 390 345 449 ciet
354 388 515 467 volvasque
522 394 637 466 purgat,
650 394 729 446 tanto
738 385 830 462 magis
846 378 1044 442 insidentibus.
1067 397 1155 440 causa

167 474 288 534 nominis
304 489 361 532 non
376 472 465 547 haec,
484 470 536 530 sed
551 472 683 548 qnoniam
702 468 857 529 diutissime
872 482 930 525 uon
943 465 1105 523 marcescit.

129 568 162 622 14
237 557 298 634 (5.)
322 555 399 614 Aloe
414 555 516 613 scillae
533 553 741 613 similitudinem
757 551 855 627 habet,
872 549 964 609 maior
979 556 1009 607 et
1023 546 1155 625 pinguio-

169 639 248 698 ribus
265 639 352 715 ioliis,
369 656 406 697 ex
421 637 538 715 obliquo
555 636 664 695 striata.
696 634 785 695 caulis
803 634 865 693 eius
877 642 960 692 tener
975 639 1031 704 est,
1046 629 1157 689 rubens

170 721 289 798 medius,
305 739 363 781 non
378 719 523 780 dissimilis
540 719 695 795 antherici,
717 716 815 777 radice
830 734 885 776 una
899 734 952 775 ceu
969 714 1036 792 palo
1051 712 1080 772 in
1097 721 1184 771 ter-u

170 824 230 865 ram
244 805 377 879 demissa,
394 805 475 880 gravi
490 802 596 878 odore,
613 810 698 879 gustu
713 818 816 861 amara.
847 798 1038 859 laudatissima
1056 813 1094 855 ex
1110 793 1156 854 ln-

172 888 217 947 dia
234 887 375 963 adfertur,
397 885 448 945 sed
462 887 589 945 nascitur
606 894 635 943 et
650 886 678 944 in
693 883 778 958 Asia,
800 900 857 942 non
877 892 971 941 tamen
993 896 1026 938 ea
1043 886 1158 939 utuntur

169 972 224 1030 uisi
238 970 273 1029 ad
287 971 407 1029 volnera
423 966 587 1028 recentibus
599 966 688 1041 foliis,
704 968 823 1026 mirifice
833 967 907 1024 enim
918 962 1094 1039 conglutinat
1108 961 1158 1021 vel

171 1071 253 1113 suco.
282 1052 320 1111 ob
350 1052 378 1111 id
399 1053 428 1110 in
449 1049 607 1110 turbinibus
631 1049 765 1109 cadorum
787 1066 850 1109 eam
874 1054 972 1108 serunt
992 1054 1022 1105 ut
1045 1047 1159 1105 aizoum

130 1149 163 1201 15
174 1138 273 1196 maius.
306 1136 420 1212 qnidam
435 1143 465 1193 et
485 1134 597 1193 caulem
611 1142 676 1192 ante
693 1135 882 1194 maturitatem
902 1130 1017 1190 seminis
1031 1128 1195 1190 inciduntro

172 1219 233 1279 suci
249 1219 352 1294 gratia,
367 1217 455 1294 aliqui
473 1226 502 1276 et
517 1216 596 1275 folia.
629 1216 770 1275 invenitur
789 1224 819 1275 et
840 1224 893 1293 per
915 1232 947 1273 se
970 1213 1088 1273 lacrima
1107 1210 1158 1271 ad·

171 1301 305 1361 haerens.
342 1316 415 1376 ergo
436 1298 681 1376 pavimentandum
702 1299 751 1359 ubi
772 1307 833 1358 sata
856 1299 893 1357 sit
913 1304 1048 1373 censent,
1069 1304 1099 1355 ut
1116 1295 1158 1353 la·

160 1385 259 1442 crima
275 1399 331 1441 uon
347 1382 544 1442 absorbeatur.
573 1383 656 1443 fuere
679 1384 727 1460 qni
743 1382 888 1442 traderent
907 1380 935 1439 in
949 1378 1053 1439 ludaca
1068 1396 1160 1457 super

171 1464 372 1539 Hierosolyma
395 1466 565 1525 metallicam
588 1468 649 1525 eius
669 1475 807 1540 naturam,
829 1464 881 1524 sed
904 1463 981 1522 nulla
1002 1463 1093 1537 magis
1115 1462 1159 1519 in·

131 1560 164 1613 16
174 1547 267 1629 proba
288 1557 348 1623 cst,
375 1565 469 1626 neque
492 1549 548 1609 alia
570 1550 678 1627 nigrior
699 1557 743 1607 est
770 1557 817 1607 aut
837 1546 966 1606 umidior.
1003 1547 1057 1603 erit
1084 1562 1159 1621 ergo
1170 1562 1197 1602 15

173 1641 289 1710 optuma
304 1632 418 1711 pinguis
434 1649 469 1691 ac
492 1632 592 1709 nitida,
613 1633 666 1693 rufi
691 1631 808 1706 coloris,
830 1628 951 1689 friabilis
972 1637 1002 1687 et
1022 1628 1161 1687 iocineris

171 1714 257 1775 modo
280 1724 398 1791 coacta,
421 1715 508 1775 facile
528 1715 710 1794 liquescens,
729 1712 905 1794 inprobanda
926 1713 1007 1788 nigra
1030 1720 1059 1770 et
1078 1711 1160 1788 dura,

171 1798 314 1857 harenosa
329 1817 461 1876 quaeque
476 1808 561 1875 gustu
575 1798 750 1875 intellegitur
765 1797 867 1857 cummi
880 1794 1038 1854 adulterata
1053 1803 1083 1853 ct
1094 1812 1160 1854 aca-

172 1884 227 1941 cia.
255 1890 355 1941 natura
370 1884 432 1941 eius
448 1884 589 1959 spissare,
605 1880 725 1941 densare
741 1889 769 1940 et
787 1881 893 1939 leniter
907 1878 1068 1951 calfacere,
1089 1894 1160 1937 usus

170 1968 199 2023 in
213 1964 318 2037 multis,
334 1964 385 2023 sed
402 1964 567 2043 principalis
581 1965 676 2024 alvom
691 1964 815 2039 solvere,
833 1981 896 2023 cum
914 1978 1006 2041 paene
1021 1960 1085 2018 sola
1099 1978 1159 2019 me·
1171 1977 1197 2017 aa

171 2047 396 2106 dicamentorum
411 2063 485 2121 quaa
505 2047 534 2107 id
548 2055 695 2123 praestant
710 2046 858 2117 confirmet
872 2047 956 2104 etiam
972 2043 1161 2120 stomachum,

26 2204 33 2218 ἢ
131 2141 162 2195 17
175 2130 248 2189 adeo
265 2146 322 2187 uon
336 2129 453 2187 infestet
467 2129 525 2187 ulla
539 2130 568 2187 vi
584 2130 735 2189 contraria.
762 2128 867 2188 bibitur
882 2127 1031 2202 drachma,
1048 2127 1083 2187 ad
1100 2134 1161 2185 sto·

172 2210 266 2271 machi
288 2227 360 2269 vero
380 2210 595 2270 dissolutionem
614 2214 643 2271 iu
667 2210 778 2271 dnobus
800 2212 909 2286 cyathis
930 2222 1022 2287 aquae
1042 2210 1161 2289 tepidae

171 2294 219 2352 vel
234 2293 355 2369 frigidae
371 2294 513 2354 coclearis
527 2294 717 2355 mensurabis
732 2303 814 2354 terve
830 2296 859 2353 in
873 2294 919 2353 die
934 2312 971 2352 ex
985 2293 1161 2368 intervallis,

172 2384 203 2434 ut
233 2394 282 2434 res
298 2377 414 2452 exigit,
449 2379 628 2453 purgationis
654 2387 747 2438 autem
773 2395 858 2437 causa
882 2376 1042 2456 plurumum
1067 2374 1198 2435 tribusne

174 2458 331 2534 drachmis,
358 2458 522 2535 efficacior,
549 2462 575 2521 si
602 2470 671 2540 pota
692 2480 726 2521 ea
747 2470 873 2521 sumatur
893 2459 984 2520 cibus.
1023 2458 1162 2537 capillum

171 2541 305 2600 fluentem
331 2544 458 2601 continet
489 2561 551 2603 cum
580 2547 647 2603 vino
674 2553 789 2604 austero
815 2545 910 2621 capite
940 2550 1040 2603 contra
1072 2541 1162 2619 pilum

172 2632 323 2701 pemncto.
356 2623 485 2685 dolorem
507 2628 609 2703 capitis
624 2627 706 2686 sedat
721 2626 897 2704 temporibus
917 2635 947 2686 et
968 2626 1056 2685 fronti
1077 2625 1162 2701 iupo-

132 2717 166 2771 18
176 2708 230 2765 sita
246 2724 283 2765 ex
298 2716 382 2766 aceto
402 2715 432 2765 et
450 2726 574 2769 rosaceo
595 2708 765 2787 dilutiorque
787 2709 890 2767 infusa.
919 2709 1069 2769 oculomm
1091 2710 1163 2767 vitia

174 2789 267 2849 omnia
281 2792 374 2848 sanari
387 2807 421 2849 ea
435 2793 577 2868 convenit,
595 2792 726 2872 privatim
741 2792 902 2867 prurigines
918 2802 946 2851 et
964 2790 1090 2853 scabiem
1106 2808 1161 2868 ge·
1173 2801 1204 2843 ³0

174 2891 288 2948 narum,
315 2873 383 2931 item
407 2872 540 2949 insignita
560 2893 595 2935 ao
613 2873 699 2934 livida
719 2874 797 2933 inlita
819 2892 881 2931 cum
901 2876 1005 2949 melle,
1027 2892 1163 2935 maxume

172 2956 308 3029 Pontico,
323 2955 470 3031 tonsillas,
490 2958 621 3033 gingivas
641 2966 669 3017 et
686 2957 778 3016 omnia
795 2958 854 3016 oris
876 2957 990 3035 ulcera,
1012 2959 1163 3033 sauguinis

173 3040 407 3116 exscreationes,
430 3039 455 3097 si
469 3039 599 3099 modicae
614 3043 679 3117 sint,
695 3039 829 3100 drachma
846 3058 883 3099 ex
900 3058 990 3118 aqna,
1014 3042 1161 3116 siminus,

174 3140 211 3180 ex
224 3131 308 3181 aceto
323 3132 400 3200 pota.
428 3122 576 3183 voluerum
592 3141 707 3201 quoque
730 3124 895 3199 sanguinem
917 3132 945 3183 et
960 3122 1163 3201 undecumque

132 3205 308 3268 induentem
322 3208 459 3285 sistitper
473 3224 506 3265 sc
521 3206 568 3266 rel
579 3224 617 3266 ex
633 3215 727 3267 aceto.
749 3206 819 3267 alias
832 3209 915 3267 etiam
932 3214 976 3265 est
989 3205 1206 3267 volneribus³⁵

84 3281 89 3307 ‘
173 3286 320 3348 utilissima
336 3290 372 3350 ad
386 3290 548 3351 cicatricem
566 3289 737 3369 perducens.
769 3290 867 3349 cadem
885 3290 1060 3368 inspergitur
1074 3292 1162 3350 exul·

174 3373 278 3430 ceratis
290 3373 463 3448 genitalibus
472 3375 605 3451 virorum,
618 3374 824 3449 condylomatis
836 3375 970 3450 rimisque
983 3372 1073 3449 sedis,
1085 3374 1162 3435 alias

174 3472 212 3513 er
225 3456 309 3533 vino,
328 3456 400 3541 alias
417 3477 456 3519 ex
470 3474 576 3538 passo,
589 3458 663 3519 alias
678 3460 755 3518 sicca
774 3476 826 3537 per
844 3462 894 3534 sd,
917 3466 946 3515 ut
966 3458 1063 3533 exigat
1085 3460 1160 3517 miti-
