2484 3817
135 307 144 324 .
178 221 220 282 ¹16
516 231 546 280 0.
562 229 658 280 vnum
676 229 827 280 §lomim

180 403 278 446 sucum
293 385 361 446 dant
375 383 538 446 ischiadicis
553 384 654 446 utilem
669 384 764 460 cyathi
778 385 863 444 unius
876 391 956 462 pota.
990 381 1103 460 quidam
1115 399 1172 443 ma·

180 471 241 528 rina
257 485 329 545 aqua
344 485 493 528 macerare
508 468 615 528 malunt
630 475 662 528 et
678 467 830 527 infundere
841 467 977 544 clystere.
1007 481 1172 543 perungun-

180 560 225 611 tur
242 551 347 612 aedem
360 567 430 612 suco
444 551 594 612 ischiadici
607 551 708 611 addite
717 551 795 610 oleo.
816 548 1026 629 qvidnnetad
1039 557 1172 625 Anagn-

181 636 251 693 riam
268 637 518 695 amoenius:
545 635 661 711 genista
675 644 758 694 amsa
779 649 842 693 cnm
861 634 985 710 exungia
1007 649 1102 708 genua
1122 632 1172 690 do-

182 717 270 776 lentia
288 725 377 778 sanat.
1182 736 1195 776 t

139 809 171 864 67
243 801 326 879 (41.)
353 799 483 876 llvriceu
503 803 559 860 iam
580 805 686 860 erim
702 810 790 861 vocat
810 799 941 860 Lenaeus
962 797 1084 859 similem
1107 813 1172 856 seo·

180 884 226 962 pis
242 885 405 960 Amerinis,
427 885 521 944 sanari
552 882 621 943 dicit
643 903 678 944 ea
697 887 888 944 carcinomata
908 885 937 942 in
961 885 1030 942 vino
1051 880 1172 939 decocta

181 969 306 1045 tritaque
323 984 386 1027 cum
400 965 488 1026 melle
501 966 590 1026 inlita.
602 1000 646 1012 —
655 967 776 1027 eandem
792 985 860 1027 esse
875 966 1048 1026 arbitrantur
1059 964 1172 1040 quidam

180 1051 335 1110 mmemceu
345 1082 406 1124 -‚
426 1048 525 1109 esdad
541 1049 647 1110 lienem
658 1052 813 1127 praecipua
830 1059 893 1126 est,
907 1051 932 1108 si
946 1065 1033 1108 sucus
1045 1048 1108 1106 aius
1120 1064 1172 1107 ex·

180 1149 300 1210 presens
318 1135 347 1191 in
362 1133 430 1191 vino
448 1131 570 1192 bibatur.
602 1132 735 1210 adeoque
749 1132 907 1193 mirabilem
921 1134 985 1192 eius
997 1128 1172 1208 antipathian
1182 1145 1205 1186 u

182 1224 281 1276 contra
296 1215 389 1274 solum
403 1214 459 1275 hoc
479 1216 624 1275 macerans
642 1216 766 1292 iaciunt,
790 1227 821 1275 ut
840 1215 1006 1290 adfirment,
1029 1215 1054 1272 si
1077 1229 1115 1272 ex
1137 1231 1171 1272 ea

139 1309 174 1362 68
184 1299 277 1358 alveis
294 1299 378 1357 lactis
392 1297 508 1373 bibant,
523 1317 591 1358 sues
607 1301 670 1359 sine
688 1298 766 1359 liene
779 1300 910 1358 inveniri.
936 1306 967 1358 ct
980 1297 1048 1356 ideo
1064 1295 1171 1356 homini

181 1397 298 1458 qaoque
317 1380 448 1458 splenico
464 1382 558 1441 cibum
573 1391 730 1459 petamque
744 1381 812 1442 dant
826 1382 947 1440 invasis
963 1399 1003 1441 eu
1022 1397 1057 1440 ea
1077 1380 1170 1439 iactis.

180 1467 278 1540 gravis
294 1472 389 1523 autem
403 1473 504 1524 auctor
517 1466 548 1522 iu
562 1465 703 1524 medicina
717 1466 827 1543 virgam
842 1483 880 1526 ex
895 1483 930 1524 ea
945 1465 1119 1538 animatam,
1142 1470 1173 1522 ut

181 1563 275 1625 neque
291 1556 397 1606 terram
414 1565 509 1625 neque
524 1547 633 1608 ferrum
647 1550 821 1625 attingeret,
845 1549 948 1608 sedare
962 1548 1073 1607 ventris
1087 1545 1170 1606 dolo·
1181 1562 1206 1604 at

181 1647 230 1689 res
246 1630 430 1690 adseveravit
447 1633 601 1709 inperitam
616 1633 655 1690 ita
670 1640 701 1690 ut
716 1634 810 1691 tunica
826 1635 977 1709 cinctuque
992 1631 1111 1708 corpori
1126 1629 1173 1689 ad·

141 1731 167 1775 ts
182 1715 405 1791 reprimeretur.
426 1713 531 1790 volgus
546 1713 692 1774 infelicem
708 1715 843 1778 arborem
857 1733 921 1774 eam
935 1712 1074 1793 appellat,
1089 1721 1121 1771 ut
1133 1713 1173 1772 di-

182 1800 291 1873 ximus,
303 1797 437 1874 qnoniam
448 1796 519 1856 nihil
534 1798 610 1858 ierat
627 1815 683 1858 nec
700 1806 815 1858 seratur
828 1815 965 1876 umquam.

139 1891 173 1946 69
243 1879 325 1957 (42.)
360 1877 515 1940 Corinthus
537 1890 567 1941 et
587 1897 662 1958 quae
682 1883 758 1942 circa
780 1892 827 1942 est
847 1881 967 1941 Graecia
981 1881 1072 1957 omn
1086 1887 1174 1940 vocat

182 1966 304 2040 eiusque
319 1962 376 2024 duo
393 1981 503 2040 genera
518 1965 603 2040 iacit,
621 1965 786 2025 silvestrem
799 1965 884 2044 plane
896 1964 1037 2040 sterilem,
1052 1963 1207 2023 alteramae

181 2048 334 2106 mitiorem.
364 2045 436 2107 haec
454 2048 553 2108 lertin
576 2047 717 2127 Aegypto
731 2048 871 2126 Syriaque
894 2048 981 2107 etiam
994 2045 1173 2107 abundanter

181 2129 326 2207 lignosum
346 2129 467 2190 fructum
489 2133 627 2190 maiorem
646 2131 741 2208 galla,
763 2148 895 2208 asperum
910 2139 1015 2206 gustu,
1037 2146 1096 2206 quo
1113 2147 1172 2188 me-

183 2214 237 2273 dici
264 2220 381 2272 utuntur
407 2216 472 2274 vice
496 2213 592 2289 gallae
612 2216 643 2273 in
669 2212 920 2290 conpositionibus
941 2229 1012 2289 quas
1034 2211 1173 2272 antheras

181 2304 293 2356 vocant.
327 2304 357 2356 et
382 2297 489 2374 lignum
508 2305 602 2356 autera
626 2304 657 2354 et
681 2295 735 2354 llos
751 2304 783 2353 et
804 2295 874 2354 lolia
890 2304 921 2354 et
935 2304 1039 2354 cortex
1060 2297 1091 2353 in
1105 2313 1174 2356 eos·

141 2380 253 2445 todem
274 2397 342 2439 usus
359 2379 548 2453 adhibentur,
572 2395 737 2456 utrumquem
755 2380 929 2437 remissiora.
961 2378 1043 2437 datur
1057 2381 1208 2455 sangui-aa

182 2481 246 2523 nem
265 2463 453 2522 reicientibus
468 2471 571 2520 cortex
583 2463 667 2520 tritus
678 2469 709 2520 et
723 2469 823 2520 contra
836 2459 977 2537 profluvia
991 2461 1174 2539 laminarum,

182 2547 318 2608 coeliacis
351 2562 475 2621 qnoque.
518 2544 593 2602 idem
626 2551 726 2602 tunsus
751 2545 951 2621 inpositusque
977 2542 1174 2625 collectiones

183 2632 274 2689 omnis
289 2627 408 2686 inhibet.
439 2626 517 2686 loliis
534 2627 705 2703 exprimitur
719 2643 804 2685 sucus
819 2625 854 2684 ad
870 2626 942 2684 baec
955 2625 1063 2685 eadem.
1098 2635 1128 2686 et
1145 2630 1175 2686 in

183 2715 250 2772 vino
267 2711 456 2785 decocuntur,
472 2711 536 2787 ipsa
553 2725 627 2768 vero
641 2708 755 2769 adiecto
767 2708 855 2768 melle
866 2710 1039 2786 gangraenis
1049 2708 1176 2769 inlinun-

183 2804 236 2854 tur.
256 2794 405 2854 decoctnrn
419 2809 519 2852 eorum
531 2795 561 2853 in
577 2793 646 2851 vino
662 2790 813 2869 pptum,**
825 2794 951 2870 inposita
967 2796 1031 2850 cum
1045 2808 1175 2854 rosaceo
1186 2806 1212 2848 aa

139 2887 172 2942 il
186 2886 216 2938 et
225 2893 292 2936 cera
304 2874 412 2934 sedant.
437 2877 524 2935 sicet
538 2875 716 2953 epinyctidas
731 2884 848 2950 sanaut,
870 2875 995 2935 dentium
1009 2874 1105 2936 dolori
1124 2895 1177 2936 au-

183 2957 1175 3037 rinmquedecoctumeorumsalntareest,radixadeademsimiliter.

182 3043 252 3101 lolia
269 3042 325 3100 boc
336 3041 456 3120 amplius
465 3041 499 3100 ad
515 3059 635 3119 eaquae
651 3050 772 3118 serpunt
781 3042 960 3119 inponuntur
967 3058 1030 3101 cum
1041 3041 1176 3118 polenta.

183 3143 283 3184 semen
295 3123 445 3186 drachmae
454 3125 584 3203 pondere
599 3125 737 3185 adversus
752 3123 903 3202 phalangia
918 3134 949 3184 et
962 3139 1086 3185 anneus
1097 3124 1179 3185 bibi-

184 3216 246 3283 tur,
263 3220 324 3266 cum
339 3207 458 3268 altilium
475 3225 547 3268 vero
563 3209 661 3286 pingui
677 3205 833 3271 furunculis
853 3211 1007 3286 inponitis.
1024 3207 1131 3267 cilicax
1142 3218 1179 3268 et
1188 3228 1218 3271 ss

140 3299 175 3354 ta
186 3299 286 3350 contra
298 3295 475 3370 serpentium
483 3294 557 3353 ictus
568 3299 769 3370 praeterquam
780 3292 916 3369 aspidum.
932 3305 1055 3350 necnon
1065 3291 1177 3352 morbo

184 3374 590 3452 regio,phthiriasi,lendibus
606 3377 755 3434 decoctum
765 3377 888 3435 inlusum
896 3374 1017 3453 prodeat
1026 3371 1179 3434 abundau-

185 3459 308 3535 tiauaque
321 3458 469 3519 nrrrlierum
478 3461 561 3520 sistit.
577 3460 768 3520 ciuisarboris
782 3459 918 3520 adomnia
929 3457 1030 3518 eadem
1039 3455 1178 3535 prodest.
