2484 3817
153 155 214 220 tlt
281 186 285 194 ι
497 159 804 212 c.runr1sseuuo1

151 339 206 382 nos
222 317 361 400 quidquid
380 317 424 379 illi
442 315 599 397 prodidere
617 313 784 377 mirandum.
821 314 1011 376 Phaethontis
1030 314 1150 378 fulmine

150 408 202 466 icti
218 421 340 464 sorores
362 401 442 462 luctu
457 408 579 460 mutatas
597 401 628 458 in
649 400 772 460 arbores
794 399 920 478 populos
941 399 1065 459 lacrimis
1087 400 1150 460 ele·

151 497 242 549 ctrum
260 486 393 547 omnihus
412 487 495 545 anuis
516 482 640 544 fundere
661 485 741 542 iuxta
758 481 911 544 Eridanum
931 499 1042 542 amnem
1064 499 1150 560 quem

107 589 131 633 a,
143 592 178 627 nr
192 571 297 633 Padurn
311 571 489 646 vocavimus,
504 568 646 628 electrum
658 566 843 645 appellatum,
860 567 994 644 quoniam
1009 565 1054 625 sol
1070 569 1150 627 roci·

150 664 226 716 tatus
247 657 286 716 sit
302 653 439 731 Elector,
461 652 585 732 plurumi
608 658 715 730 potitae
731 652 852 727 dixere,
875 651 1034 729 primique,
1058 658 1090 708 ut
1105 669 1172 713 ar-s
1235 665 1236 672 ’

150 739 260 816 bitror,
277 738 459 814 Aeschylus,
480 736 675 811 Philoxenus,
695 732 867 812 Euripides,
889 733 1025 810 Satyrus,
1045 731 1150 794 Nican-

107 831 142 887 32
152 823 222 900 der,
237 822 315 901 quod
331 841 398 883 esse
413 821 517 881 laisum
529 819 632 880 ltaliae
648 819 815 878 testimonio
830 825 917 896 patet.
945 816 1148 894 diligentiores

151 925 251 966 eorum
271 906 435 967 Electridas
460 904 570 964 insulas
592 905 623 962 in
643 904 713 962 mari
733 900 898 962 Hadriatico
922 919 991 978 esse
1014 901 1150 960 dixerunt

8 985 12 992 ’
96 997 100 1013 “
150 991 185 1050 ad
203 1009 274 1070 quas
293 989 481 1049 delaberetur
497 987 585 1048 Pado.
619 1005 675 1065 qua
689 981 886 1064 appellatione
903 984 999 1044 nullus
1019 1001 1150 1062 umquam

150 1074 192 1134 ihi
208 1077 301 1134 inisse
315 1081 426 1133 certum
442 1080 506 1146 est,
522 1089 578 1130 nee
592 1088 665 1130 vero
684 1070 756 1130 ullas
770 1071 810 1129 ita
824 1071 936 1149 positas
953 1069 1061 1128 esseio
1075 1085 1184 1146 quasso

151 1160 301 1235 quicquam
323 1173 409 1215 cursu
430 1155 498 1214 Padi
523 1154 630 1214 devehi
653 1155 757 1233 possit.
795 1172 858 1213 nam
882 1152 959 1231 quod
982 1151 1148 1228 Aeschylus

149 1242 179 1301 lu
193 1241 309 1316 Iberia,
324 1239 381 1297 hoc
396 1247 441 1297 est
459 1240 488 1297 in
501 1236 656 1315 Hispania,
672 1237 827 1297 Eridanum
843 1256 911 1296 esse
927 1236 1000 1296 dixit
1015 1235 1150 1295 eundem-

151 1341 208 1401 que
224 1322 366 1400 appellari
381 1321 567 1398 Rhodanum,
588 1320 745 1398 Euripides
767 1340 866 1381 rursus
883 1330 912 1380 et
929 1319 1104 1398 Apollonius
1118 1322 1150 1380 in

148 1405 314 1466 Hadriatico
336 1406 423 1466 litore
443 1405 593 1466 confluere
605 1404 775 1464 Rhodanum
797 1413 827 1464 et
842 1404 965 1480 Padum,
986 1403 1150 1464 faciliorem

106 1500 142 1555 33
152 1492 265 1550 reniam
275 1491 345 1551 iacit
358 1491 484 1568 ignorati
500 1490 591 1549 sucini
607 1491 636 1549 in
656 1497 732 1548 tanta
754 1490 917 1565 ignorantia
931 1488 1021 1548 orbis.
1048 1488 1148 1548 mode·
1159 1506 1186 1546 na

149 1579 273 1652 stiores,
293 1575 346 1635 sed
363 1593 456 1653 aeque
475 1574 594 1651 falsum,
615 1573 773 1652 prodidere
794 1575 823 1632 in
838 1574 975 1632 extremis
991 1570 1148 1633 Hadriatici

149 1661 230 1718 sinus
245 1661 331 1718 inviis
348 1659 467 1737 rupihus
478 1658 601 1718 arbores
617 1666 696 1716 stare
708 1675 782 1735 quae
797 1659 876 1716 canis
892 1665 956 1717 ortu
971 1656 1043 1716 hanc
1058 1657 1148 1716 eliun-

149 1742 255 1802 derent
269 1744 407 1802 cummim.
431 1740 650 1820 Theophrastus
667 1741 754 1801 ellodi
767 1744 795 1801 in
807 1739 924 1818 Liguria
935 1742 1018 1817 dixit,
1035 1738 1146 1800 Chares

140 1844 222 1887 ,vero
231 1825 440 1886 Phaethontem
452 1827 482 1886 in
492 1826 652 1903 Aethiopia
662 1824 825 1886 Hammonis
837 1826 961 1900 obiisse,
973 1825 1013 1884 ihi
1026 1833 1055 1884 et
1066 1823 1149 1884 delu-

149 1909 232 1970 hrnm
246 1912 309 1970 eius
322 1929 390 1970 esse
406 1918 494 1987 atque
507 1909 652 1969 oraculum
669 1909 865 1985 electrumque
880 1909 969 1985 gigni.
996 1907 1185 1970 Philemonao

148 1993 253 2054 lossile
271 2013 339 2054 esse
356 2001 387 2053 et
401 1995 430 2052 in
446 1993 563 2070 Scythia
579 1995 640 2052 erni
659 1992 771 2051 duohus
787 1992 877 2070 locis,
895 1990 1043 2051 candidum
1058 1999 1147 2068 atque

148 2079 228 2137 cerei
248 2070 357 2137 coloris
372 2077 450 2154 quod
467 2086 623 2137 vocaretur
641 2075 796 2152 electrum,
822 2079 850 2135 in
872 2076 929 2136 alio
944 2075 1053 2136 fulvom
1068 2075 1147 2154 quod

105 2162 349 2240 dlappellaretur
375 2161 598 2222 sualiternicnro.
644 2159 846 2220 Demostratus
874 2160 1032 2236 lyncurium
1060 2167 1147 2219 vocat

148 2255 178 2305 ct
207 2246 270 2305 lieri
297 2263 336 2303 ex
357 2245 438 2303 urina
462 2244 576 2321 lyncum
596 2243 769 2320 hostiarum,
797 2263 813 2304 e
836 2245 962 2304 maribus
985 2243 1094 2303 fulvom
1114 2250 1147 2303 et

148 2333 282 2406 igneum,
296 2329 439 2388 eienrinis
453 2327 615 2405 languidius
628 2335 715 2405 atque
731 2327 887 2388 candidum.
914 2327 988 2388 alios
1003 2328 1031 2387 id
1045 2327 1146 2388 dicere
1156 2347 1183 2390 as
1235 2335 1236 2400 ζ

148 2413 308 2488 langurium
333 2420 364 2470 et
387 2430 455 2472 esse
480 2414 510 2471 in
533 2411 616 2470 ltalia
634 2411 744 2471 bestias
769 2411 917 2489 langores.
957 2410 1147 2471 Zenothemis
1235 2401 1236 2414 ¹

148 2497 248 2573 langas
265 2504 351 2555 vocat
368 2496 485 2555 easdem
506 2503 537 2555 et
551 2496 628 2554 circa
643 2494 748 2555 Padum
762 2496 797 2554 iis
814 2497 902 2555 vitam
921 2495 1071 2572 adsignat,
1092 2495 1147 2554 Su·

148 2582 230 2640 dines
245 2580 380 2639 arborem
391 2597 464 2657 quae
480 2582 579 2656 gignat
590 2581 619 2637 in
631 2577 748 2656 Liguria
762 2581 859 2638 vocari
876 2578 968 2656 lynca.
999 2581 1028 2638 in
1044 2579 1148 2639 eadem

106 2675 140 2730 35
151 2665 298 2724 sententia
322 2672 352 2723 et
367 2663 554 2723 Metrodorus
573 2663 637 2722 init.
677 2661 798 2740 Sotacus
815 2662 938 2724 credidit
953 2664 982 2724 in
998 2662 1147 2731 Britannia

148 2749 242 2827 petris
265 2747 388 2808 effluere
409 2765 480 2826 quas
504 2746 659 2806 electridas
679 2747 812 2822 vocavit,
833 2740 958 2823 Pytheas
982 2744 1182 2819 Gutonihusso

149 2830 318 2891 Germaniae
340 2840 430 2908 gente
451 2830 545 2890 adcoli
566 2832 740 2888 aestuarium
761 2827 950 2890 dletonomon
970 2831 1085 2889 nomine
1108 2831 1145 2890 ab

118 2926 122 2937 ’
148 2931 260 2974 oceano
275 2917 370 2992 spatio
386 2915 542 2974 stadiorum
556 2931 611 2972 sen
621 2913 745 2987 milium,
761 2912 797 2972 ah
812 2914 868 2973 hoc
883 2913 941 2972 diei
957 2914 1145 2989 navigatione

148 2999 256 3058 abesse
281 2997 402 3058 insulam
424 2997 562 3072 Ahalam,
591 2997 643 3056 illo
666 3014 721 3073 per
743 3015 796 3056 ver
820 2996 953 3056 fluctibus
982 2995 1083 3056 advehi
1114 3005 1147 3056 et

149 3101 217 3141 esse
242 3083 372 3140 concreti
400 3083 486 3141 maris
515 3089 747 3158 purgamentum,
777 3079 888 3140 incolas
916 3097 971 3158 pro
1001 3080 1080 3155 ligno
1107 3080 1147 3140 ad

104 3176 139 3229 36
151 3168 247 3240 ignem
258 3166 299 3222 uti
312 3182 348 3223 eo
362 3166 566 3242 proxumisque
577 3163 717 3223 Teutonis
730 3164 868 3224 vendere.
892 3162 958 3222 huic
970 3161 1182 3246 etl'imaeusas

148 3247 288 3322 credidit,
310 3247 362 3307 sed
385 3248 505 3306 insulam
528 3247 660 3306 Basiliam
685 3249 810 3308 vocavit.
851 3246 1002 3307 Philemon
1024 3248 1146 3323 negarit

148 3331 284 3388 dammam
300 3331 335 3388 uh
354 3331 466 3390 electro
483 3330 574 3389 reddi.
613 3330 709 3391 Nicias
729 3331 801 3391 solis
825 3330 971 3392 radiorum
986 3348 1082 3390 sucum
1101 3332 1146 3389 in-

147 3413 248 3488 tellegi
265 3412 365 3472 voluit.
402 3414 456 3472 hos
477 3416 555 3473 circa
575 3431 706 3475 occasum
724 3415 961 3476 vehementiores
983 3416 1014 3474 in
1035 3422 1148 3476 terram
