2484 3817
296 136 377 186 aar.
395 134 485 184 mar.
502 123 899 203 xnvrr.t-5.(1c—-1o)
1035 88 1095 186 153

96 299 215 374 potest,
241 285 320 370 quod
340 295 372 352 et
395 288 505 369 Cyprio
527 289 644 364 evenit,
666 289 856 368 breviterque
875 295 910 348 ut
928 289 1095 370 degeneres

97 377 220 436 nominis
252 382 362 436 tantum
391 375 592 435 auctoritatem
627 373 743 434 habeut.
795 371 879 432 Nunc
914 375 992 452 quod
1021 377 1091 436 totis
1102 385 1137 442 tt
1165 405 1167 424 ·

27 535 29 540 ,
96 459 289 520 voluminibus
317 459 363 518 his
392 456 502 518 docere
534 457 631 516 conati
663 475 776 534 sumus,
809 456 845 516 dc
874 456 1019 519 discordia
1048 477 1095 520 re·

96 561 159 603 rum
188 541 402 619 concordiaque
442 553 525 618 quam
553 539 731 616 antipathian
761 539 864 600 Graeci
889 557 1035 602 vocavere
1062 561 1096 603 ac

75 627 292 706 ssympathian,
321 643 380 684 uon
406 624 492 685 aliter
518 623 623 683 clarius
649 623 781 700 intellegi
808 630 923 702 potest,
953 625 1095 702 siquidem

95 711 145 771 illa
166 712 272 770 invicta
291 711 337 768 ris
352 708 470 768 duarum
484 707 761 767 violentissimarum
775 716 894 766 naturae
908 724 1004 766 rerum
1022 708 1093 768 ierri

94 796 261 872 igniumque
286 791 482 869 contemptrix
504 784 616 850 hircino
643 791 784 868 rumpitur
809 791 967 868 sanguine,
998 808 1093 869 neque

95 878 182 937 aliter
204 876 417 954 quam'reccnti
433 873 585 952 calidoque
599 881 743 933 macerata
759 881 789 933 et
806 877 848 934 sic
864 890 980 952 quoque
998 873 1093 934 multis

33 1021 36 1028 ,
94 960 219 1036 ictibus,
234 967 303 1018 tunc
318 962 406 1019 etiam
419 967 623 1036 praeterquam
640 957 760 1020 eximias
773 957 893 1018 incudes
912 956 1093 1035 malleosque

60 1046 212 1103 roicrreos
229 1043 376 1118 frangens.
410 1043 491 1101 cuius
515 1040 572 1100 hoc
584 1042 705 1100 invento
727 1058 824 1120 quove
845 1059 914 1102 casu
933 1048 1091 1120 repertum,
1103 1052 1138 1107 σο

95 1134 144 1185 aut
167 1144 241 1203 quae
266 1125 321 1185 fuit
342 1126 510 1185 coniectura
531 1123 701 1203 experiendi
728 1143 789 1185 rem
814 1127 936 1186 inmensi
958 1126 1034 1204 preti
1064 1126 1094 1185 iu

95 1209 265 1269 foedissimo
291 1204 474 1268 animalium?
499 1209 641 1267 numinum
662 1210 797 1286 proiecto
819 1211 945 1270 muneris
967 1209 1093 1270 talis’in-

83 1290 196 1352 'ventio
219 1300 281 1369 est,
306 1309 363 1351 uec
384 1290 548 1370 quaerenda
560 1293 637 1350 ratio
659 1293 766 1352 inulla
786 1302 871 1371 parte
890 1291 1093 1370 naturae,sed
1175 1363 1176 1370 ἵ

94 1375 244 1436 voluntas!
269 1394 332 1436 cum
344 1375 472 1435 feliciter
487 1376 612 1450 contigit
626 1393 772 1455 rumpere,
787 1378 817 1436 iu
831 1385 889 1436 tam
907 1395 1012 1454 parvas
1026 1379 1094 1437 iria·

59 1474 85 1515 rs
95 1468 142 1518 tur
156 1467 268 1519 crustas
291 1467 322 1518 ut
336 1461 416 1519 cerni
438 1460 490 1518 vix
503 1459 626 1537 possint.
666 1467 841 1536 expetuntur
861 1459 917 1519 hae
942 1459 1094 1537 scalptori-

83 1543 150 1620 bus
164 1545 304 1620 ferroque
315 1543 498 1603 includuntur
513 1541 618 1600 nullam
631 1559 689 1601 uon
701 1543 832 1601 duritiam
845 1560 884 1603 ex
894 1541 971 1602 incili
990 1560 1093 1602 carau-

94 1636 150 1686 tcs.
176 1626 301 1686 Adamas
316 1626 439 1685 dissidet
450 1644 513 1685 cum
528 1634 665 1701 magnete
675 1627 706 1684 iu
717 1633 824 1685 tantum
836 1635 866 1685 ut
881 1626 960 1686 iuxta
975 1626 1089 1703 positus
1101 1638 1135 1693 61

93 1711 203 1771 ferrum
226 1727 284 1768 non
305 1710 431 1785 patiatur
454 1707 582 1768 abstrahi
607 1716 672 1783 aut,
698 1710 723 1769 si
748 1710 878 1770 admotus
901 1727 1020 1786 magnes
1046 1711 1095 1772 ada

94 1793 304 1872 prehenderit,
325 1793 420 1869 rapiat
439 1800 525 1870 atque
541 1791 664 1853 auferat.
701 1792 814 1853 adamas
831 1801 862 1852 et
878 1810 990 1853 venena
1004 1795 1114 1854 vincit.

57 1885 182 1954 coatque
197 1877 283 1935 inrita
297 1877 367 1935 iacit
382 1883 413 1935 et
430 1875 642 1954 lymphationes
658 1875 749 1953 abigit
767 1885 920 1955 metusque
935 1880 1026 1936 vanos
1043 1895 1092 1937 ex-

94 1960 180 2039 pellit
196 1968 334 2020 ameute.
367 1959 406 2019 oh
424 1959 453 2018 id
469 1959 581 2037 quidam
597 1979 662 2020 eum
681 1961 832 2020 ananciten
850 1976 1003 2020 vocavere.
1033 1959 1093 2021 lle-

94 2043 233 2103 trodorus
246 2042 386 2122 Scepsius
401 2045 430 2102 in
445 2043 547 2103 eadem
563 2041 715 2104 Germania
726 2042 832 2103 Basilia
848 2042 942 2103 insula
958 2046 1050 2122 nasci,
1062 2047 1092 2104 iu

94 2144 151 2204 qua
167 2135 199 2187 et
215 2129 354 2204 sucinum,
370 2127 463 2203 solus,
478 2127 555 2204 quod
571 2127 707 2205 equidem
723 2126 857 2204 legerim,
872 2126 942 2187 dicit
960 2137 990 2187 ot
1008 2146 1092 2207 prae·

93 2213 154 2270 icrt
168 2210 311 2270 Arabicis.
339 2210 417 2289 quod
432 2209 534 2269 ialsum
548 2228 617 2270 esse
633 2212 697 2288 quis
713 2207 846 2271 dubitet?
900 2229 913 2237 ·

57 2316 85 2356 ιι
157 2291 239 2377 (16.)
256 2293 429 2354 Proxumum
448 2293 522 2370 apud
544 2311 599 2353 nos
614 2293 720 2368 indicis
736 2294 930 2374 Arabicisque
954 2297 1135 2372 margum-62

94 2379 132 2436 tis
144 2379 268 2453 pretium
280 2384 342 2456 c'st,
358 2377 395 2437 de
413 2377 516 2456 quibus
532 2379 562 2438 in
576 2395 654 2437 uoco
670 2379 792 2439 diximus
808 2378 954 2440 volumine
971 2381 1049 2439 inter
1063 2400 1082 2440 ι.
1098 2399 1134 2434 ιιι

93 2477 144 2520 ιιι
163 2463 294 2521 marinas.
1108 2515 1114 2535 ,

156 2543 184 2600 5.
201 2541 299 2603 Tertia
310 2547 467 2606 auctoritas
479 2545 639 2622 zmaragdis
651 2539 965 2625 perhibetur'pluribus
978 2545 1014 2606 de
1026 2563 1091 2606 cau-

95 2626 148 2701 sis,
155 2626 264 2702 quippe
274 2626 379 2687 nullius
392 2628 502 2688 coloris
513 2628 668 2706 adspectus
680 2630 831 2690 iucundior
841 2639 896 2692 est.
910 2649 973 2690 nam
984 2630 1090 2689 herbas

58 2729 86 2770 ιι
95 2725 212 2786 quoque
229 2709 343 2768 silentis
357 2711 527 2790 irondisque
544 2711 629 2772 aride
643 2722 818 2790 spectamus,
831 2714 999 2790 zmaragdos
1016 2731 1089 2774 vero

95 2801 175 2852 tanto
195 2792 350 2868 libentius,
382 2797 516 2872 quoniam
534 2794 605 2854 nihil
627 2798 742 2856 omuino
764 2796 884 2856 viridius
904 2805 1090 2874 conparatum

93 2875 153 2935 illis
168 2878 255 2936 viret.
282 2881 437 2953 praeterea
453 2877 509 2937 soli
526 2895 701 2954 gemmarum
715 2881 844 2939 contuitu
859 2877 971 2957 inplent
986 2881 1087 2940 oculus
1097 2889 1132 2944 63

94 2977 150 3019 nec
170 2961 284 3020 satiant.
324 2959 392 3037 quin
415 2967 446 3019 et
468 2960 505 3019 ab
525 2963 688 3023 intentione
711 2963 766 3022 alia
785 2961 922 3040 adspectu
945 2964 1088 3040 smaragdi

93 3051 246 3104 recreatur
267 3043 364 3120 acies,
392 3043 649 3121 scalpentibusque
672 3062 799 3122 gemmas
819 3063 878 3106 non
898 3045 952 3106 alia
977 3050 1089 3123 gratior

59 3148 85 3188 ιι
96 3127 245 3186 oculorum
258 3126 383 3186 reiectio
398 3135 445 3185 est
454 3128 484 3185 iu
499 3127 583 3201 viridi
600 3128 722 3188 lenitate
742 3127 938 3190 lassitudinem
949 3130 1087 3189 mulcens.

47 3211 51 3214 ’
95 3219 250 3288 praeterea
270 3210 431 3288 longinquo
450 3209 660 3286 amplificantur
679 3214 743 3272 visu
770 3212 934 3272 inlicientes
956 3215 1032 3273 circa
1054 3231 1088 3274 se

93 3300 298 3373 repercussum
312 3312 380 3354 aera
389 3334 400 3371 ,
414 3309 473 3353 ιιοιι
488 3293 552 3354 sole
568 3296 685 3372 mutati,
704 3311 763 3355 uon
780 3295 895 3373 umbra,
919 3313 977 3356 nou
995 3296 1089 3357 lucer-

92 3379 155 3456 nis,
175 3385 350 3458 semperque
372 3379 481 3439 sensim
501 3377 647 3438 radiantes
669 3387 700 3440 et
717 3380 809 3440 visum
832 3378 1033 3458 admittentes,
1052 3378 1088 3440 ad
