2484 3817
338 170 875 248 usn.man.xxm.e4.(t—11.)
1042 171 1104 234 ¹03

108 341 155 394 tot
170 349 261 410 reges
276 331 426 409 llagornm
440 334 538 410 paucis
557 331 724 408 legionibus
749 331 913 403 sterneret?
934 354 1023 396 curre
1042 337 1104 399 lio·

109 417 185 476 mani
200 415 292 476 ducas
307 416 423 493 primam
442 433 556 499 semper
572 417 602 474 in
619 415 705 476 bellis
719 420 955 479 commerciorum
973 419 1103 480 habuere

111 517 217 574 curans,
247 517 299 558 cnr
318 497 453 559 Caesaris
473 499 557 558 miles
577 499 611 559 ad
633 498 807 562 Pharsaliam
827 501 1050 579 rosensensis,
1075 505 1102 562 si

111 582 281 644 abundantia
311 583 403 640 omnis
427 583 596 660 contingere
622 585 704 642 nnius
724 585 832 644 herbae
850 585 990 645 felicitate
1016 595 1101 666 pote·

89 663 174 728 urat?
200 682 261 724 non
279 665 369 724 satius
384 665 437 724 luit
451 665 642 738 Aemilianum
656 667 821 745 Scipionem
838 666 1017 744 Carthaginis
1032 687 1102 747 por·

110 759 154 808 tas
184 749 276 808 herba
303 748 474 826 patefacere
502 765 585 825 quam
606 749 743 809 machinis
764 751 887 810 claustra
915 769 969 829 per
988 760 1032 811 tot
1051 770 1103 812 sn·

111 849 163 892 nos
185 829 329 909 quatere?
360 834 505 892 siccentur
531 831 617 890 hodie
638 831 769 893 Meroide
791 833 960 911 Pomptinae
980 835 1103 911 paludes

110 925 275 992 tantumque
310 916 374 990 agri
403 913 584 975 suburbanae
620 915 755 976 reddatur
780 916 890 976 ltaliae.
936 934 1000 976 nam
1028 935 1104 994 quac

111 997 185 1078 apud
202 998 326 1056 eundem
340 997 536 1058 Democritum
553 999 695 1058 invenitur
715 1002 880 1078 conpositio
902 1000 1103 1060 medicamenti

79 1095 101 1136 so
111 1099 167 1160 qno
182 1081 297 1158 pulchri
313 1081 438 1159 bonique
454 1090 484 1140 et
500 1081 635 1142 fortunati
649 1082 803 1157 gignantur
813 1083 956 1149 liberiani
971 1100 1104 1160 umquam

109 1166 263 1224 Persarum
280 1164 344 1240 regi
360 1165 426 1224 talis
443 1164 543 1227 dedit?
588 1166 689 1223 mirum
702 1160 784 1225 esset
800 1167 933 1245 proiecto
948 1166 1098 1243 hocusque
1108 1174 1148 1228 m

109 1247 275 1326 prolectam
301 1243 499 1306 credulitatem
521 1248 701 1325 antiquorum
721 1248 915 1308 saluberrimis
938 1259 1028 1310 ortum
1050 1250 1102 1307 ini-

109 1332 167 1405 tiis,
183 1331 207 1388 si
223 1331 252 1387 io
268 1329 326 1390 ulla
344 1347 377 1388 re
390 1330 503 1389 modum
519 1329 640 1390 humana
653 1330 768 1407 ingenia
785 1335 933 1392 novissent
947 1342 1033 1410 atque
1043 1349 1103 1391 non

110 1414 183 1473 hanc
199 1415 292 1490 ipsam
306 1412 474 1474 medicinam
490 1413 525 1472 ab
538 1413 717 1492 Asclepiade
728 1425 872 1494 repertam
888 1417 1035 1495 probatori
1048 1433 1102 1475 suo

78 1497 179 1556 seloco
194 1513 325 1554 essemus
339 1505 471 1556 evectam
488 1497 560 1557 ultra
575 1496 679 1573 blagos
694 1499 787 1558 etiam.
814 1498 895 1559 llaec
915 1507 960 1558 est
977 1500 1053 1558 omni
1072 1500 1101 1556 in

107 1599 141 1639 re
163 1580 319 1640 animorum
341 1579 492 1655 condicio,
511 1589 541 1638 ut
567 1598 583 1640 a
602 1584 776 1640 necessariis
798 1599 866 1642 orsa
883 1583 974 1660 primo
997 1590 1101 1640 cuncta

108 1662 297 1741 pervenerint
311 1661 347 1722 ad
361 1664 483 1722 nimium.
530 1662 883 1745 igitnrtdemonstratarum
905 1664 1002 1741 priore
1023 1663 1101 1722 lrhro

108 1745 261 1806 herbarum
275 1745 405 1824 reliquos
429 1746 550 1806 ellectns
570 1746 724 1805 reddemus
744 1746 904 1806 adicientes
925 1753 955 1802 ut
970 1761 1102 1822 quasque

108 1831 184 1888 ratio
199 1827 327 1888 dictabit.

72 1926 101 1965 so
175 1911 256 1989 (10.)
282 1910 342 1970 Sed
366 1914 394 1971 in
417 1911 539 1970 lichenis
559 1910 697 1969 remediis
717 1917 804 1988 atque
829 1917 887 1968 tam
905 1909 994 1968 locdo
1022 1907 1143 1973 maiora

111 1993 196 2070 plura
214 1993 336 2071 undique
355 1993 555 2062 acervabimua
581 2010 749 2070 quamquam
773 2009 832 2050 non
854 1994 953 2071 paucis
974 1993 1028 2051 iam
1052 1991 1102 2051 de·

109 2078 284 2136 monstratis.
315 2077 445 2137 medetur
459 2093 532 2153 ergo
551 2075 688 2154 plantago
703 2077 783 2152 trita,
799 2075 1040 2153 quinquefolium,
1055 2093 1102 2134 ra·

108 2159 159 2218 dix
178 2157 274 2218 albuci
294 2178 331 2220 ex
352 2169 454 2235 aceto,
486 2159 584 2219 liculni
607 2159 705 2218 caules
730 2168 816 2218 aceto
837 2157 969 2232 decocti,
996 2158 1102 2218 hibisci

4 2253 6 2280 ¹
107 2241 191 2303 rudis
209 2259 274 2302 cum
289 2244 399 2318 glutino
416 2252 446 2302 et
466 2252 550 2302 aceto
568 2243 629 2302 acri
643 2242 763 2302 decocta
785 2241 821 2301 ad
844 2251 969 2320 quartas.
1012 2241 1100 2300 deiri·

72 2335 211 2386 secantur
224 2328 310 2385 etiam
326 2327 449 2404 pumice,
464 2335 493 2384 ut
510 2325 626 2385 rumicis
640 2325 722 2384 radix
738 2325 802 2384 trita
817 2343 856 2383 ex
867 2333 951 2383 aceto
966 2325 1102 2383 inlinatur

108 2417 136 2468 et
157 2409 213 2468 llos
227 2410 301 2468 visci
316 2427 379 2469 cum
395 2409 478 2468 calce
493 2408 640 2468 subactos.
668 2405 811 2467 Laudatur
824 2416 853 2465 et
874 2405 1012 2481 tithymali
1032 2422 1097 2466 cum
1108 2413 1146 2466 22

107 2492 202 2573 resina
218 2490 388 2567 decoctum,
412 2491 508 2551 lichen
522 2509 592 2550 vero
609 2489 699 2550 herba
717 2489 847 2550 omnibns
868 2488 911 2548 his
927 2489 1100 2566 praefertur,

106 2573 173 2633 inde
189 2575 304 2634 nomine
321 2577 448 2634 invento.
486 2577 612 2634 nascitur
634 2576 663 2632 in
676 2575 773 2649 saxis,
799 2572 870 2632 lolio
889 2589 946 2630 uno
967 2569 1002 2629 ad
1024 2570 1100 2628 rudi·

108 2675 172 2716 cem
189 2657 262 2731 lato,
279 2657 362 2717 caule
375 2675 431 2718 uno
449 2675 549 2734 parvo,
566 2657 662 2734 longis
676 2655 756 2715 foliis
770 2654 1008 2734 dependentibus.
1025 2652 1100 2710 hacc

69 2740 187 2801 nodelet
200 2748 230 2799 et
245 2741 387 2816 stigmata,
403 2742 504 2799 teritur
521 2757 583 2800 cnm
597 2739 693 2799 melle.
739 2736 793 2798 Est
812 2738 887 2798 aliud
902 2754 994 2812 genus
1010 2733 1099 2793 liche
1132 2809 1137 2818 ἡ

105 2823 162 2900 nis,
180 2825 273 2900 petris
288 2830 378 2882 totam
395 2823 555 2884 adhaerens
569 2832 600 2882 nt
614 2839 744 2896 muscus,
766 2822 814 2899 qui
837 2830 867 2879 et
885 2821 950 2897 ipse
964 2817 1099 2876 inlinitur.

105 2906 153 2965 hic
169 2915 200 2965 et
214 2907 383 2982 sanguinem
399 2908 473 2966 sistit
494 2904 662 2966 volneribus
683 2903 835 2964 instillatus
858 2911 887 2960 et
906 2900 1100 2961 collectiones
1163 2949 1167 2963 .

104 2989 212 3048 inlitus.
249 2987 380 3052 morbum
394 3006 512 3068 quoque
526 2991 637 3066 regium
653 3004 716 3047 cum
735 2987 824 3046 melle
838 2993 919 3042 sanat
941 3000 993 3042 ore
1016 2981 1099 3042 inlito

104 3080 135 3130 et
148 3072 258 3148 lingna.
289 3075 337 3148 qui
353 3075 391 3132 ita
407 3081 540 3132 curentur
554 3088 628 3149 aqna
644 3071 721 3130 salsa
735 3069 825 3128 lavari
844 3065 990 3141 iubentur,
1011 3068 1099 3142 nugm

68 3154 173 3213 uotso
188 3153 387 3230 amygdalino,
409 3155 563 3216 hortensiis
584 3153 739 3213 abstinere.
772 3151 818 3211 Ad
838 3147 966 3209 lichenas
986 3158 1016 3208 et
1037 3148 1099 3208 tha·

104 3238 189 3315 psiae
203 3239 304 3298 radice
319 3245 431 3298 utuntur
444 3239 511 3298 trita
529 3251 590 3296 cum
605 3235 702 3295 melle.

167 3320 252 3398 (ll.)
275 3322 408 3398 Anginae
423 3321 587 3399 argemonia
607 3318 736 3378 medetur
751 3325 861 3394 sumpta
876 3332 914 3374 ex
932 3316 1017 3388 vino,
1042 3314 1093 3388 hr-
1104 3323 1143 3377 Β

102 3417 210 3482 eopum
225 3421 289 3464 com
304 3405 361 3465 lico
379 3404 530 3466 decoctum
545 3411 574 3464 et
588 3403 807 3480 gargarizatum,
822 3396 1019 3478 peucedanum
1032 3411 1099 3454 cut
