2484 3817
341 169 421 216 nun.
443 168 534 217 man.
557 168 655 217 xm.
673 166 700 219 1.
723 155 858 235 (3-15.)
1040 153 1101 219 263

114 331 215 383 contra
232 338 368 398 aquarum
389 320 474 400 culpa
487 320 515 380 in
530 320 680 381 Troezene
702 322 823 380 omnium
842 322 932 400 pedes
953 322 1020 380 vitia
1037 328 1104 380 sen*

113 408 193 464 tiunt.
215 404 322 479 Tungri
340 404 442 464 civitas
458 404 567 464 Galliae
582 404 689 463 iontem
706 403 792 463 habet
808 406 948 482 insignem
962 404 1099 482 plurumis
1111 415 1145 469 12

10 483 11 530 ἶ
111 487 199 547 bullis
215 486 384 562 stillantem,
406 489 564 563 ferruginei
580 487 707 564 saporis,
732 486 809 564 quod
827 490 919 565 ipsum
934 488 1059 547 nonnisi
1075 488 1103 546 in

111 572 170 630 line
186 578 272 647 potus
287 569 473 646 intellegitur.
508 578 612 647 purgat
632 568 680 627 hic
694 586 837 646 corpora,
858 573 995 630 tertianas
1011 570 1103 631 febris

84 667 99 705 ⁵
111 654 229 714 discutit
244 651 478 730 calculorumque
489 654 567 711 vitia.
585 651 686 710 eadem
695 669 767 729 aqua
781 654 849 729 igne
863 652 977 712 admoto
992 652 1103 713 turbida

110 737 142 796 ilt
160 754 196 795 ac
217 744 365 812 postremo
385 735 522 795 rubescit.
558 735 722 811 Leucogaei
749 736 846 795 fontes
874 737 947 795 inter
966 736 1103 797 Puteolos

110 828 140 878 et
155 816 308 895 Neapolim
323 818 415 878 oculis
437 828 465 877 et
479 818 646 878 volneribus
661 816 819 877 medentur.
849 817 953 877 Cicero
970 820 997 877 in
1015 818 1101 878 admi·

109 900 208 961 randis
230 902 327 978 posuit
339 902 469 961 Reatinis
487 910 591 961 tantum
607 900 758 977 paludibus
773 900 894 977 ungulas
915 902 1104 977 iumentorum

109 984 246 1043 indurari.
277 1009 280 1022 ι
1179 1002 1180 1005 ’

73 1082 101 1125 1o
176 1066 240 1144 (9.)
259 1066 386 1142 Eudicus
403 1068 431 1125 in
443 1066 640 1125 Hestiaeotide
661 1066 748 1125 iontis
765 1066 837 1130 duos
853 1064 937 1127 tradit
952 1084 1028 1141 esse,
1045 1062 1146 1131 (la-13

109 1167 212 1210 ronam
224 1168 261 1207 ex
276 1167 333 1227 quo
348 1147 471 1210 bibentis
487 1152 550 1208 ovis
564 1149 662 1225 nigras
679 1149 757 1225 lieri,
773 1149 865 1209 Nelea
881 1166 918 1209 ex
936 1166 993 1227 qno
1010 1146 1102 1227 albas,

108 1240 287 1309 eremoque
303 1233 415 1306 varias,
434 1232 651 1311 Theophrastus
672 1231 783 1291 Thuriis
800 1231 925 1292 Crathim
946 1232 1102 1293 candorem

109 1317 228 1390 lacere,
251 1311 381 1389 Sybarim
396 1316 538 1391 nigritiam
558 1314 652 1375 bobus
678 1332 712 1374 ac
736 1317 847 1392 pecori.
880 1316 962 1395 (10.)
980 1317 1049 1394 quin
1070 1324 1099 1375 et
1113 1325 1146 1379 14

107 1398 241 1457 homines
264 1398 371 1457 sentire
392 1395 578 1459 differentiam
600 1390 672 1458 e'am.
699 1415 763 1458 nam
779 1399 826 1476 qui
849 1416 865 1458 e
886 1398 988 1473 Sybari
1005 1398 1102 1459 bibant

75 1496 99 1537 15
108 1482 255 1556 nigriores
271 1499 338 1540 esse
359 1481 548 1560 durioresque
569 1491 599 1542 et
621 1483 720 1559 crispo
743 1480 868 1558 capillo,
890 1484 938 1559 qui
962 1500 978 1541 e
1005 1478 1102 1544 Crathi

110 1562 251 1623 candidos
264 1564 471 1642 mollioresque
487 1584 522 1625 ac
538 1574 674 1643 porrecta
692 1580 790 1638 corna,
808 1564 874 1620 item
890 1565 918 1621 in
930 1562 1100 1625 Macedonia

109 1648 159 1723 qui
180 1645 271 1705 velint
293 1646 346 1705 sibi
364 1648 483 1707 candida
503 1650 582 1706 nasci
605 1646 642 1705 ad
665 1644 876 1703 Haliacmonem
900 1644 1026 1720 ducere,
1053 1649 1102 1725 qui

107 1730 195 1804 nigra
215 1737 262 1787 aut
282 1729 362 1788 iusca
376 1729 412 1788 ad
426 1729 540 1788 Axium.
570 1727 645 1787 idem
667 1727 759 1784 omnia
783 1725 864 1785 lusca
884 1729 964 1785 nasci
985 1729 1100 1804 quibus·

109 1810 175 1871 dam
195 1811 223 1869 in
238 1811 311 1870 locis
327 1811 395 1869 dicit
415 1820 444 1869 et
460 1811 561 1886 fruges
583 1826 714 1887 qnoque,
735 1810 809 1867 sicut
827 1809 855 1867 in
874 1808 1045 1887 Messapiis,
1072 1822 1101 1872 at

72 1896 142 1954 eoin
156 1894 237 1953 Lusis
258 1893 403 1953 Arcadiae
425 1893 546 1969 quodam
564 1892 645 1951 ionte
671 1892 758 1951 muris
781 1892 928 1951 terrestris
949 1894 1049 1952 vivere
1071 1905 1100 1954 et

112 1978 291 2035 conversari.
314 1974 445 2050 Erythris
456 1975 549 2035 Aleos
565 1976 654 2034 amnis
669 1976 745 2053 pilos
762 1976 854 2052 gignit
872 1976 901 2033 in
917 1975 1099 2053 corporibus.

174 2060 256 2136 (11.)
281 2058 312 2118 ln
327 2058 447 2117 Boeotia
465 2058 500 2118 ad
517 2058 713 2136 Trophonium
725 2056 807 2117 deum
818 2059 896 2118 iuxta
907 2058 1010 2119 humen
1023 2060 1094 2121 ller-
1107 2074 1141 2127 15

109 2158 233 2215 cyanum
250 2161 266 2199 e
281 2141 392 2200 duobam
407 2142 533 2201 iontibus
557 2144 630 2201 alter
644 2143 808 2201 memoriam
832 2142 905 2201 alter
925 2141 1099 2204 oblivionem

109 2224 219 2299 adiert,
234 2224 300 2282 inde
316 2223 474 2283 nominibus
488 2227 620 2284 inventis.

67 2325 100 2364 es
176 2306 259 2385 (12.)
281 2304 318 2366 In
335 2305 435 2367 Cilicia
457 2308 533 2386 apud
554 2308 688 2386 oppidum
705 2306 827 2368 Oescu'm
848 2308 930 2367 rivos
951 2307 1011 2367 duit
1025 2307 1097 2384 Nus,

111 2408 149 2449 ex
165 2402 223 2466 quo
239 2389 392 2450 bibentium
409 2390 575 2452 subtiliores
592 2407 693 2450 sensus
710 2392 772 2449 heri
788 2393 882 2450 Varro
898 2392 1000 2467 tradit,
1021 2401 1050 2452 at
1069 2394 1099 2452 in

111 2471 173 2532 Gea
188 2472 278 2531 insuia
293 2474 403 2533 fontem
411 2492 479 2533 esse
492 2491 549 2552 quo
564 2473 684 2533 hebetes
700 2474 776 2550 liant,
788 2473 892 2534 Zamae
907 2474 934 2533 in
946 2472 1045 2534 Africa
1061 2493 1099 2535 ex

110 2572 170 2634 qno
185 2571 307 2615 canorae
320 2574 421 2617 voces.

173 2639 256 2716 (13.)
280 2638 381 2699 Vinum
394 2639 491 2700 taedio
506 2639 606 2698 venue
620 2639 656 2697 iis
670 2640 717 2717 qui
737 2656 774 2698 ex
794 2638 914 2699 Clitorio
929 2639 994 2698 lacu
1013 2638 1094 2699 bibe·
1106 2651 1141 2705 16

70 2743 104 2785 ao
111 2724 168 2781 rint
177 2724 216 2781 ait
225 2720 372 2798 Eudoxus,
388 2731 417 2782 et
428 2721 633 2801 Theopompus
645 2721 779 2782 inebriari
787 2722 913 2783 lontibus
925 2721 960 2780 iis
970 2738 1044 2799 quos
1057 2721 1097 2781 di·

110 2806 214 2863 ximus.
244 2803 392 2864 blucianns
406 2804 496 2864 Andri
512 2823 529 2863 e
543 2804 622 2864 lente
640 2804 734 2864 Liberi
749 2807 837 2882 petris
852 2806 933 2864 statis
951 2803 1052 2864 diebus
1063 2825 1081 2865 ι,
1092 2826 1129 2860 aaa

112 2887 241 2964 septenis
259 2885 320 2944 eius
336 2887 383 2947 dei
398 2889 492 2947 vinum
506 2887 605 2964 liuere,
622 2889 646 2946 si
662 2888 805 2948 auleratur
820 2906 837 2945 e
853 2895 1011 2963 conspectu
1028 2897 1097 2947 tem·

112 2970 170 3047 pli,
192 2985 299 3047 sapore
321 2971 350 3028 in
373 2989 474 3049 aquam
496 2977 670 3029 transeunte.
702 2970 783 3049 (14.)
802 2969 959 3041 Polyclitus
980 2970 1093 3047 expleri
1107 2978 1139 3033 11

112 3053 191 3111 iuxta
209 3052 296 3111 Solos
318 3051 452 3128 Ciliciae,
480 3070 516 3111 eo
540 3054 626 3128 ungui
648 3052 879 3129 Theophrastus,
907 3068 942 3110 ac
967 3050 1043 3110 idem
1069 3053 1097 3111 in

73 3144 102 3186 ³⁵
113 3133 267 3213 Aethiopia
278 3135 404 3194 eiusdem
420 3135 540 3194 nominis
551 3135 669 3210 iontem,
685 3134 779 3209 Lycos
792 3137 819 3195 in
829 3133 945 3195 Ditistra
956 3136 1018 3194 eius
1033 3134 1095 3194 ion·

112 3227 249 3277 temesae
267 3219 347 3277 euius
366 3234 438 3295 aqua
453 3218 556 3277 luceat.
587 3218 664 3289 idem
677 3217 830 3278 Ecbatanis
842 3215 971 3275 traditur.
1001 3217 1095 3277 Theo·

113 3317 237 3378 pompus
260 3302 289 3360 in
310 3301 477 3361 Scotusaeis
496 3300 589 3358 lacum
610 3318 675 3360 esse
696 3300 763 3359 dicit
784 3303 831 3378 qui
851 3297 1018 3359 volneribus
1037 3317 1094 3359 me·

112 3382 206 3459 detur,
225 3383 307 3463 (15.)
328 3382 399 3445 luba
411 3383 440 3441 iu
456 3380 632 3459 Trogodytis
656 3384 748 3443 lacum
769 3384 896 3443 insanum
917 3382 1048 3441 malefica
1063 3383 1091 3441 vi
1103 3390 1137 3445 18
