2484 3817
157 197 216 262 tot
474 208 503 256 c.
526 207 621 254 ruint
643 204 792 254 scoonm

154 373 231 424 stare
247 379 335 440 posse
356 360 555 436 intellegeret,
578 356 740 418 laventibus
760 359 870 417 eunctis
893 366 925 416 ut
947 367 1045 418 esseut
1066 377 1137 420 vera

154 464 228 524 quae
244 444 379 505 lucillima
397 452 495 517 erant,
519 443 681 502 universum
702 457 796 518 prope
811 440 958 500 humanum
972 457 1065 516 genus
1083 443 1137 501 cir·

153 529 277 604 ounregit
304 528 331 586 in
357 543 389 588 se
414 542 471 586 non
493 525 550 584 alio
571 524 657 584 rnodo
682 542 765 602 qnam
788 526 814 583 si
834 523 917 582 caelo
933 522 1074 584 demissus
1088 524 1138 583 ud-

151 614 289 670 venisset.

109 703 144 757 14
218 693 281 770 (8.)
303 690 448 753 Trahebat
464 701 616 768 praeterea
628 691 734 750 mentis
748 689 869 748 artilicio
891 691 1001 750 animos
1021 692 1076 749 iam
1093 692 1161 749 vir

151 793 215 835 unnr
234 772 427 854 promittendo
445 775 542 849 aegris
565 774 716 852 dandoque
730 774 911 850 tempestive,
929 774 985 832 iarn
1005 772 1137 850 frigidam

150 873 264 938 aquam,
281 867 311 917 et
326 859 458 934 quoniam
474 874 575 916 causas
591 855 753 916 morborum
769 857 889 914 scrutari
903 856 982 933 prius
995 855 1138 933 Herophi-

150 942 196 1004 lus
210 943 385 1015 instituerat,
400 940 458 998 viui
473 939 614 998 rationem
628 939 828 998 inlustraverat
844 937 1041 1016 Cleophantus
1062 938 1139 1017 apud

151 1027 283 1103 priscos,
310 1027 375 1102 ipse
399 1024 593 1099 cognominari
615 1041 648 1081 se
670 1021 774 1098 frigida
796 1020 887 1080 danda
907 1021 1091 1099 praeferens,
1108 1031 1139 1082 ut

150 1119 252 1168 auctor
272 1117 318 1166 est
331 1105 368 1166 Μ.
385 1107 495 1180 Varro,
517 1105 571 1164 alia
592 1123 708 1183 quoque
730 1103 919 1163 blandimenta
940 1105 1136 1181 excogitabat,
1148 1121 1191 1160 ro·

149 1193 205 1251 iam
229 1187 432 1268 suspendendo
453 1188 576 1248 lectulos
593 1205 714 1265 quorum
733 1189 837 1246 iactatu
852 1196 899 1246 aut
918 1186 1036 1246 morbos
1056 1199 1137 1248 exte·

149 1282 251 1332 noaret
267 1282 314 1332 aut
326 1288 443 1331 somnos
454 1270 603 1347 adiiceret,
620 1275 674 1332 ianr
690 1269 809 1330 balneas
825 1270 986 1330 avidissima
996 1271 1138 1330 homiuum

152 1356 286 1433 cupidine
303 1353 475 1412 instituendo
491 1363 520 1412 et
536 1354 591 1414 alia
610 1356 696 1414 multa
711 1354 787 1413 dictu
801 1362 884 1429 grata
898 1363 984 1432 atque
1004 1354 1137 1428 iucunda,

86 1445 88 1450 '
107 1452 140 1503 15
153 1455 256 1514 magua
274 1439 434 1499 auctoriate
451 1455 506 1496 uec
520 1439 631 1497 minore
649 1438 741 1511 iarun,
762 1453 826 1496 cum
846 1441 1022 1496 occurrisset
1036 1439 1136 1514 ignoto

148 1521 252 1595 funeri,
268 1520 362 1580 relato
377 1519 491 1580 homine
506 1519 542 1580 ah
558 1537 632 1596 rogo
648 1531 735 1597 atque
750 1528 876 1595 servato,
894 1539 932 1578 ne
946 1523 1010 1598 quis
1024 1520 1136 1580 levibns
1147 1539 1172 1580 rs

67 1677 70 1681 .
148 1605 301 1662 momentis
315 1612 421 1662 tantanr
439 1605 659 1663 conversionem
676 1604 780 1663 iactam
803 1605 956 1662 existimet.
1000 1603 1028 1662 id
1044 1605 1136 1663 solum

150 1703 302 1765 possumus
323 1685 483 1762 indignari,
506 1705 590 1748 ununr
613 1686 754 1746 hominem
774 1687 951 1745 elocissima
965 1696 1054 1762 gente
1073 1690 1136 1746 sine

149 1770 253 1847 opibus
270 1769 336 1828 ullis
358 1786 455 1828 orsum
472 1770 626 1847 vectigalis
640 1772 684 1830 sui
700 1786 785 1831 causa
802 1765 925 1846 repente
938 1768 1021 1844 leges
1036 1771 1135 1830 salutis

148 1853 268 1912 humano
286 1854 388 1928 generi
405 1851 530 1929 dedisse,
546 1871 617 1930 quas
631 1862 725 1914 tamen
738 1861 839 1930 postea
852 1851 1031 1927 abrogavere
1046 1852 1134 1912 multi.

107 1945 140 1999 16
153 1934 350 2012 Asclepiaden
372 1935 508 1995 adiuvere
525 1937 611 1996 multa
631 1938 660 1994 in
674 1937 851 2013 antiquorum
872 1935 1033 1994 curarimus
1050 1937 1169 1997 auriaco

148 2026 179 2075 et
201 2018 292 2091 rudia,
314 2027 344 2076 ut
366 2017 504 2076 obruendi
522 2035 630 2094 aegros
649 2028 731 2077 veste
751 2017 930 2095 sudoresque
954 2018 1028 2075 omni
1047 2019 1134 2076 modo
1239 2046 1240 2051 1

149 2098 253 2172 ciendi,
266 2117 341 2158 nuuc
359 2116 483 2175 corpora
499 2100 535 2158 ad
550 2102 624 2176 ignis
638 2099 765 2160 torrendi
782 2101 899 2160 solesve
915 2099 1033 2160 adsiduo
1047 2118 1133 2178 quae·
1239 2104 1240 2139 ³

27 2245 33 2258 Ι
146 2180 229 2242 rendi
246 2181 276 2238 iu
290 2180 361 2240 urbe
375 2180 521 2255 nimbosa,
543 2183 628 2240 immo
647 2199 718 2240 vero
732 2190 790 2240 tota
813 2181 893 2242 ltalia
912 2181 1039 2240 imbrium
1053 2201 1133 2242 orea-

147 2266 236 2337 trice,
259 2271 317 2322 turn
332 2265 450 2340 primurn
466 2264 570 2340 pensili
585 2262 760 2323 balinearum
774 2281 826 2322 usu
845 2264 881 2323 ad
901 2265 1036 2324 inlinitum
1053 2265 1133 2324 blan·

106 2345 286 2411 ltdieuteru.
320 2355 472 2423 praeterea
490 2347 518 2403 in
540 2345 706 2423 quibusdam
720 2346 828 2406 rucrbis
841 2347 971 2407 medendi
991 2350 1168 2408 cruciatusas
1238 2394 1239 2397 η

147 2430 285 2506 detraxit,
312 2437 342 2486 ut
356 2431 384 2487 iu
400 2429 527 2504 anginis,
556 2445 627 2506 quas
647 2427 785 2488 curabant
804 2432 834 2488 ie
853 2431 945 2490 laucis
959 2448 1069 2508 organo
1083 2431 1133 2491 de

147 2513 245 2570 misso.
292 2511 434 2571 damnavit
457 2513 560 2572 merito
586 2519 614 2570 et
637 2513 808 2572 vomitiones
827 2522 894 2572 tnnc
915 2532 999 2590 supra
1020 2514 1133 2574 modurn

147 2595 316 2670 frequentis.
345 2596 437 2670 arguit
452 2603 481 2654 et
497 2594 767 2654 medicamentorum
782 2605 867 2674 potus
882 2596 1028 2655 stomacho
1043 2598 1132 2654 inimi·
1237 2624 1238 2673 3

148 2694 210 2751 cos,
227 2677 304 2753 quod
319 2686 366 2735 est
379 2694 481 2752 magua
497 2695 533 2738 ex
550 2687 632 2756 parte
647 2696 754 2738 verum.
800 2681 897 2756 itaque
916 2695 970 2738 nos
990 2680 1018 2736 in
1035 2680 1133 2756 primis

146 2775 221 2837 quae
236 2767 301 2817 suut
317 2758 464 2818 stomacho
481 2761 560 2820 utilia
578 2762 732 2836 signamus.
1142 2781 1170 2824 co

105 2851 140 2906 18
213 2843 242 2900 4.
264 2841 327 2919 (9.)
351 2843 444 2919 Super
456 2845 549 2902 omnia
566 2843 702 2904 adiuvere
718 2862 780 2904 enm
798 2844 927 2920 magicae
944 2845 1083 2904 vanitates
1104 2847 1133 2904 in

146 2932 253 2984 tanturn
274 2933 395 2984 evectae
417 2933 447 2984 ut
471 2922 614 3001 abrogare
640 2927 737 2986 herbis
758 2925 843 2984 iidem
866 2929 975 2986 cunctis
995 2937 1131 3004 possent:

148 3007 322 3085 Aethiopide
344 3006 433 3068 herba
455 3009 545 3068 amnis
562 3026 597 3068 ac
612 3018 712 3084 stagna
732 3009 836 3068 siccari
858 3008 1033 3084 condendis,
1054 3019 1132 3070 tactu

57 3095 60 3100 “
147 3088 245 3150 clausa
262 3091 354 3150 omnia
367 3092 488 3169 aperiri,
500 3090 714 3152 Achaemenide
725 3093 856 3150 coniecta
868 3094 896 3151 lu
907 3094 999 3152 aciem
1009 3093 1132 3154 hostium
1235 3164 1236 3177 χ

147 3171 293 3249 trepidare
309 3175 420 3248 agmina
442 3183 574 3250 actergo
592 3175 674 3248 verti,
690 3173 801 3234 latacen
815 3174 876 3234 dari
898 3176 1010 3236 solitam
1030 3177 1131 3236 aPer·
1141 3199 1169 3240 ss
1235 3180 1236 3195 ¹

146 3271 242 3314 sarum
256 3273 330 3331 rege
346 3256 467 3332 legatis,
489 3267 518 3316 ut
532 3273 712 3333 quocumque
732 3259 878 3317 venissent
890 3259 1013 3317 omniurn
1034 3277 1132 3320 rerum

104 3349 138 3402 19
151 3338 235 3412 copia
251 3336 434 3415 abundarent,
450 3358 484 3400 ac
499 3338 585 3398 multa
601 3337 711 3399 similia.
736 3338 848 3399 ubinam
862 3343 933 3400 istae
950 3341 1049 3417 luere,
1067 3360 1132 3402 cnm
1234 3386 1235 3417 ι

147 3413 252 3480 Cimbri
268 3419 446 3504 Teutonique
459 3420 580 3483 terribili
591 3419 682 3480 Marte
696 3421 845 3499 ulularent,
861 3432 908 3482 aut
920 3441 982 3482 cum
995 3423 1133 3486 Lucullus
1234 3426 1235 3459 r
