2484 3817
336 209 416 255 nan.
432 209 522 257 man.
536 209 647 256 xxvxi.
666 207 706 260 12.
724 200 874 277 (ει-91.)
1031 199 1090 263 149

161 358 245 439 (89.)
268 360 350 436 Oxys
364 361 433 422 folia
451 372 532 421 terna
549 361 647 422 habet.
673 362 754 423 datur
766 366 801 426 ad
819 365 995 427 stomachum
1011 365 1131 429 dis-112

98 445 234 505 solutum.
267 445 355 504 edunt
372 448 463 524 etqui
478 446 668 505 enterocelen
682 447 797 508 habent.

160 528 243 606 (90.)
267 528 513 604 Polyanthemnm,
524 547 607 608 quam
619 530 732 606 quidam
745 529 913 592 batrachion
929 532 1088 611 appellant,

97 612 226 672 caustica
234 612 262 669 vi
274 611 425 671 exulcerat
437 614 590 672 cicatrices
606 621 635 671 et
647 612 683 673 ad
696 614 825 675 colorem
837 615 957 692 reducit,
974 616 1087 675 eadem·

74 712 156 773 sque
174 694 331 771 vitiligines
347 704 552 773 concorporat.

161 778 245 855 (91.)
266 777 447 853 Polygonum
468 778 572 838 Graeci
598 788 705 839 vocant
730 798 813 857 quam
835 798 890 840 nos
917 782 1131 857 sanguina-113

95 863 175 921 nam.
200 876 258 920 non
274 860 413 921 attollitur
425 879 441 921 a
452 871 541 937 terra,
557 861 742 939 foliisrutae,
760 863 860 922 similis
875 865 1021 940 graminis.
1043 883 1089 925 su·

96 963 149 1005 cus
163 944 227 1003 eius
246 944 358 1003 infusus
376 943 493 1005 naribus
514 946 665 1022 supprimit
678 948 845 1022 sanguinem
869 955 898 1005 et
920 955 1005 1025 potus
1026 965 1089 1006 cum

94 1029 163 1087 rino
185 1026 340 1086 cuiuslibet
354 1028 445 1105 partis
465 1028 636 1106 profluvium
656 1032 931 1108 exscreationesque
955 1038 1088 1089 cruentas

64 1110 216 1173 reinhibet.
246 1110 301 1184 Qui
318 1110 401 1189 plura
415 1128 525 1187 genera
545 1111 687 1190 polygoni
702 1113 809 1172 iaciunt
826 1113 900 1173 hanc
920 1130 1027 1173 marem
1047 1114 1088 1171 in·

96 1194 200 1269 tellegi
214 1193 318 1252 volunt
336 1193 538 1272 appellarique
560 1194 770 1255 amultitudine
792 1198 907 1256 seminis
931 1204 978 1255 ant
993 1196 1087 1256 densi·

96 1287 156 1337 tate
171 1276 300 1354 fruticis,
324 1276 372 1335 alii
386 1277 586 1354 polygonaton
601 1295 618 1336 a
635 1276 796 1355 frequentia
812 1280 1022 1356 geniculorum,
1040 1278 1087 1339 alli

94 1358 264 1435 tenthalida,
281 1358 329 1418 ulii
345 1360 557 1435 carcinothron,
574 1361 623 1419 alii
639 1360 744 1438 clema,
759 1363 837 1422 multi
856 1362 1086 1442 myrtopetalum.

96 1459 224 1503 necnon
243 1442 423 1502 inveniuntur
442 1444 489 1522 qui
508 1444 583 1504 hanc
602 1444 735 1504 feminam
759 1464 825 1505 esse
848 1446 960 1520 dicant,
976 1463 1088 1519 marem

64 1535 191 1587 rsantem
205 1527 344 1586 maiorem
359 1529 509 1604 minusque
524 1530 636 1603 nigram
651 1534 680 1586 et
697 1529 840 1605 geniculis
854 1529 1025 1603 densiorem,
1042 1546 1086 1587 se·

95 1611 170 1669 mine
192 1609 247 1668 snb
271 1608 403 1669 omnibus
425 1610 502 1670 loliis
528 1611 756 1687 turgescentem.
795 1628 975 1688 quocumque
995 1612 1130 1674 haeelld

95 1692 182 1754 modo
205 1710 239 1752 se
266 1689 405 1768 habeant,
436 1694 480 1753 vis
502 1712 599 1753 aarum
627 1702 672 1752 est
691 1695 819 1773 spissare
846 1711 881 1752 ac
901 1694 1086 1767 refrigerare.

96 1777 206 1837 semina
220 1776 319 1835 alvom
336 1776 464 1851 solvont,
480 1775 591 1852 largius
603 1784 717 1854 sumpta
731 1778 839 1835 urinam
855 1777 942 1850 cient,
957 1774 1074 1834 rheuma

97 1862 200 1920 tismos
213 1859 367 1934 cohibent,
393 1860 441 1936 qni
468 1860 493 1917 si
506 1876 566 1918 non
587 1858 687 1933 fuere,
709 1875 766 1918 non
786 1867 916 1936 prosunt.
949 1856 1088 1917 stomachi

60 1962 90 2004 ro
100 1943 209 2002 fervori
221 1941 292 2001 folia
305 1944 491 2020 inponuntur,
512 1942 629 2001 vesicae
644 1940 737 2001 dolori
752 1942 904 2001 inlinuntur
923 1951 954 2001 et
974 1939 1087 2018 ignibus
1193 2012 1195 2018 k

100 2025 204 2099 saquis.
240 2043 325 2085 sucus
346 2035 376 2085 et
399 2024 516 2085 auribus
535 2024 695 2104 purulentis
715 2025 867 2085 instillatur
888 2034 916 2085 et
938 2024 1086 2085 oculorum

99 2108 197 2169 dolori
211 2126 264 2188 per
278 2128 321 2169 se.
352 2109 463 2169 datutnr
485 2116 514 2168 et
533 2110 563 2169 in
582 2107 711 2169 febribus
732 2118 797 2169 ante
814 2110 1001 2169 accessiones
1017 2108 1086 2167 duo·

98 2192 155 2251 bus
169 2192 281 2267 cyathis
296 2194 324 2251 in
338 2193 469 2252 tertianis
491 2191 693 2270 quartanisque
708 2192 880 2272 praecipue,
903 2193 970 2251 item
987 2191 1085 2252 chole-

99 2276 184 2352 ricis,
203 2275 386 2350 dysintericis
400 2285 430 2335 et
443 2276 472 2335 in
487 2275 631 2335 solutione
648 2275 797 2336 stomachi.
827 2276 952 2335 Tertium
973 2292 1065 2352 genus
1077 2286 1127 2340 115

66 2358 300 2425 snorionvocant
319 2360 348 2418 in
366 2357 510 2420 montibus
525 2375 664 2435 nascens,
679 2358 826 2418 harundini
844 2368 962 2419 tenerae
982 2359 1085 2433 simile,

100 2458 156 2501 uno
173 2441 271 2517 caule,
288 2441 386 2502 densis
401 2442 544 2519 geniculis
561 2451 591 2501 et
607 2442 636 2500 in
653 2460 686 2502 se
703 2442 822 2517 fractis,
840 2442 918 2503 loliis
934 2451 1027 2502 autem
1041 2440 1084 2518 pi·
1135 2482 1137 2489 .

100 2542 191 2599 ceae,
205 2517 544 2604 radicis‘snpervacnae,
561 2526 739 2585 inefficacius
754 2543 837 2603 quam
851 2527 1017 2603 superiora,
1034 2540 1084 2599 pe·

99 2607 389 2669 culiareiscbiadicis.
405 2609 540 2683 Quartum
547 2626 641 2685 genus
652 2609 787 2669 silvestre
795 2610 967 2688 appellatur,
975 2616 1126 2685 paenellfi

99 2690 215 2751 arboris
229 2690 316 2751 modo
330 2692 443 2767 frutex,
461 2691 560 2751 radice
575 2692 702 2769 lignosa,
718 2694 808 2770 stirpe
823 2692 903 2752 cedri
919 2687 1084 2765 rubicundo,

63 2775 186 2836 sommis
201 2775 291 2852 sparti
306 2774 401 2834 binum
418 2774 584 2853 palmorum,
600 2777 690 2851 nigris
706 2775 902 2851 geniculorum
913 2773 1002 2833 ternis
1017 2789 1084 2849 qua-

98 2858 229 2917 ternisve
243 2857 381 2917 articulis.
409 2858 474 2917 hnic
487 2874 603 2936 quoqne
618 2858 761 2935 spissandi
775 2867 890 2931 natura,
912 2871 1000 2934 sapor
1018 2853 1085 2914 mali

99 2940 227 2999 cotonei.
257 2940 430 3019 decoquitur
450 2942 478 3000 in
497 2959 571 3020 aqua
593 2941 630 3001 ad
652 2942 751 3002 tertias
771 2951 819 3002 aut
841 2939 910 2999 aridi
930 2938 1021 2999 farina
1042 2938 1084 2996 in·

99 3024 249 3101 spergitur
266 3033 296 3083 et
309 3026 368 3084 oris
379 3024 525 3084 ulceribus
536 3034 570 3085 -et
583 3024 685 3085 attritis
697 3025 835 3103 partibus.
856 3029 977 3099 propter
991 3020 1084 3096 gingi-

98 3124 197 3167 varum
210 3124 283 3167 vero
292 3108 360 3167 vitia
370 3109 433 3186 ipsa
447 3109 695 3169 conmanducatnr.
717 3124 816 3167 nomas
830 3105 902 3165 sistit
914 3104 1064 3181 omniaque
1076 3111 1124 3167 117

63 3206 175 3267 asqnae
190 3200 312 3268 serpunt
324 3200 372 3250 ant
387 3191 535 3251 difficilem
551 3191 714 3250 cicatricem
729 3190 849 3263 habent,
867 3188 997 3265 privatim
1012 3201 1083 3246 vero

98 3281 182 3334 sanat
202 3291 221 3332 a
241 3276 309 3333 nire
330 3272 407 3333 faeta
428 3274 536 3333 ulcera.
571 3272 699 3333 herbarii
721 3281 749 3332 et
775 3271 811 3330 ad
830 3271 949 3346 anginas
971 3277 1083 3329 utuntur

96 3356 147 3416 illa
167 3365 198 3417 et
218 3358 248 3417 in
263 3357 368 3435 capitis
387 3356 492 3415 dolore
508 3370 645 3415 eoronam
659 3372 697 3413 ex
718 3372 753 3417 ea
774 3356 912 3429 inponunt
933 3362 962 3413 et
985 3360 1084 3412 eontm

97 3439 257 3520 epiphoras
268 3440 346 3501 collo
360 3437 547 3499 circumdant.
568 3440 598 3497 in
609 3439 737 3499 tertianis
752 3434 864 3514 qnidam
876 3436 989 3513 sinistra
1001 3450 1083 3495 manu
