2484 3817
177 170 235 235 168
507 177 814 227 o.rn1u1snccun1

171 356 234 398 cunr
249 337 297 397 ori
312 334 397 412 albo,
420 333 569 395 eihcacins
589 332 818 409 struthocameli,
840 330 913 391 binis
933 330 1021 393 horis.
1051 331 1105 392 hac
1125 340 1154 391 et

171 422 320 482 atramenti
339 420 441 478 liturae
460 417 621 478 abluuntur.
650 416 741 476 virilis
762 416 899 493 podagris
924 416 1052 485 medetur
1071 432 1153 491 argu·
1236 437 1237 509 p

170 512 267 564 mento
282 502 430 577 lullonum,
442 517 515 578 quos
530 499 597 559 ideo
612 501 743 577 temptari
759 515 795 558 eo
808 498 909 557 morbo
925 509 1038 576 negant.
1064 499 1154 557 veteri

171 587 308 647 miscetur
322 586 394 644 cinis
408 593 569 644 ostreorum
584 582 723 642 adversus
740 584 906 659 eruptiones
927 584 955 641 in
973 599 1097 659 corpore
1114 582 1153 639 in·

169 669 287 811 hunnum
301 676 330 727 et
347 668 441 728 omnia
455 668 555 726 ulcera
568 667 717 726 manantia.
746 682 780 723 ea
792 666 899 739 exesis,
914 665 1062 741 ambustis,
1078 664 1178 725 sediss
1236 662 1237 671 ’

129 762 163 817 67
195 753 265 825 tiis,
281 752 426 827 rhagadiis
441 760 470 809 et
485 750 670 828 scorpionum
685 748 789 809 ictibus
805 749 938 807 inlinitur.
969 748 1155 821 obstetricum

172 834 307 896 nobilitas
321 851 380 894 non
402 834 459 893 alio
475 848 547 892 suco
562 832 709 892 eilicacius
730 833 822 891 curari
842 828 1035 910 pronuntiavit
1052 847 1154 910 corpo·

170 935 233 978 rum
247 918 383 996 pruritus,
398 919 472 976 nitro
483 914 579 976 addito
594 915 693 975 ulcera
707 916 840 993 capitum,
858 917 1031 991 porrigines,
1046 931 1154 989 nomas,

171 1002 329 1080 praecipue
343 998 517 1075 genitalium.
540 1016 590 1057 sua
603 999 707 1076 cuique
718 1007 822 1073 autern,
838 998 915 1076 quod
930 998 973 1058 ias
988 998 1025 1057 sit
1036 998 1155 1071 dixisse,

171 1100 302 1145 maxume
314 1081 444 1159 prodest,
459 1080 611 1141 confestim
626 1098 721 1160 perse
736 1084 814 1141 oanis
825 1098 921 1141 rnorsu
933 1080 1155 1157 echinorumque
1170 1099 1193 1137 m

173 1168 264 1246 spinis
277 1163 509 1241 inhaerentibus,
524 1172 554 1223 et
568 1164 597 1222 in
612 1181 743 1241 spongea
760 1165 872 1223 lanisve
892 1166 1016 1243 inposita
1036 1171 1084 1223 aut
1108 1162 1155 1223 ad-

171 1264 275 1309 versus
290 1248 368 1306 cauis
383 1246 475 1307 rabidi
491 1264 603 1308 morsus
618 1249 716 1307 cinere
733 1265 771 1307 ex
787 1266 822 1307 ea
843 1247 979 1323 subacto,
997 1256 1156 1324 contraque

172 1331 350 1408 serpentium
370 1331 454 1389 ictus.
485 1349 549 1392 nam
564 1339 665 1391 contra
684 1330 891 1410 scolopendras
906 1332 1005 1390 mirum
1028 1329 1158 1408 proditur

174 1414 285 1475 vertice
298 1420 376 1473 tanto
393 1416 492 1473 urinae
505 1430 574 1473 suae
589 1421 669 1489 gutta
685 1413 800 1473 liberari
818 1416 947 1493 protinus
962 1414 1068 1473 laesos.

131 1507 166 1563 68
226 1496 310 1575 (19.)
331 1496 489 1573 Augurium
505 1496 666 1556 valitudinis
683 1514 720 1555 ex
735 1514 769 1555 ea
788 1496 922 1575 traditur,
945 1497 968 1556 si
989 1514 1071 1555 mane
1090 1513 1156 1556 can·
1169 1514 1194 1554 m

174 1579 249 1653 dida,
266 1578 332 1639 dein
345 1580 409 1639 ruia
430 1582 483 1656 sit,
503 1580 554 1639 illo
576 1578 662 1638 modo
686 1596 884 1657 concoquere,
906 1580 962 1640 hoo
983 1580 1158 1639 concoxisse

173 1662 360 1739 significatur.
387 1663 461 1724 mala
477 1664 559 1741 signa
573 1661 694 1737 rubrae,
718 1679 851 1740 pessuma
868 1666 986 1741 nigrae,
1006 1661 1079 1723 mala
1095 1662 1159 1721 hul·

173 1746 268 1821 lantis,
284 1762 418 1822 crassae,
442 1748 471 1805 in
486 1764 543 1824 qua
558 1744 635 1823 qnotl
649 1745 768 1807 subsidit
786 1748 809 1806 si
825 1746 920 1806 album
931 1755 993 1821 est,
1015 1746 1161 1821 significat

125 1824 135 1849 '
174 1829 252 1891 circa
267 1829 405 1889 articulos
419 1838 469 1889 aut
480 1830 594 1888 viscera
609 1828 740 1889 dolorem
759 1831 912 1905 inminere,
935 1829 1034 1889 eadem
1058 1828 1159 1887 viridis

172 1911 303 1972 morbum
315 1912 471 1988 viscerum,
491 1912 598 1990 pallida
617 1912 699 1988 bilis,
721 1912 826 1972 rubens
841 1913 995 1989 sanguinis.
1032 1912 1107 1971 rnala
1129 1921 1195 1971 etao

131 2005 165 2059 69
176 1997 204 2053 in
220 2012 275 2071 qua
289 1994 378 2053 veluti
391 1994 517 2054 inriures
532 2004 618 2072 atque
633 1995 792 2055 nubeculae
810 1996 957 2074 adparent.
983 1994 1070 2057 diluta
1086 2010 1158 2073 quo-

174 2094 231 2154 que
246 2075 311 2135 alba
325 2078 429 2137 vitiosa
442 2086 502 2153 est,
522 2078 671 2137 mortifera
685 2096 756 2139 vero
772 2095 869 2139 crassa
883 2078 965 2155 gravi
979 2078 1070 2138 oddie
1085 2079 1159 2137 etin

174 2159 273 2237 pneris
288 2162 383 2219 tennis
398 2177 433 2220 ac
450 2158 547 2220 diluta.
576 2159 653 2236 biugi
679 2170 776 2221 vetant
799 2163 860 2222 eius
882 2179 968 2221 causa
991 2171 1089 2221 contra
1110 2179 1159 2222 so·

174 2242 230 2301 lenr
245 2240 396 2320 lunamque
405 2242 503 2302 nudari
514 2250 563 2303 aut
572 2243 700 2303 umbram
712 2246 874 2323 cuiusquam
888 2244 923 2303 ab
935 2246 1000 2321 ipso
1011 2244 1158 2323 respergi.

171 2323 316 2384 llesiodus
328 2326 406 2386 iuxta
422 2324 564 2386 obstantia
577 2325 658 2385 reddi
675 2328 788 2404 suadet,
811 2344 849 2387 ne
867 2328 949 2387 deum
964 2327 1088 2405 aliquem
1105 2346 1157 2387 uu·
1169 2348 1196 2389 sc

174 2407 250 2468 datio
273 2408 406 2468 oliendat.
442 2408 584 2468 Osthanes
607 2419 707 2470 contra
734 2411 806 2471 mala
833 2410 1038 2471 medicamenta
1064 2411 1160 2472 omnia

173 2491 303 2551 auxiliari
319 2493 449 2568 promisit
469 2492 612 2552 matutinis
633 2492 712 2552 horis
729 2511 808 2554 suam
824 2495 927 2573 cuique
949 2493 1114 2555 instillatam
1129 2495 1161 2553 in

172 2573 285 2652 pedem.

130 2666 166 2722 to
229 2658 258 2716 7.
279 2655 363 2735 (20.)
383 2657 466 2731 Quae
480 2675 518 2717 ex
531 2658 680 2719 mulierum
693 2657 866 2737 corporibus
881 2660 1028 2720 traduntur
1038 2659 1075 2720 ud
1089 2677 1159 2738 por·

171 2748 314 2799 tentorum
329 2740 465 2799 miracula
480 2740 636 2819 accedunt,
657 2751 687 2802 ut
707 2742 841 2803 sileamus
856 2742 964 2803 divisos
979 2742 1160 2803 membratim
1170 2763 1197 2804 ao

172 2824 202 2881 in
221 2821 334 2882 scelera
349 2823 482 2899 abortus,
501 2842 629 2885 mensum
644 2826 756 2903 piacula
771 2843 903 2905 quaeque
918 2826 972 2896 alia
987 2844 1044 2886 non
1060 2824 1160 2885 obste-

175 2905 266 2965 trices
279 2905 365 2965 modo
377 2922 476 2965 rernm
490 2908 575 2967 etiam
588 2910 670 2987 ipsae
685 2912 853 2969 meretrices
868 2908 1030 2987 prodidere.
1052 2906 1161 2985 Capilli

178 2990 203 3048 si
218 2997 393 3065 crementur,
414 2989 505 3049 odore
522 2993 665 3070 serpentis
679 2991 782 3071 iugari.
812 2993 916 3053 eodem
928 2992 1029 3053 nidore
1050 2990 1161 3051 volvae

132 3080 165 3135 'll
173 3068 276 3131 morbo
291 3072 484 3149 strangulatas
498 3076 654 3152 respirare.
683 3077 781 3136 cinere
797 3094 833 3136 eo
851 3076 979 3154 quidem,
995 3076 1019 3135 si
1038 3075 1161 3135 intesta

172 3154 229 3213 sint
244 3157 360 3215 cremati
375 3155 422 3215 rel
437 3174 501 3216 cum
515 3175 614 3235 spuma
629 3162 757 3235 argenti,
778 3158 929 3219 scabritias
951 3158 1101 3218 oculorum
1122 3172 1197 3218 acus

172 3237 336 3316 prurigines
360 3240 523 3317 emendari,
559 3241 627 3300 item
656 3258 793 3301 verrucas
824 3250 854 3300 et
884 3240 1029 3313 infantium
1055 3239 1160 3301 ulcera

173 3336 237 3379 cunr
251 3320 348 3396 melle,
364 3325 466 3402 cupitis
481 3341 594 3402 quoque
607 3322 729 3385 volnera
741 3332 769 3383 et
786 3325 908 3383 omnium
924 3321 1053 3383 ulcerum
1066 3324 1160 3401 sinus,

172 3402 268 3464 addito
283 3405 369 3465 ruello
388 3423 423 3468 ac
439 3415 503 3468 ture
519 3423 622 3486 panos,
637 3406 781 3485 podagras
796 3425 858 3468 cunr
876 3406 960 3487 adipe
983 3404 1086 3486 suillo,
1108 3422 1158 3469 aa·
