2484 3817
143 165 201 225 124
390 164 395 172 '
477 174 781 224 c.ru1n1sucuuu1
842 174 844 180 ⁴

140 330 232 391 simile
248 329 417 405 coriandro,
437 330 534 391 radice
553 328 684 406 lignosa,
707 329 786 387 nasci
801 328 829 385 in
844 326 967 387 arbustis
981 342 1119 385 maxume.

98 416 211 478 uastis
224 415 285 471 eius
296 414 423 491 spissare
438 430 570 491 corpora.
598 429 684 471 sucus
699 412 865 487 sanguinem
879 429 895 469 e
909 408 1022 471 naribus
1034 408 1121 467 fluen-

117 562 124 569 ἃ
140 506 196 555 tem
211 496 338 555 inclusus
354 498 436 572 sistit,
452 497 520 553 item
536 494 640 554 alvom.
670 493 799 553 medetur
814 492 994 567 dysintericis
1010 494 1037 550 in
1053 493 1120 551 vino
1159 525 1162 532 ,

140 579 217 638 dulci
232 587 317 657 potus
333 578 442 652 cyathis
456 578 556 652 tribus,
574 580 682 636 urinam
700 579 768 651 ciet,
784 578 891 652 tussim,
913 578 1130 655 orthopnoeam.

139 670 230 737 sanat,
245 662 312 720 item
327 671 410 739 rupta
425 670 453 720 et
468 678 540 738 quae
555 669 685 738 serpunt.
717 660 856 718 intestinis
873 669 902 718 et
917 661 1034 719 vesicae
1052 658 1145 719 iolias

138 743 288 817 bibuntur,
316 743 502 803 enterocelen
527 743 652 803 cohibet.
684 742 805 801 Faciunt
826 752 855 801 et
874 743 957 802 aliam
980 742 1123 821 hippurim

137 824 319 885 brevioribus
339 836 368 885 et
387 823 565 886 mollioribus
582 826 671 885 comis
687 824 965 905 candidioribusque,
983 842 1120 904 perquam

139 909 237 968 utilem
248 909 411 968 ischiadicis
431 916 460 967 et
481 906 648 989 volneribus
668 918 810 982 exaceto
831 910 981 986 inpositam
1002 916 1123 986 propter

97 1003 148 1057 135
159 991 314 1051 sistendum
330 992 506 1067 sanguinem.
540 990 577 1050 Et
596 990 756 1070 nymphaea
775 994 837 1051 trita
859 990 952 1069 plagis
969 992 1121 1070 inponitur.

139 1076 336 1154 peucedanum
355 1092 418 1131 cnm
435 1076 542 1133 semiue
558 1075 690 1153 cupressi
704 1073 826 1151 bibitur,
845 1077 868 1133 si
889 1076 1005 1151 sanguis
1020 1091 1072 1152 per
1087 1089 1121 1131 os
1133 1087 1158 1127 ro

138 1156 265 1217 redditus
280 1166 325 1215 est
340 1156 456 1215 fluxitve
469 1156 505 1217 ab
520 1157 649 1217 infernis.
689 1156 819 1217 sideritis
841 1166 944 1218 tantam
965 1160 1021 1216 vim
1036 1155 1122 1215 habet

140 1250 170 1299 ut
195 1240 322 1315 quamvis
344 1241 455 1298 receuti
482 1237 651 1315 gladiatoris
671 1240 783 1299 volneri
811 1241 928 1317 inligata
956 1241 1122 1317 sauguinem

140 1320 268 1397 claudat,
293 1321 369 1398 quod
383 1321 453 1381 iacit
472 1332 501 1381 et
515 1323 628 1382 ferulae
643 1324 713 1382 cinis
727 1322 775 1382 vel
799 1323 903 1399 carbo,
924 1324 1029 1401 fungus
1049 1340 1122 1382 vero

97 1416 149 1470 136
161 1406 243 1463 etiam
259 1404 421 1480 efficacius,
438 1406 484 1481 qui
499 1405 654 1465 secuudum
668 1405 791 1465 radicem
809 1407 869 1465 eius
884 1409 1020 1466 nascitur.
1039 1404 1121 1483 (84.)

138 1487 288 1566 perraris
317 1496 411 1546 autem
434 1488 532 1547 liuenti
557 1497 586 1548 et
612 1491 722 1548 cicutae
745 1507 842 1548 semen
870 1492 963 1549 tritum
990 1508 1027 1550 ex
1048 1504 1158 1567 aquats

137 1568 319 1647 additumque
343 1570 448 1630 efficax
469 1570 607 1647 habetur,
638 1573 705 1631 item
735 1572 957 1650 stephanomelis
979 1590 1016 1633 ox
1039 1590 1122 1649 aqua.

138 1654 310 1712 Vettonioae
327 1654 449 1712 farinae
470 1655 545 1713 lacte
561 1656 679 1735 caprino
696 1664 763 1732 pota
785 1656 858 1715 sistit
879 1654 1017 1716 exubere
1033 1655 1122 1714 liuen-

137 1744 206 1811 tem,
222 1734 414 1817 plantagoque
438 1746 584 1797 contunsa.
613 1739 738 1797 eiusdem
756 1757 842 1797 sucus
862 1737 1041 1798 vomentibus
1059 1756 1122 1797 san-

136 1821 252 1895 guinem
273 1819 362 1879 datur.
400 1819 436 1879 ad
465 1822 616 1880 erraticum
646 1830 739 1881 autem
760 1820 840 1881 radix
861 1822 1036 1900 persollatae
1058 1838 1123 1881 cum

97 1912 145 1967 137
157 1904 280 1978 axungia
294 1913 395 1963 vetere
415 1903 494 1963 inlita
515 1903 662 1982 probatur.
694 1904 776 1985 (85.)
799 1908 890 1986 ruptis
906 1905 1121 1981 convolsisque,
1131 1918 1158 1957 ιο

139 2003 177 2043 ex
194 1985 252 2044 alto
275 1985 396 2045 deiectis
417 1987 590 2047 centaurium
604 1990 709 2062 maius,
733 1988 884 2065 gentianae
900 1988 981 2047 radix
995 1990 1059 2047 trita
1075 1987 1122 2047 vel

137 2067 261 2127 decocta
276 2068 324 2127 vel
346 2084 431 2127 sucus
447 2070 634 2146 vettonicae,
662 2078 690 2130 et
711 2071 767 2131 hoo
791 2071 910 2151 amplius
934 2090 950 2131 a
970 2072 1053 2129 vocis
1074 2078 1122 2129 aut

138 2149 237 2209 lateris
254 2148 495 2225 contentionibus,
515 2169 650 2229 panaces,
666 2154 825 2227 scordium,
841 2154 1025 2213 aristolochia
1040 2162 1121 2233 pota,

138 2232 283 2307 agaricum
298 2234 366 2291 item
385 2234 530 2292 contunsis
547 2244 576 2293 et
598 2237 709 2294 eversis
730 2245 825 2314 potum
845 2235 954 2297 duobus
976 2235 1071 2296 obolis
1091 2237 1121 2295 in

136 2313 219 2371 mulsi
235 2314 345 2387 cyathis
358 2313 448 2375 tribus
463 2324 523 2392 aut,
542 2317 566 2374 si
580 2316 669 2377 febris
686 2319 736 2393 sit,
758 2322 786 2377 in
800 2338 871 2398 aqua
890 2321 995 2394 mulsa,
1015 2319 1119 2379 verba·
1129 2339 1157 2381 au

138 2414 217 2455 scum
232 2398 311 2456 ouius
327 2398 381 2457 llos
396 2399 495 2457 similis
512 2417 580 2459 auro
597 2408 658 2477 est,
679 2404 758 2461 acori
782 2404 879 2476 radix,
895 2404 1004 2463 aizoum
1025 2420 1120 2479 omne,

137 2478 188 2539 sed
204 2482 321 2539 maioris
335 2499 421 2539 sucus
436 2482 652 2558 efficacissime,
675 2485 742 2543 item
757 2485 899 2563 symphyti
920 2488 963 2545 ius
980 2486 1028 2546 vel
1046 2486 1120 2545 radi·

137 2565 179 2622 cis
193 2562 359 2640 decoctum,
384 2563 492 2625 daucos
514 2564 618 2641 cruda,
645 2568 817 2640 erysithales
837 2568 907 2628 llore
926 2568 1021 2644 luteo,
1042 2570 1120 2629 loliis

137 2645 249 2705 acanthi
271 2664 288 2703 e
308 2647 391 2723 vino,
415 2648 483 2706 item
506 2648 693 2726 chamaerops
718 2659 746 2709 et
766 2652 793 2709 iu
816 2651 976 2711 sorbitione
996 2653 1049 2712 irio
1071 2652 1121 2711 vel

95 2739 146 2794 138
157 2729 293 2814 plantago
316 2730 444 2788 omuibus
467 2730 567 2791 modis.
603 2730 686 2811 (86.)
715 2733 782 2791 item
803 2732 1013 2811 phthiriasi-
1037 2736 1119 2796 Sulla
1129 2753 1157 2795 ao

136 2812 259 2871 dictator
270 2810 452 2891 consumptus
467 2822 521 2890 est,
537 2821 746 2892 nascunturque
762 2817 939 2893 insanguine
953 2819 1017 2897 ipso
1030 2818 1120 2879 homi·

135 2896 180 2953 nis
191 2896 320 2955 animalia
332 2914 453 2955 exesura
469 2914 586 2975 corpus,
600 2900 798 2957 -resistitur
812 2917 885 2959 urae
900 2904 1031 2962 taminiae
1048 2919 1120 2961 suco

135 2986 183 3037 aut
196 2980 301 3038 veratri
320 2997 383 3037 cnm
404 2979 470 3039 oleo
490 2982 636 3058 perunctis
659 2980 840 3059 corporibus.
874 2984 986 3045 taminia
1001 2984 1119 3063 quidem

136 3061 166 3118 iu
181 3070 266 3120 aceto
284 3061 405 3122 decocta
420 3064 503 3122 etiam
519 3064 609 3122 vestis
626 3081 660 3123 eo
675 3065 770 3125 taedio
785 3062 897 3127 liberat.

94 3154 144 3207 139
202 3145 251 3203 14.
271 3145 354 3224 (87.)
376 3146 483 3207 Ulcera
498 3146 648 3207 multorum
663 3158 726 3209 suut
747 3166 884 3225 generum
900 3169 934 3211 ac
948 3149 1043 3209 multis
1059 3168 1118 3209 mo·
1128 3166 1158 3207 as

135 3225 179 3286 dis
195 3237 336 3287 curantur.
367 3230 485 3309 panacis
500 3232 621 3292 omnium
636 3250 773 3308 generum
788 3232 870 3293 radix
887 3252 923 3294 ex
939 3235 1005 3292 virro
1022 3234 1117 3293 calido

102 3328 125 3361 ss
138 3328 162 3361 nr
177 3309 301 3370 inlinitur
316 3312 501 3375 manantibus.
527 3316 616 3374 siccat
626 3317 756 3393 privatim
770 3334 852 3395 quam
865 3316 1027 3377 Chironiam
1046 3316 1117 3377 dixi·

135 3410 213 3469 mus,
230 3413 292 3453 cum
307 3396 394 3457 melle
414 3399 480 3459 trita
502 3397 603 3459 tubera
623 3402 715 3480 aperit
734 3400 936 3479 ulceribusque
958 3417 1031 3477 quae
1055 3418 1115 3460 ser·
