2484 3817
262 161 343 243 nurss
356 193 449 242 rursu.
464 193 586 241 mvu.
604 190 731 244 ao-an
748 177 899 259 (ea-ts.)
1017 177 1078 242 133

86 353 195 412 turiani
215 347 401 422 removendi,
422 346 529 422 alioqui
544 344 650 407 volvae
668 344 812 406 excidunt.
843 343 896 405 sed
910 346 967 407 nisi
981 353 1079 426 partu·

86 434 229 496 rientibus
245 434 428 505 auferantur,
443 430 559 488 omnino
575 446 634 488 nou
652 432 773 508 pariant.
971 501 974 514 .

148 519 229 596 (id.)
250 516 305 576 Est
325 523 356 574 et
373 514 447 590 lapis
464 511 574 572 Samius
596 514 627 570 in
648 513 749 574 eadem
770 511 863 572 insula
882 513 931 573 ubi
953 520 1059 575 terram
1071 524 1121 578 152

16 656 18 665 ,
88 601 280 677 laudavimus,
302 596 439 677 poliendo
463 613 534 656 auro
558 594 654 671 utilis,
676 598 704 656 in
725 595 865 656 medicina
887 595 1035 657 oculorum
1046 617 1074 662 aa
1088 616 1120 650 us
1197 652 1199 658 ,

66 685 234 747 dulcoribus
250 701 312 743 cum
327 682 403 741 lacte
427 697 485 756 quo
507 678 723 756 supradictum
747 687 793 737 est
815 678 900 738 modo
924 686 954 738 et
971 689 1073 741 eontra
1087 698 1121 736 us

85 777 204 830 veteres
224 767 445 826 lacrimationes.
475 763 598 840 prodest
616 770 647 821 et
666 772 767 822 contra
785 764 852 821 vitia
871 762 1010 822 stomachi
1028 781 1079 840 po-

5 844 7 847 ’
86 860 149 927 tus,
169 851 331 926 vertigines
346 847 429 907 sedat
446 848 609 922 mentisque
630 854 779 905 commotas
794 847 932 905 restituit.
968 844 1081 923 quidam

86 944 117 994 et
140 933 249 994 morbis
269 930 463 991 comitialibus
485 929 595 988 utiliter
617 928 678 988 dari
698 937 799 1007 putant
816 937 846 988 et
863 927 897 988 ad
912 929 1013 988 urinae
1028 926 1100 988 dil··

18 1012 25 1022 ’
84 1019 246 1091 facultates,
265 1024 296 1075 et
308 1015 408 1091 acopis
425 1013 570 1071 miscetur.
603 1013 743 1090 probatur
759 1014 921 1090 gravitate,
943 1011 1079 1074 candore.

37 1100 187 1160 ‘uovolunt
204 1107 233 1158 et
248 1107 345 1175 partus
360 1097 503 1155 contineri
519 1095 675 1173 adalligato
691 1113 738 1160 eo.
962 1101 964 1110 ’

147 1185 228 1259 (41.)
251 1179 366 1240 Arabus
388 1178 462 1256 lapis
485 1179 568 1239 ebori
589 1180 691 1241 similis
711 1180 883 1241 dentifriciis
898 1180 1059 1240 adcommo·
1071 1189 1123 1244 153

83 1266 167 1326 datur
181 1272 334 1324 crematus.
368 1264 499 1340 privatim
517 1262 753 1324 haemorrhoidas
769 1272 851 1324 sanat
862 1281 929 1323 cum
943 1262 1079 1339 lanugine

84 1349 238 1408 linteorum
256 1355 303 1406 aut
317 1364 405 1425 super
420 1346 549 1406 linteolis
566 1349 715 1426 inpositis.

127 1431 210 1509 (42.)
232 1429 298 1490 Non
320 1431 576 1506 praetermittenda
596 1440 642 1491 est
664 1440 694 1492 et
715 1431 857 1508 pumicum
871 1437 979 1490 natura.
1008 1445 1056 1506 ap·
1072 1438 1124 1494 154
1154 1467 1156 1472 -

48 1515 227 1593 inpellantur
248 1515 362 1593 quidem
382 1516 422 1573 ita
451 1532 537 1574 erosa
563 1533 633 1574 saxa
656 1516 685 1574 in
709 1510 848 1570 aediliciis
869 1530 942 1590 quae
963 1529 1080 1572 musaea
1141 1582 1145 1586 ,

84 1588 189 1658 vocant
209 1598 403 1675 dependentia
433 1597 468 1655 ad
498 1599 652 1672 imaginem
679 1612 785 1672 specus
807 1604 871 1655 arte
892 1595 1079 1671 reddendam,

73 1683 137 1742 sed
150 1684 170 1741 ii
187 1685 316 1759 pumices
328 1682 375 1755 qui
392 1688 457 1737 sunt
473 1681 501 1736 in
516 1697 569 1736 usu
584 1695 740 1755 corporum
751 1678 939 1738 levandorum
948 1680 1078 1754 leminis,

83 1768 137 1824 ium
162 1764 276 1843 quidem
300 1771 331 1820 et
353 1763 442 1835 viris,
464 1769 567 1836 atque,
590 1769 622 1820 ut
638 1762 678 1818 alt
694 1759 840 1838 CatulluS,
863 1762 963 1840 libris,
984 1763 1079 1823 lauda·

83 1850 186 1907 tissimi
203 1854 269 1904 sunt
284 1847 313 1903 iu
324 1830 421 1919 Melo,
436 1841 544 1918 Nisyro
560 1850 591 1903 et
605 1843 721 1903 Aeoliis
737 1845 846 1907 insulis.
877 1845 1013 1924 probatio
1029 1847 1058 1905 in
1070 1857 1120 1911 155

48 1930 210 1993 accandore
224 1930 406 2003 minumoque
428 1927 558 2002 pondere
577 1937 608 1986 et
621 1936 653 1987 ut
669 1946 751 2005 quam
768 1947 899 1990 maxume
916 1931 1077 2008 spongeosi

83 2012 214 2090 aridiupre
227 2013 294 2084 sint,
310 2012 366 2069 teri
381 2009 483 2068 iaciles
498 2028 553 2069 nec
562 2009 699 2071 harenosi
715 2014 744 2072 in
758 2012 896 2073 iricandc.
919 2014 1079 2073 viseerum

83 2100 113 2157 in
124 2096 263 2155 medicina
276 2102 444 2167 extenuare,
459 2094 581 2171 siccare,
593 2097 667 2154 trina
678 2097 793 2156 ustione
806 2098 846 2156 ita
859 2098 899 2156 uti
911 2103 1078 2158 torreantur

83 2181 211 2242 carbone
236 2196 325 2257 puro,
352 2178 461 2236 totiens
488 2179 556 2236 vino
584 2180 800 2254 restinguantur
825 2180 901 2240 albo.
947 2180 1104 2241 lavantur‘

83 2263 189 2323 deinde
205 2271 235 2322 ut
250 2262 366 2321 cadmea
377 2270 406 2320 et
420 2262 520 2320 siccati
534 2261 694 2321 conduntur
710 2280 794 2341 quam
804 2265 927 2325 minume
943 2263 1027 2341 uligi-
1039 2284 1068 2326 a,
1084 2283 1120 2318 na

46 2375 74 2415 25
83 2365 157 2407 noso
173 2347 250 2406 loco.
272 2344 349 2405 Usus
362 2345 472 2404 farinae
483 2345 549 2404 eius
563 2345 712 2405 oculorum
725 2364 855 2407 maxume
866 2347 1055 2408 medicamen·
1068 2357 1120 2413 156

84 2432 134 2506 tis,
145 2429 242 2488 ulcera
254 2437 356 2506 purgat
369 2445 469 2488 eorum
482 2427 589 2488 leniter
601 2428 759 2506 expletque
772 2431 923 2492 cicatrices
938 2439 968 2491 et
980 2449 1076 2492 emen·

83 2512 140 2571 dat.
191 2512 302 2589 qnidam
331 2531 347 2571 a
377 2513 463 2571 tertia
493 2513 610 2571 ustione
640 2514 833 2592 refrigeratos
862 2516 961 2593 potius
993 2528 1093 2592 quarn¹

83 2596 240 2655 restinctos
259 2602 357 2655 terere
371 2594 479 2655 malunt
494 2613 532 2654 ex
549 2597 625 2656 vinc.
656 2595 796 2656 adduntur
817 2607 849 2657 et
862 2600 892 2656 iu
906 2597 1077 2675 malagmata

83 2679 208 2755 capitum
229 2677 479 2757 verendorumque
500 2679 646 2739 ulceribus
669 2681 822 2740 utilissimi.
853 2681 923 2739 hunt
938 2698 974 2740 ex
991 2682 1027 2741 iis
1045 2688 1076 2740 et

45 2761 256 2824 sudentilriciu.
296 2759 512 2838 Theophrastus
534 2772 636 2822 auctor
657 2773 704 2834 est
725 2772 846 2842 potores
866 2764 896 2821 in
916 2765 1075 2824 certamine

82 2844 200 2904 bibendi
227 2860 413 2921 praesumere
441 2846 559 2904 larinum
587 2864 651 2906 eam
674 2846 742 2924 sed,
766 2848 822 2905 nisi
846 2847 982 2905 universo
1004 2856 1076 2924 potu
1109 2833 1114 2851 “

82 2926 263 3004 inpleantur,
279 2927 455 3004 periclitari,
470 2936 635 3006 tantamque
650 2928 843 3006 refrigerandi
860 2937 988 2989 naturam
1005 2949 1074 2990 esse

82 3019 114 3069 ut
128 3020 219 3070 musta
237 3010 354 3070 fervere
370 3010 501 3069 desinant
517 3015 630 3088 pumice
644 3011 750 3072 addito.
1001 3057 1005 3074 t

144 3093 192 3154 22.
216 3094 298 3172 (43.)
320 3092 498 3152 Auctoribus
518 3111 604 3154 curae
619 3096 702 3156 luere
725 3094 836 3174 lapides
850 3096 1053 3156 mortariorum
1065 3105 1115 3160 157

44 3184 215 3255 aequoque,
236 3195 291 3237 nec
306 3175 515 3236 medicinalium
529 3185 636 3238 tantum
652 3178 749 3250 autad
764 3180 911 3257 pigmenta
925 3180 1072 3257 pertinen·
1101 3239 1103 3246 ,

81 3262 160 3320 tium
195 3259 325 3321 Etesium
346 3257 470 3337 lapidem
485 3261 514 3317 in
536 3261 571 3320 iis
586 3262 753 3339 praetulere
767 3263 893 3337 ceteris,
914 3279 981 3322 mox
997 3259 1071 3322 The·

81 3344 193 3404 baicum
209 3361 294 3421 quem
309 3342 556 3422 pyrrhopoecilon
571 3345 796 3423 appellavimus,
815 3345 902 3424 aliqui
918 3362 1069 3423 psaranum
1090 3365 1117 3401 n

80 3436 199 3505 vocant,
216 3428 333 3488 tertium
350 3444 388 3488 ex
402 3426 531 3488 chalazio
546 3426 706 3506 chrysites,
722 3429 840 3492 medicis
856 3435 951 3490 autem
969 3445 1008 3489 ex
1022 3429 1072 3490 ba·
