2484 3817
344 236 425 283 nau.
443 237 534 285 arsa.
551 238 652 305 axin.
675 238 702 289 1.
719 226 856 304 (3-11.)
1085 232 1105 291 5

98 391 193 451 batur.
232 392 325 449 uritur
344 389 374 447 iu
398 389 482 449 furno
503 390 598 451 donec
618 392 700 468 papis
725 402 927 469 percoquatur.
966 393 1105 455 massaris

103 473 244 533 odoribus
266 480 373 531 tantum
392 474 538 549 gignitur,
568 476 719 550 omniaque
742 494 776 535 ea
798 477 917 535 aviditas
935 477 1050 538 humani
1064 479 1105 539 iu·

101 558 169 633 geni
187 555 355 615 nobilitavit
370 572 474 632 rapere
490 556 665 617 festinando

163 636 272 715 Caph
289 640 324 736 (6
327 636 1100 715 .)llaturescentiumautemuvaevehementioresul·
1113 656 1147 709 10

78 740 184 799 sgr-ae,
196 721 302 781 ideo'
275 739 370 781 vinnm
378 720 469 781 exhis
480 724 571 783 minus
583 723 746 799 iucundum,
760 727 911 786 suaviores
922 726 1020 803 albae,
1034 745 1103 805 quo-

100 808 204 865 niame
221 804 361 864 tralucido
374 804 487 865 facilius
500 807 640 883 accipitur
653 823 713 867 aer.
729 816 867 866 recentes
882 809 1059 869 stomachum
1071 818 1102 871 et

99 889 223 967 spiritus
244 887 394 947 inhiatione
416 886 510 949 alvom
526 889 659 962 turbant,
683 891 809 968 itaque
801 909 831 949 ιιι
845 891 921 950 febri
937 892 1103 955 damnantur

97 973 199 1049 utique
215 970 369 1047 largiores.
399 972 585 1047 gravedinem
601 974 677 1033 enim
692 974 780 1051 capiti
794 974 984 1051 morbumque
996 974 1103 1035 lethar-

97 1074 166 1131 gum
188 1054 306 1113 iaciunt.
341 1055 559 1115 innocentiores
583 1074 657 1133 quae
678 1056 837 1134 decerptae
855 1057 903 1116 diu
919 1057 1102 1136 pependere,

66 1161 89 1199 ιι
98 1156 154 1215 qua
169 1136 361 1197 ventilatione
379 1138 465 1195 etiam
480 1138 567 1197 utiles
585 1140 656 1198 liunt
671 1140 821 1200 stomacho
836 1142 1012 1220 aegrisque,
1040 1159 1103 1201 narn

97 1231 128 1281 et
143 1220 324 1297 refrigerant
337 1219 444 1279 leviter
458 1229 488 1281 et
503 1210 648 1281 fastidium
664 1223 804 1283 auferunt.

157 1305 194 1382 (7
196 1304 221 1381 .)
251 1300 354 1374 Quae'
345 1322 375 1362 ιιι
389 1304 456 1364 vino
474 1307 546 1363 aut'
537 1324 567 1364 m
583 1305 658 1365 dulci
676 1306 810 1367 conditae
824 1307 908 1369 luere
924 1317 1012 1387 caput
1026 1317 1096 1371 teru-
1109 1322 1141 1375 11

97 1396 187 1464 ptant.
204 1403 365 1465 proxumae
381 1404 397 1445 a
412 1388 599 1465 pensilibus
590 1408 619 1447 ιιι
635 1387 720 1467 palea
735 1399 882 1467 servatae,
896 1410 960 1452 nam
975 1401 1005 1451 et
1022 1395 1100 1453 vina·

97 1472 160 1529 ceis
181 1477 318 1529 servatae
339 1478 370 1529 et
391 1479 477 1547 caput
499 1479 528 1533 et
550 1474 677 1531 vesicam
699 1481 730 1533 et
753 1474 929 1534 stomachum
949 1475 1099 1555 infestant,

67 1555 208 1614 resistunt
230 1561 325 1613 tamen
346 1553 457 1629 alvom,
483 1557 653 1653 sanguinem
675 1558 897 1617 exscreantibus
917 1559 1098 1636 utilissimae,

96 1654 172 1714 quae
187 1653 262 1695 vero
277 1638 341 1695 in
321 1645 414 1697 musto
426 1637 510 1698 luere
522 1641 654 1717 peiorem
666 1641 723 1697 viru
733 1641 886 1699 etiamnum
898 1640 1005 1701 habent
1017 1660 1099 1721 quam

95 1722 218 1798 quaein
232 1721 370 1779 vinaceis.
406 1736 475 1798 sapa
488 1738 605 1799 quoque
621 1722 731 1781 inutilis
748 1722 897 1781 stomacho
911 1725 988 1783 iacit.
1023 1726 1097 1787 salu·
1109 1737 1143 1789 tt

93 1804 240 1862 hemmae
268 1811 368 1880 potant
390 1804 525 1863 medici'
516 1822 546 1863 ιιι
571 1804 694 1863 caelesti
716 1820 788 1881 aqua
808 1813 958 1880 servatas,
986 1809 1098 1868 etiamsi
1167 1868 1174 1881 .

5 1880 7 1921 ¹
95 1887 223 1945 minume
238 1885 393 1962 iucundas,
414 1887 467 1947 sed
484 1887 665 1965 voluptatem
682 1904 779 1947 earum
793 1888 823 1945 in
837 1888 977 1947 stomachi
993 1891 1098 1952 ardore

60 1969 205 2027 assentiri
229 1976 261 2027 et
285 1970 317 2029 in
336 1970 523 2032 amaritudine
544 1971 605 2030 oris
628 1968 764 2047 fellisque
786 1971 992 2032 vomitionibus
1016 1975 1079 2033 et
1069 1994 1099 2034 ιιι

98 2049 246 2149 choleris,
263 2050 428 2131 hydropicis
454 2071 519 2113 crau
536 2053 642 2114 ardore
664 2054 789 2115 febrium
810 2056 1039 2131 aegrotantibus
1068 2066 1098 2117 at

95 2136 127 2194 in
149 2133 219 2193 ollis
238 2144 372 2196 sematae
395 2145 425 2195 et
440 2154 474 2196 os
491 2145 522 2197 et
539 2136 716 2197 stomachum
731 2146 761 2196 et
775 2138 942 2197 aviditatem
959 2143 1097 2218 excitant,

94 2216 185 2295 paulo
209 2226 302 2279 tamen
324 2220 478 2318 graviores
500 2221 701 2281 existimantur
719 2220 783 2279 lieri
799 2220 985 2283 vinaceorum
997 2224 1095 2285 halitu.

96 2300 180 2361 Uvae
207 2300 341 2362 liorem
332 2322 362 2361 ιιι
386 2302 458 2363 cibis
484 2304 509 2362 si
533 2303 625 2365 edere
644 2304 816 2381 gallinacei,
841 2322 912 2364 uvas
933 2324 991 2367 non
1014 2310 1097 2367 attiu-

64 2400 87 2439 a
95 2392 176 2461 gunt.

157 2466 219 2551 (8.)
252 2468 402 2529 Sarmenta
419 2486 516 2529 aarum
535 2470 566 2529 iu
583 2469 687 2548 quibus
704 2471 778 2531 acini
794 2470 879 2531 luere
894 2472 1091 2549 adstringendi
1105 2485 1139 2540 13

97 2552 153 2609 vim
169 2550 295 2627 babent,
315 2553 480 2611 efficaciora
497 2570 536 2614 ex
554 2552 630 2613 ollis.

157 2634 220 2713 (9.)
254 2632 358 2695 Nuclei
376 2638 523 2695 acinorum
538 2636 659 2697 eandem
674 2638 732 2695 vim
746 2638 889 2713 optinent.
920 2635 949 2696 hi
964 2646 1031 2696 sunt
1046 2641 1094 2715 qui

94 2719 124 2776 iu
138 2720 208 2778 ιιιιο
225 2720 313 2794 capiti
328 2719 460 2778 dolorem
476 2719 590 2781 faciant.
621 2720 693 2779 tosti
710 2720 827 2796 tritique
844 2720 992 2781 stomacho
1007 2722 1094 2784 utiles

63 2815 86 2855 ao
95 2809 167 2861 suat.
186 2802 367 2879 inspergitur
376 2802 468 2863 farina
479 2820 580 2863 eorum
592 2802 730 2881 polentae
741 2802 827 2863 modo
836 2804 948 2882 potioni
958 2812 988 2862 et
1000 2804 1095 2880 dysin-

94 2885 195 2943 tericis
215 2892 246 2944 et
262 2884 399 2945 coeliacis
417 2894 448 2944 et
462 2884 605 2945 dissoluto
622 2884 779 2946 stomacho.
808 2885 931 2947 decocto
944 2888 1030 2946 etiam
1044 2906 1095 2949 eo-

94 2984 156 3025 rum
170 2967 277 3027 lovere
291 2985 395 3045 psoras
411 2978 441 3028 et
456 2970 596 3046 pruritum
611 2969 682 3030 utile
699 2977 753 3029 est.
908 2978 913 2985 '

156 3051 240 3129 (10.)
275 3049 396 3111 Vinacei
421 3070 476 3130 per
497 3071 530 3112 se
550 3054 643 3111 minus
665 3053 753 3129 capiti
774 3060 823 3113 ant
842 3054 960 3111 vesicae
984 3063 1137 3120 nocentia

5 3124 7 3177 ῗ
96 3148 177 3209 qaam
196 3134 312 3209 nuclei,
336 3152 516 3195 mammarum
529 3136 742 3195 inflammationi
759 3135 846 3196 utiles
864 3152 926 3192 cum
942 3135 1004 3197 sale
1022 3140 1091 3196 triti.

66 3216 247 3276 asdecoctunr
268 3233 368 3277 eorum
381 3227 509 3279 veteres
532 3218 726 3296 dysintericos
748 3228 780 3277 et
802 3215 950 3277 coeliacos
966 3220 1045 3279 iuvat
1062 3229 1093 3280 et

97 3300 215 3376 potione
235 3309 267 3360 et
280 3300 353 3359 iotu.

156 3383 240 3463 (ll.)
272 3380 337 3443 Ura
354 3384 498 3463 theriace,
517 3384 553 3444 de
567 3402 624 3461 qua
639 3401 691 3443 suo
709 3383 776 3442 loco
790 3382 930 3459 diximus,
948 3391 1087 3447 contram,
1099 3408 1134 3443 aa

99 3470 274 3543 serpentium
290 3469 366 3528 ictus
383 3475 471 3529 estur.
499 3468 650 3546 pampinos
668 3482 784 3544 qnoque
801 3468 863 3524 eius
879 3466 1008 3525 edendos
1023 3484 1090 3524 cen·
