2484 3817
369 228 449 275 aar.
464 225 555 275 arsa.
570 227 681 274 xxxn.
698 224 725 279 7.
740 219 884 286 (aa-tt.)
1069 213 1133 276 299

139 379 307 441 volneribus
328 379 528 440 efficacissime
551 381 681 460 prodest.
713 381 860 459 parotides
880 383 1018 440 muricum
1039 389 1133 440 testae

141 468 239 524 cinere
260 483 323 524 cunr
337 465 424 524 melle
438 464 486 523 vel
502 463 719 538 conchyliorum
733 481 770 522 cx
784 464 875 523 mulso
891 473 1034 523 curantur.

203 547 286 626 (26.)
308 547 440 606 Dentium
457 548 576 607 dolores
591 546 726 606 sedantur
746 546 861 606 ossibus
880 548 1016 606 draconis
1029 548 1130 607 marini
1141 557 1176 612 79

139 630 312 709 scariphatis
327 632 462 708 gingivis,
479 630 602 690 cerebro
616 631 762 690 caniculae
777 632 806 688 iu
820 630 888 689 oleo
900 630 1025 689 decocto
1034 631 1133 689 adser-

115 725 280 792 avumque,
304 723 334 772 ut
355 733 393 774 cx
413 732 450 774 eo
466 714 568 774 dentes
586 714 676 773 semel
694 733 769 774 anno
785 714 943 773 coluantur.
965 716 1133 792 pastinacae

139 816 255 878 quoque
272 797 354 858 radio
370 798 528 877 scariphari
546 798 679 875 gingivas
693 800 721 856 in
737 797 840 856 dolore
857 796 1042 856 utilissimum.
1063 815 1133 856 cou-

136 885 220 942 tritus
237 883 263 940 is
281 891 310 941 et
327 899 390 940 oum
405 881 557 942 helleboro
579 880 646 939 albo
665 881 762 939 inlitus
781 880 876 939 dentis
895 882 957 939 sine
978 881 1133 939 vexatione

103 997 109 1010 ·
137 965 270 1025 extrahit.
297 965 535 1024 salsamentorum
550 965 634 1024 ctiam
649 964 729 1024 lictili
743 981 815 1024 vase
830 963 1044 1023 combustorum
1060 965 1140 1051 cinis

137 1049 232 1108 addita
243 1049 334 1108 farina
346 1051 493 1108 marmoris
504 1051 579 1108 iuter
589 1048 716 1108 remedia
728 1057 782 1106 est.
806 1056 836 1106 et
847 1046 931 1121 cybia
940 1057 1041 1106 vetera
1053 1046 1129 1106 eluta
1140 1058 1176 1111 80

105 1136 167 1194 min
182 1149 259 1192 novo
275 1149 363 1206 vase,
380 1131 445 1194 dein
463 1132 542 1208 trita,
558 1141 679 1209 prosunt
695 1131 855 1192 doloribus.
881 1147 974 1209 aeque
988 1130 1133 1208 prodesse

138 1217 269 1276 dicuntur
284 1216 406 1274 omnium
421 1214 658 1274 salsamentorum
678 1216 778 1292 spinae
800 1214 968 1274 combustae
988 1214 1132 1293 tritaeque

138 1309 167 1359 et
183 1300 291 1358 inlitae.
318 1298 495 1358 decocuntur
516 1307 545 1358 et
564 1316 651 1358 ranae
666 1297 798 1375 singulae
812 1300 841 1357 in
861 1299 937 1357 aceti
952 1298 1084 1371 heminis,
1102 1305 1133 1356 ut

24 1415 28 1424 ·
139 1385 239 1442 dentes
255 1385 293 1442 ita
308 1382 458 1441 coluantur
470 1383 710 1459 contineaturque
725 1384 754 1440 in
769 1399 821 1441 ore
835 1399 931 1440 sucus.
953 1383 978 1440 si
990 1379 1133 1440 fastidium

139 1465 281 1543 obstaret,
306 1465 502 1544 suspendebat
531 1466 655 1544 pedibus
676 1464 887 1543 posterioribus
906 1482 957 1524 eas
979 1465 1132 1524 Sallustius

106 1549 301 1626 homonymus,
315 1559 346 1608 ut
361 1567 398 1608 ex
415 1567 467 1608 ore
482 1552 561 1608 virus
578 1549 719 1608 deilueret
733 1551 762 1606 in
777 1557 891 1608 acetum
904 1548 1030 1622 fervens,
1046 1548 1133 1624 idque

137 1653 154 1692 e
175 1633 304 1712 pluribus
325 1635 411 1690 ranis.
442 1632 610 1690 fortioribus
635 1631 791 1689 stomachis
814 1649 853 1687 ex
875 1632 935 1688 iure
958 1631 1133 1690 mandendas

136 1717 231 1792 dabat,
250 1715 466 1791 maxillarisque
481 1717 519 1772 ita
534 1715 628 1772 sanari
644 1716 802 1791 praecipue
814 1711 907 1770 dentis
920 1722 1029 1789 putant,
1041 1714 1132 1773 mobi-

137 1803 172 1860 lis
188 1815 260 1857 vero
281 1814 367 1873 supra
384 1796 460 1855 dicto
479 1804 564 1854 aceto
587 1795 718 1854 stabiliri.
748 1795 783 1854 ad
798 1795 855 1853 hoc
870 1796 982 1873 quidam
998 1813 1130 1855 ranarum
1140 1809 1173 1863 81

137 1899 264 1958 corpora
284 1879 413 1937 binarum
431 1879 571 1956 praecisis
592 1877 715 1956 pedibus
734 1880 762 1936 in
783 1879 842 1937 uini
860 1878 973 1938 hemina
987 1890 1134 1940 macerant

100 1980 127 2020 ao
140 1974 169 2024 et
188 1967 226 2022 ita
248 1963 324 2022 colui
345 1962 469 2020 dentium
490 1961 612 2022 labantis
633 1961 739 2022 iubent.
771 1962 859 2040 aliqui
879 1971 955 2022 totas
977 1961 1134 2039 adalligant

137 2046 271 2108 maxillis.
293 2045 342 2104 alii
360 2045 449 2104 denas
462 2046 491 2103 in
506 2046 640 2106 sextariis
654 2044 746 2105 tribus
766 2048 841 2106 aceti
856 2045 1005 2106 decoxere
1019 2047 1054 2106 ad
1075 2055 1132 2105 ter·

136 2135 192 2192 tias
212 2130 303 2209 partis
323 2139 352 2188 ut
371 2128 484 2188 mobilis
508 2128 631 2188 dentium
656 2129 826 2189 stabilirent.
854 2147 910 2189 nec
931 2147 990 2190 uon
1007 2129 1133 2190 XXXVI
1154 2183 1160 2196 ,

136 2231 268 2276 ranarum
287 2213 374 2273 corda
401 2213 429 2271 in
450 2213 509 2272 olei
529 2215 637 2272 ueteris
653 2215 781 2278 sextario
798 2213 851 2273 sub
868 2230 958 2273 aereo
978 2223 1055 2273 testo
1076 2213 1132 2272 dis·

140 2317 248 2359 coxere
268 2307 299 2356 ut
318 2297 500 2356 infunderent
517 2315 569 2374 per
580 2313 678 2356 aurem
689 2297 814 2356 dolentis
824 2297 969 2358 maxillae.
991 2297 1039 2356 alii
1050 2300 1134 2356 iocur

12 2422 15 2430 ·
71 2405 74 2412 ’
103 2401 227 2442 aoranae
252 2381 402 2440 decoctum
434 2389 463 2439 et
489 2381 582 2440 tritum
611 2399 675 2440 cum
699 2380 786 2440 melle
810 2383 966 2458 inposuere
989 2380 1132 2440 dentibus.

139 2466 233 2526 omnia
249 2483 335 2542 supra
351 2465 457 2542 scripta
476 2481 513 2522 ex
528 2466 635 2523 marina
650 2465 827 2524 eilicaciora.
855 2466 887 2523 Si
903 2465 1009 2524 cariosi
1026 2473 1054 2522 et
1068 2464 1128 2523 iae·
1140 2473 1175 2527 82

138 2549 189 2608 tidi
211 2557 289 2623 sunt,
314 2557 407 2606 cetum
429 2549 457 2605 in
480 2548 563 2606 turno
587 2549 701 2608 arelieri
721 2565 775 2625 per
800 2557 915 2606 noctem
941 2548 1130 2624 praecipiunt,

140 2639 242 2709 postea
254 2631 417 2690 tantundem
430 2632 498 2689 salis
511 2631 575 2690 addi
586 2640 673 2708 atque
684 2633 722 2690 ita
737 2631 844 2690 fricari.
867 2630 1002 2705 enhydris
1011 2639 1132 2688 uocatur

141 2713 260 2776 Graecis
279 2712 395 2772 colubra
417 2716 444 2771 in
462 2732 535 2791 aqua
554 2715 666 2772 vivens.
691 2715 775 2772 huius
790 2722 925 2792 quattuor
945 2713 1069 2772 dentium
1084 2731 1131 2771 su·

104 2794 304 2876 asperioribus
319 2798 347 2853 iu
361 2797 464 2856 dolore
480 2799 659 2875 superiorum
675 2799 809 2874 gingivas
825 2796 999 2874 scariphant,
1014 2795 1131 2855 inferio

138 2897 200 2940 rum
214 2879 407 2938 interioribus.
439 2881 525 2958 aliqui
546 2883 648 2939 canino
665 2889 772 2943 tautum
794 2897 891 2938 aarum
911 2881 1038 2939 contenti
1057 2888 1130 2938 sunt.

138 2971 253 3024 utuntur
275 2971 306 3022 at
327 2978 494 3022 cancrorum
522 2965 636 3040 cinere,
663 2981 726 3021 uam
747 2964 882 3022 muricum
908 2963 979 3022 cinis
1004 2962 1131 3022 dentifri-

139 3049 211 3108 cirm
229 3055 283 3108 est.

201 3131 285 3210 (27.)
307 3129 447 3189 lichenas
463 3139 491 3188 et
507 3129 604 3206 leprhs
620 3129 696 3188 tollit
710 3129 792 3206 adips
806 3128 887 3187 rituli
901 3130 1016 3205 marini,
1031 3147 1128 3188 urenae
1138 3138 1175 3192 83

104 3231 200 3278 aarum
217 3215 288 3273 ciuis
303 3229 366 3272 cum
385 3213 479 3272 mellis
502 3211 595 3271 obolis
613 3215 718 3285 ternis,
740 3214 822 3271 iecur
833 3215 1000 3289 pastinacae
1017 3214 1046 3271 in
1061 3213 1130 3273 eleo

140 3305 261 3373 coctam,
279 3297 464 3375 hippocampi
484 3305 533 3354 aut
552 3295 680 3374 delphini
693 3296 765 3354 cinis
781 3313 819 3352 ex
830 3314 904 3372 aqua
920 3297 1026 3356 tultus.
1050 3295 1132 3355 exul·

140 3380 314 3439 cerationem
330 3380 413 3456 sequi
428 3379 517 3437 debet
533 3380 653 3452 curatio,
671 3396 745 3455 quae
755 3377 889 3456 perducit
904 3379 941 3437 ad
955 3381 1131 3438 cicatricem.

135 3463 252 3540 quidam
266 3463 394 3541 delphini
409 3464 438 3521 in
451 3463 531 3520 fictili
542 3470 654 3520 torrent
664 3461 759 3520 donec
771 3462 939 3538 pinguitudo
952 3461 1052 3522 similis
1062 3461 1132 3522 oleo
