2484 3817
316 189 734 244 uan.umn.mm.o.1o.
752 183 906 260 (so-4⁷.)
1063 186 1105 248 tt

114 349 207 424 aiunt,
237 347 262 408 si
289 345 376 406 horis
402 347 521 408 castrati
549 348 651 408 ariane
674 348 830 410 animatur
856 349 888 409 tu
906 358 979 427 pun
1002 351 1052 413 rel
1074 354 1105 414 ia

115 432 188 508 ciho,
204 446 346 490 uenerem
360 429 442 489 liniti.
469 429 558 490 carlto
574 448 612 489 ex
622 447 665 490 eo
678 448 790 508 geum
804 433 886 495 urina
900 450 938 493 ea
947 436 1105 498 restinctus

115 513 257 574 inumbra
278 511 429 587 conditur,
460 512 536 574 idem
561 531 626 574 cam
651 513 742 574 liheat
771 516 951 591 accendere,
980 519 1105 580 resolvi·

116 607 165 664 tur,
195 596 273 674 magi
287 595 316 654 id
334 604 365 654 et
379 613 419 658 en
433 595 570 672 spadonis
586 599 669 657 urina
684 596 749 657 lieri
766 598 951 659 tradiderunt.

97 697 108 736 s
176 682 223 740 10.
242 677 326 756 (43.)
358 676 421 738 Nec
435 681 518 755 virga
532 682 689 757 sanguinea
705 680 822 741 felicior
837 680 968 741 hahetur.
996 692 1148 751 cortexte

117 765 175 824 eius
188 763 316 824 interior
333 763 485 822 cicatrices
499 779 573 838 quae
590 780 788 841 praesanuere
808 765 912 841 aperit.

171 845 255 925 (tt.)
286 843 390 904 Sileris
414 844 486 906 lolia
509 845 590 906 inlita
614 847 703 906 tronti
727 849 833 924 capitis
854 846 975 908 doleres
992 849 1104 912 sedant.

116 931 241 990 eiusdem
264 945 364 988 semen
387 930 539 988 contritum
560 931 589 989 in
604 930 674 990 oleo
694 929 863 1007 phthiriasis
883 939 1004 990 coercet
1041 950 1106 992 ser·

115 1022 215 1091 pentes
237 1021 269 1072 et
288 1011 363 1072 hunc
384 1013 516 1072 fruticem
539 1013 688 1090 refugiunt
703 1013 891 1091 baculumque
908 1015 1008 1076 rustici
1023 1015 1062 1074 ola
1075 1016 1105 1076 id

86 1109 149 1157 toea
165 1113 204 1156 eo
218 1102 333 1172 gerunt.

169 1180 251 1258 (45).
282 1177 445 1254 maehum
461 1181 486 1239 si
508 1180 608 1242 eadem
623 1180 712 1242 arhor
728 1187 775 1240 est
789 1197 864 1258 quae
879 1182 910 1240 ia
921 1183 1038 1242 oriente
1052 1199 1101 1258 cy·
1112 1191 1148 1246 ts

113 1281 196 1341 pros,
214 1278 287 1322 suos
300 1263 331 1321 in
344 1259 461 1339 Europa
478 1281 546 1322 usus
561 1263 668 1339 hahet,
685 1281 771 1324 sucus
790 1265 853 1323 eius
869 1265 902 1324 in
917 1281 1043 1341 nervos,
1061 1281 1107 1324 ar·
1126 1266 1129 1270 ’

114 1346 237 1421 tiaalos,
258 1344 395 1421 algores,
427 1346 497 1404 lolia
518 1347 626 1424 ultique
645 1348 740 1407 veteri
755 1345 847 1406 ulceri
863 1365 928 1408 cum
948 1348 1018 1408 salis
1031 1351 1105 1410 mica

114 1431 218 1490 eteris
237 1428 447 1488 exulcerationi
463 1440 604 1507 prosunt,
620 1432 693 1490 acini
710 1438 813 1490 contra
828 1430 1019 1508 phthiriasim,
1034 1434 1106 1492 item

85 1524 105 1564 1³
114 1522 211 1573 contra
226 1512 428 1588 intertrigines
445 1513 492 1573 ael
506 1514 584 1574 lolia.
618 1522 719 1574 amnt
729 1522 761 1573 et
773 1512 1000 1590 gallinaceorum
1019 1517 1106 1593 pitui-

113 1605 152 1656 tas
168 1597 252 1655 acini.

167 1679 251 1758 (46.)
281 1678 363 1738 Folia
380 1678 437 1738 alai
452 1697 490 1738 cn
500 1680 627 1739 ferventi
638 1679 886 1756 aquacertissimo
896 1678 1026 1738 remedio
1038 1686 1105 1739 suut

111 1765 239 1823 humoris.
959 1801 963 1805 .

173 1846 254 1923 (47.)
285 1844 420 1907 llederae
449 1865 560 1924 genera
583 1846 685 1922 viginti
706 1844 973 1904 demonstravimus.
1003 1850 1146 1906 naturate

80 1931 239 1988 nomnium
251 1932 281 1988 iu
294 1929 435 1990 medisina
450 1947 586 2006 anceps·
599 1937 723 1988 mentem
738 1928 835 1987 turhat
848 1935 879 1987 et
891 1933 979 2004 caput
992 1943 1059 2003 pur·
1070 1923 1147 2009 ’ᾖξ’

112 2019 164 2088 gat
179 2011 284 2088 largius
304 2021 391 2090 pota,
410 2015 509 2073 nervis
533 2015 609 2072 intus
630 2019 736 2086 nocet,
758 2010 860 2070 iisdem
881 2010 1005 2088 {nemis}
1027 2008 1105 2070 adhi-

111 2095 173 2154 hita
189 2095 262 2154 foris
280 2096 409 2173 prodest.
445 2096 545 2156 eadem
559 2104 660 2155 natura
674 2112 748 2171 qnae
763 2102 849 2154 aceto
859 2102 913 2154 est.
946 2096 1041 2152 omnia
1053 2110 1105 2169 ge-

110 2195 181 2238 nera
208 2179 271 2236 eius
293 2179 477 2256 refrigerant.
507 2182 615 2239 urinam
632 2179 710 2238 cient
734 2187 824 2257 potu,
843 2179 946 2256 capitis
972 2177 1106 2237 dolorem

113 2261 232 2335 sedant,
249 2265 407 2340 praecipue
422 2262 548 2322 cerebro
564 2263 783 2340 continentique
797 2261 949 2321 cerebrum
965 2259 1107 2320 membra·

82 2357 104 2396 ²⁵
114 2361 167 2404 nae
180 2344 441 2406 utilitermollibus
458 2347 593 2422 inpositis
609 2344 689 2404 loliis
703 2362 767 2403 cum
778 2352 863 2404 aceto
874 2347 906 2404 'et
918 2360 1044 2403 rosaceo
1056 2344 1106 2400 tri·

113 2430 150 2486 tis
167 2436 199 2487 et
211 2427 353 2504 decoctis,
368 2429 465 2489 addito
483 2436 587 2506 postea
601 2445 725 2488 rosaceo
741 2427 819 2486 oleo.
834 2426 991 2486 inlinuntur
1006 2433 1101 2484 autern
1111 2434 1147 2488 76

111 2512 200 2570 tronti
223 2519 254 2570 et
280 2512 403 2572 decocto
427 2528 528 2571 eorum
548 2513 665 2572 fovetur
686 2527 721 2571 os
742 2517 885 2588 caputque
907 2508 1103 2586 perungaitur.

111 2592 182 2653 lieral
195 2603 228 2654 et
243 2603 312 2672 pota
328 2603 357 2655 et
371 2595 454 2655 inlita
471 2604 600 2672 prosunt.
635 2595 813 2654 decocuntur
830 2601 861 2652 et
882 2600 983 2652 contra
1003 2590 1105 2648 horro-

109 2694 160 2736 res
174 2677 300 2737 febrium
316 2680 545 2756 eruptionesque
560 2680 680 2755 pituitae
694 2685 744 2736 aut
757 2679 787 2736 in
799 2677 868 2736 vino
884 2681 1021 2736 teruntur.
1056 2688 1105 2730 co·

76 2761 203 2834 torymhi
224 2779 340 2838 quoque
361 2764 423 2838 peti
444 2761 492 2821 vel
514 2761 586 2840 inlisi
601 2760 709 2820 lienem
729 2769 847 2835 maaet,
866 2760 995 2819 iocinera
1011 2762 1106 2814 autem

108 2842 206 2916 inliti„
226 2843 342 2928 trahunt
356 2853 385 2903 et
402 2863 518 2905 menses
537 2844 670 2922 adpositi.
700 2861 787 2903 sucus
802 2843 931 2902 hederae
950 2837 1044 2897 taedia
1057 2855 1106 2896 nu·

108 2927 199 2986 rium·
214 2926 503 3005 graveolentiamque
529 2927 678 3003 emendat,
696 2928 855 3004 praecipue
877 2923 961 2983 alhae
984 2922 1103 2981 satim.

108 3008 185 3069 idem
200 3011 314 3069 infusus
329 3011 445 3070 naribus
461 3021 546 3088 caput
561 3018 677 3088 purgat,
692 3011 837 3070 efficacius
850 3005 946 3066 addito
958 3006 1043 3064 nitro.
1059 3006 1101 3064 in·
1111 3013 1146 3069 77

107 3091 238 3152 funditur
260 3094 348 3152 etiarn
366 3091 527 3170 purulentis
545 3092 661 3153 nuribus
684 3102 733 3151 aut
756 3088 922 3151 dolentibus
940 3106 1004 3147 cuaa
1025 3086 1103 3148 oleo.

76 3176 297 3235 *cicatricibus
312 3191 427 3254 quoque
444 3177 580 3237 decorem
593 3177 672 3235 lacit.
701 3175 737 3234 ad
751 3175 845 3233 lienes
863 3170 1010 3230 efficacior
1020 3170 1104 3231 albae

108 3255 192 3317 ferro
207 3259 384 3334 calelamus,
403 3261 474 3319 satis
490 3267 537 3318 est
552 3262 650 3318 acinos
666 3275 720 3317 sex
739 3260 768 3315 in
789 3257 847 3314 vini
863 3252 973 3327 cyathis
989 3253 1104 3313 duobus

109 3343 192 3399 sumi.
225 3341 299 3400 acini
316 3359 355 3400 ex
370 3342 470 3402 eadem
486 3341 551 3400 alba
566 3341 642 3401 terni
656 3343 685 3400 in
699 3347 784 3399 aceto
799 3336 892 3396 mulso
909 3338 971 3412 poti
993 3337 1103 3394 taenias

109 3422 242 3500 pellam,
255 3427 287 3486 in
301 3441 357 3502 qua
371 3427 521 3484 curatione
536 3425 631 3483 ventri
648 3440 763 3499 quoque
778 3421 945 3495 inposuisse
960 3434 1015 3477 eos
1030 3415 1103 3474 utile
