2484 3817
167 164 225 227 170
379 244 387 263 .
496 176 528 225 c.
544 174 640 223 emur
656 174 805 223 saeuum

119 340 154 395 tt
219 328 303 409 (23.)
325 330 395 391 Post
414 331 488 389 haec
507 328 601 389 nullus
621 336 668 386 est
692 326 803 387 modus.
852 326 906 386 iarn
932 327 1051 405 primum
1071 326 1150 404 abigi

161 414 317 491 grandines
332 414 517 491 turbinesque
534 420 633 470 contra
649 410 761 487 fulgura
776 412 839 487 ipsu
852 428 951 469 mense
967 409 1082 469 nudato.
1107 412 1151 470 sic

162 496 254 556 averti
276 497 440 557 violentiam
463 496 554 570 caeli,
581 496 610 551 in
639 493 801 569 navigando
828 493 941 571 quidem
962 502 1152 570 tempestates

163 581 247 639 ctiam
269 581 329 640 sine
352 582 515 639 menstruis.
545 596 583 637 ex
602 579 675 655 ipsis
695 594 767 635 vero
788 576 944 651 mensibus,
967 578 1152 635 monstrificis

138 663 192 749 'gg’
205 663 293 739 alius,
315 666 355 722 uti
370 681 423 723 suo
438 664 507 723 loco
523 661 725 734 indicavimus,
748 660 809 720 dira
825 669 855 718 et
869 659 983 719 infanda
996 661 1176 721 vaticinans

163 758 218 820 tur,
235 752 253 804 e
268 747 370 825 quibus
383 746 493 808 dixisse
506 762 562 803 non
578 744 695 821 pudeat,
711 745 735 803 si
751 745 779 802 in
796 743 928 802 delectus
943 743 1026 802 lunae
1042 742 1151 802 solisve

164 840 305 906 congruat
319 832 364 889 ris
379 830 443 906 illu,
463 827 707 888 inremediabilem
722 828 800 903 lieri,
819 844 876 885 non
895 828 1012 901 segnius
1029 834 1057 884 et
1074 827 1101 884 in
1115 828 1151 885 sl-

164 915 242 973 lentc
257 913 337 990 luna,
355 914 506 990 coitusque
519 920 578 970 tum
598 910 723 971 maribus
739 910 862 970 exitialis
878 926 944 969 csse
961 918 1045 987 atque
1061 910 1152 987 pesti·

121 1008 157 1063 78
168 998 258 1057 ieros.
282 1013 435 1075 purpuram
451 1012 568 1074 quoque
579 1012 617 1055 eo
629 1003 766 1072 tempore
781 993 816 1054 ab
832 994 875 1052 his
887 992 986 1071 pollui,
1000 1002 1078 1052 tanto
1095 995 1154 1052 vim

164 1098 232 1140 esse
246 1081 392 1138 maiorem.
429 1095 611 1157 quocumque
627 1087 719 1137 autem
739 1078 796 1136 alio
817 1084 960 1135 menstruo
983 1077 1007 1134 si
1030 1075 1153 1135 nudatae
1166 1100 1190 1139 rc

164 1172 297 1237 segetem
318 1161 456 1239 ambiant,
483 1179 588 1221 urucas
609 1179 644 1221 ac
667 1160 840 1220 vermiculos
861 1158 1094 1237 scarabaeosque
1118 1178 1154 1219 ac

164 1246 251 1305 noxia
263 1244 318 1304 alia
335 1244 480 1304 decidere.
511 1245 695 1305 Metrodorus
712 1244 850 1321 Scepsius
866 1244 896 1302 in
909 1241 1096 1321 Cappadocia
1111 1245 1153 1303 in·

164 1336 280 1387 ventum
301 1327 397 1405 prodit
415 1327 455 1387 ob
476 1328 681 1387 multitudinem
704 1326 920 1403 cantharidum,
948 1328 991 1386 ire
1009 1344 1081 1404 ergo
1098 1345 1154 1405 per
1236 1320 1237 1363 t

163 1410 258 1471 media
280 1429 349 1471 arra
362 1412 480 1471 reiectis
496 1428 584 1489 super
606 1411 698 1470 clunis
719 1408 858 1470 restibus.
887 1409 957 1470 alibi
972 1420 1102 1469 servatur
1124 1419 1154 1469 ut

164 1494 247 1553 nudis
269 1493 391 1572 pedibus
412 1504 479 1554 eant
503 1494 610 1572 capillo
637 1496 788 1570 cinctuque
810 1494 959 1554 dissoluto.
992 1494 1150 1553 cavendum
1164 1510 1189 1551 rc

164 1595 201 1636 ne
218 1577 247 1636 id
263 1579 374 1637 oriente
389 1578 454 1638 sole
467 1578 588 1652 faciunt,
603 1579 752 1637 sementim
769 1578 842 1636 enirn
857 1595 1003 1653 arescere,
1019 1578 1086 1635 item
1100 1593 1152 1634 no·

164 1661 259 1720 roilas
273 1662 339 1719 vitis
354 1662 415 1720 eius
430 1670 508 1721 tactu
519 1662 547 1719 iu
563 1657 733 1738 perpetium
748 1660 834 1735 laedi,
848 1670 905 1720 tum
921 1670 1010 1720 rutam
1022 1668 1050 1718 et
1064 1658 1152 1724 hede-

164 1762 224 1805 ram
239 1763 287 1804 res
300 1743 535 1805 medicatissimas
549 1744 616 1804 ilico
630 1748 711 1804 mori.
731 1744 818 1804 hiulta
833 1742 954 1802 diximus
968 1743 1003 1802 de
1018 1742 1073 1801 hac
1088 1745 1151 1801 vio·

122 1828 265 1901 tolentia,
280 1827 334 1885 sed
351 1837 467 1904 praeter
480 1828 530 1887 illa
548 1837 656 1887 certum
674 1838 718 1887 cst
732 1828 794 1905 apis
809 1828 893 1886 tactis
908 1826 1022 1888 alvariis
1037 1826 1151 1903 lugere,

165 1912 239 1982 lina,
257 1928 320 1969 cnm
336 1920 510 1988 coquantur,
526 1913 710 1988 nigrescere,
734 1911 825 1969 aciem
845 1912 872 1969 in
893 1910 990 1970 cultris
1005 1919 1188 1972 tonsorumao

165 1993 307 2067 hebetari,
323 2010 374 2052 aes
390 2003 523 2053 contactu
535 2012 626 2070 grave
647 1996 725 2053 virus
748 1994 847 2053 odoris
865 1994 999 2072 accipere
1020 2002 1048 2052 ct
1069 2010 1152 2052 aeru-

163 2076 272 2152 ginem,
290 2076 383 2151 magis
397 2076 421 2134 si
437 2076 643 2136 descrescentc
658 2078 724 2137 luna
742 2078 769 2137 id
785 2077 912 2152 accidat,
930 2094 1035 2153 equas,
1053 2076 1079 2134 si
1096 2077 1154 2134 sint

162 2156 313 2234 grauidae,
325 2158 554 2218 tactasabortum
567 2160 635 2236 pati,
651 2162 755 2237 quinet
767 2160 905 2238 adspectu
918 2160 1043 2234 omnino,
1056 2176 1152 2235 quam-

163 2242 210 2300 uis
224 2242 328 2317 procul
344 2243 437 2316 visas,
452 2243 476 2301 si
493 2244 693 2320 purgatioilla
711 2253 778 2321 post
797 2245 987 2320 virginitatem
1008 2244 1097 2320 prima
1116 2243 1174 2300 sit*

122 2332 216 2388 80aut
230 2325 258 2382 in
273 2326 385 2405 virgine
401 2326 504 2385 aetatis
515 2335 630 2404 sponte.
652 2344 715 2385 narn
727 2326 852 2385 bitumen
867 2328 895 2385 in
909 2326 1013 2385 ludaca
1029 2342 1187 2387 nascensas

141 2429 159 2467 τ,
172 2426 197 2460 c
214 2407 277 2466 sola
296 2406 350 2466 hac
370 2408 399 2466 vi
420 2411 549 2487 superari
571 2409 623 2468 lilo
640 2412 730 2469 vestis
752 2419 901 2469 contactae
923 2408 1081 2469 docuimus.
1116 2426 1153 2467 ne

165 2491 225 2565 igni
240 2490 354 2567 quidem
369 2493 491 2551 vincitur
504 2509 561 2570 quo
576 2502 695 2569 cuncta,
718 2494 849 2572 cinisque
867 2495 950 2552 etiam
967 2492 1031 2568 ille,
1048 2492 1073 2551 si
1089 2493 1153 2569 quis

124 2636 126 2640 ,
165 2573 323 2651 adspergat
335 2574 463 2634 lavandis
474 2574 613 2650 vestibus,
628 2595 769 2656 purpuras
779 2586 876 2651 mutat,
893 2577 992 2636 liorem
1004 2574 1154 2634 coloribus

165 2657 272 2715 adimit.
295 2675 332 2716 ne
348 2658 419 2734 ipsis
433 2657 546 2736 quidem
563 2658 674 2719 feminis
690 2660 765 2720 malo
784 2679 835 2720 suc
851 2663 924 2720 inter
946 2677 977 2718 se
994 2658 1153 2717 inmunibus

164 2739 283 2800 abortus
298 2740 367 2799 iacit
387 2740 482 2815 inlitu,
505 2751 552 2801 aut
574 2744 599 2802 si
614 2746 727 2803 omnino
744 2761 886 2821 praegnas
907 2742 1150 2820 supergrediatur.
1162 2760 1188 2803 tc

123 2830 157 2885 ot
168 2839 245 2901 quae
261 2823 327 2882 Lais
344 2832 373 2881 et
387 2823 556 2901 Elephantis
576 2828 651 2885 inter
669 2845 701 2887 sc
719 2828 861 2887 contraria
878 2826 1032 2905 prodidere
1048 2825 1084 2885 de
1104 2824 1152 2883 ab·

166 2908 276 2982 ortivis,
293 2906 419 2966 carbone
438 2925 455 2965 e
470 2907 568 2967 radice
583 2909 731 2969 brassicae
744 2910 792 2969 vel
806 2912 888 2984 myrti
904 2909 951 2969 uel
966 2908 1110 2967 tamaricis
1125 2908 1153 2965 in

166 3006 203 3049 eo
218 2991 358 3066 sanguino
372 2992 531 3067 exstincto,
554 2995 680 3071 itemque
703 2994 797 3052 asinas
819 3002 861 3053 tot
883 2994 963 3053 annis
983 3008 1039 3050 non
1056 2990 1152 3049 conci·

166 3090 239 3151 pere
254 3082 324 3149 quot
344 3091 434 3150 grana
455 3074 557 3134 hordei
573 3085 704 3136 contacta
725 3074 847 3151 ederint,
866 3092 996 3154 quaeque
1013 3073 1068 3133 alia
1084 3089 1152 3131 nun-

167 3172 314 3233 cupavere
335 3158 510 3217 monstrifica
529 3166 577 3216 aut
598 3160 673 3217 inter
693 3162 771 3238 ipsas
791 3160 962 3237 pugnantia,
993 3174 1056 3215 cum
1078 3156 1189 3219 haecce

165 3238 370 3300 iocunditatem
386 3242 449 3299 lieri
464 3241 565 3301 iisdem
584 3241 676 3301 modis
693 3241 794 3322 quibus
810 3242 986 3301 sterilitatem
1005 3240 1053 3299 illa
1069 3256 1154 3317 prae·

122 3331 159 3387 82
169 3323 319 3401 nuntiaret,
337 3323 438 3385 melius
454 3333 568 3389 estnon
581 3325 712 3385 credere.
742 3324 839 3385 bithus
856 3323 1049 3385 Durrachinus
1063 3322 1154 3381 hebe-

165 3413 224 3465 tata
238 3406 378 3485 adspectu
398 3408 518 3488 specula
536 3408 670 3487 recipere
685 3409 805 3469 nitorem
827 3409 913 3470 tradit
929 3406 1029 3467 iisdem
1049 3422 1155 3467 avorsa
