<?xml version="1.0" encoding="UTF-8"?>
<!DOCTYPE html PUBLIC "-//W3C//DTD XHTML 1.0 Transitional//EN"
    "http://www.w3.org/TR/xhtml1/DTD/xhtml1-transitional.dtd">
<html xmlns="http://www.w3.org/1999/xhtml" xml:lang="en" lang="en">
 <head>
  <title>
</title>
<meta http-equiv="Content-Type" content="text/html;charset=utf-8" />
  <meta name='ocr-system' content='tesseract 3.04.00' />
  <meta name='ocr-capabilities' content='ocr_page ocr_carea ocr_par ocr_line ocrx_word'/>
</head>
<body>
  <div class='ocr_page' id='page_1' title='image "./cplinisecundina24plingoog_0209.png"; bbox 0 0 2484 3817; ppageno 0'>
   <div class='ocr_carea' id='block_1_1' title="bbox 202 134 1182 249">
    <p class='ocr_par' dir='ltr' id='par_1_1' title="bbox 202 134 1182 249">
     <span class='ocr_line' id='line_1_1' title="bbox 202 134 1182 249; baseline 0.01 -21"><span class='ocrx_word' id='word_1_1' title='bbox 202 212 211 227; x_wconf 90' lang='lat'><strong>.</strong></span> <span class='ocrx_word' id='word_1_2' title='bbox 301 178 881 249; x_wconf 66' lang='lat' dir='ltr'>nnr.n1sr.xxvn.c-7.(2o—28.)</span> <span class='ocrx_word' id='word_1_3' title='bbox 1019 176 1079 238; x_wconf 79' lang='lat'>137</span> <span class='ocrx_word' id='word_1_4' title='bbox 1179 134 1182 141; x_wconf 24' lang='grc' dir='ltr'>Ι</span> 
     </span>
    </p>
   </div>
   <div class='ocr_carea' id='block_1_2' title="bbox 9 335 1204 3503">
    <p class='ocr_par' dir='ltr' id='par_1_2' title="bbox 87 335 1080 651">
     <span class='ocr_line' id='line_1_2' title="bbox 149 335 1078 421; baseline 0.006 -24"><span class='ocrx_word' id='word_1_5' title='bbox 149 337 237 417; x_wconf 82' lang='lat'><strong>(26.)</strong></span> <span class='ocrx_word' id='word_1_6' title='bbox 257 335 368 399; x_wconf 75' lang='lat' dir='ltr'>Actaea</span> <span class='ocrx_word' id='word_1_7' title='bbox 383 339 466 415; x_wconf 80' lang='lat' dir='ltr'>gravi</span> <span class='ocrx_word' id='word_1_8' title='bbox 480 338 614 399; x_wconf 86' lang='lat' dir='ltr'>loliorum</span> <span class='ocrx_word' id='word_1_9' title='bbox 630 340 739 417; x_wconf 89' lang='lat' dir='ltr'>odore,</span> <span class='ocrx_word' id='word_1_10' title='bbox 756 340 885 403; x_wconf 89' lang='lat' dir='ltr'>caulibus</span> <span class='ocrx_word' id='word_1_11' title='bbox 900 344 1013 421; x_wconf 88' lang='lat' dir='ltr'>asperis</span> <span class='ocrx_word' id='word_1_12' title='bbox 1027 358 1078 419; x_wconf 70' lang='lat' dir='ltr'>gc</span> 
     </span>
     <span class='ocr_line' id='line_1_3' title="bbox 88 422 1080 502; baseline 0.003 -19"><span class='ocrx_word' id='word_1_13' title='bbox 88 423 239 497; x_wconf 84' lang='lat' dir='ltr'>niculatis,</span> <span class='ocrx_word' id='word_1_14' title='bbox 257 423 367 481; x_wconf 89' lang='lat' dir='ltr'>semine</span> <span class='ocrx_word' id='word_1_15' title='bbox 381 424 467 499; x_wconf 84' lang='lat' dir='ltr'>nigro</span> <span class='ocrx_word' id='word_1_16' title='bbox 481 432 513 482; x_wconf 92' lang='lat' dir='ltr'>ut</span> <span class='ocrx_word' id='word_1_17' title='bbox 527 422 672 501; x_wconf 75' lang='lat' dir='ltr'>hederae,</span> <span class='ocrx_word' id='word_1_18' title='bbox 685 423 767 485; x_wconf 87' lang='lat' dir='ltr'>bacis</span> <span class='ocrx_word' id='word_1_19' title='bbox 783 424 935 502; x_wconf 86' lang='lat' dir='ltr'>mollibus,</span> <span class='ocrx_word' id='word_1_20' title='bbox 954 429 1080 487; x_wconf 87' lang='lat' dir='ltr'>nascitur</span> 
     </span>
     <span class='ocr_line' id='line_1_4' title="bbox 87 506 1078 651; baseline 0.004 -84"><span class='ocrx_word' id='word_1_21' title='bbox 87 509 131 651; x_wconf 68' lang='lat' dir='ltr'>ippb</span> <span class='ocrx_word' id='word_1_22' title='bbox 129 508 233 648; x_wconf 73' lang='lat' dir='ltr'>upupis</span> <span class='ocrx_word' id='word_1_23' title='bbox 245 509 364 605; x_wconf 33' lang='lat' dir='ltr'>‘asperis</span> <span class='ocrx_word' id='word_1_24' title='bbox 378 506 563 647; x_wconf 67' lang='lat' dir='ltr'>aqupsisque.</span> <span class='ocrx_word' id='word_1_25' title='bbox 593 507 677 569; x_wconf 87' lang='lat' dir='ltr'>datur</span> <span class='ocrx_word' id='word_1_26' title='bbox 692 507 844 569; x_wconf 90' lang='lat' dir='ltr'>acetabulo</span> <span class='ocrx_word' id='word_1_27' title='bbox 861 508 949 588; x_wconf 90' lang='lat' dir='ltr'>pleno</span> <span class='ocrx_word' id='word_1_28' title='bbox 961 510 1078 571; x_wconf 86' lang='lat' dir='ltr'>interic-</span> 
     </span>
    </p>

    <p class='ocr_par' dir='ltr' id='par_1_3' title="bbox 132 606 485 650">
     <span class='ocr_line' id='line_1_5' title="bbox 132 606 485 650; baseline -0.003 0"><span class='ocrx_word' id='word_1_29' title='bbox 132 609 167 650; x_wconf 94' lang='lat' dir='ltr'>us</span> <span class='ocrx_word' id='word_1_30' title='bbox 198 606 352 648; x_wconf 85' lang='lat' dir='ltr'>emrnarnm</span> <span class='ocrx_word' id='word_1_31' title='bbox 366 606 429 649; x_wconf 92' lang='lat' dir='ltr'>mor</span> <span class='ocrx_word' id='word_1_32' title='bbox 449 608 485 649; x_wconf 89' lang='lat' dir='ltr'>rs.</span> 
     </span>
    </p>

    <p class='ocr_par' dir='ltr' id='par_1_4' title="bbox 63 671 1121 1083">
     <span class='ocr_line' id='line_1_6' title="bbox 63 671 1121 751; baseline 0.011 -24"><span class='ocrx_word' id='word_1_33' title='bbox 63 688 76 727; x_wconf 81' lang='lat' dir='ltr'>a</span> <span class='ocrx_word' id='word_1_34' title='bbox 150 672 237 751; x_wconf 81' lang='lat'><strong>(27.)</strong></span> <span class='ocrx_word' id='word_1_35' title='bbox 258 671 402 751; x_wconf 76' lang='lat' dir='ltr'>Ampelos</span> <span class='ocrx_word' id='word_1_36' title='bbox 430 673 509 750; x_wconf 87' lang='lat' dir='ltr'>agria</span> <span class='ocrx_word' id='word_1_37' title='bbox 534 682 656 734; x_wconf 80' lang='lat' dir='ltr'>vocatur</span> <span class='ocrx_word' id='word_1_38' title='bbox 677 674 768 736; x_wconf 91' lang='lat' dir='ltr'>herba</span> <span class='ocrx_word' id='word_1_39' title='bbox 794 675 873 735; x_wconf 80' lang='lat' dir='ltr'>loliis</span> <span class='ocrx_word' id='word_1_40' title='bbox 894 673 971 735; x_wconf 89' lang='lat' dir='ltr'>duris</span> <span class='ocrx_word' id='word_1_41' title='bbox 998 678 1121 739; x_wconf 79' lang='lat' dir='ltr'>ciue-44</span> 
     </span>
     <span class='ocr_line' id='line_1_7' title="bbox 87 756 1120 835; baseline -0.006 -17"><span class='ocrx_word' id='word_1_42' title='bbox 87 759 167 818; x_wconf 89' lang='lat' dir='ltr'>racei</span> <span class='ocrx_word' id='word_1_43' title='bbox 180 756 303 831; x_wconf 88' lang='lat' dir='ltr'>coloris,</span> <span class='ocrx_word' id='word_1_44' title='bbox 318 756 434 833; x_wconf 87' lang='lat' dir='ltr'>qualem</span> <span class='ocrx_word' id='word_1_45' title='bbox 445 757 474 814; x_wconf 93' lang='lat' dir='ltr'>in</span> <span class='ocrx_word' id='word_1_46' title='bbox 489 757 559 815; x_wconf 85' lang='lat' dir='ltr'>satis</span> <span class='ocrx_word' id='word_1_47' title='bbox 568 756 698 834; x_wconf 77' lang='lat' dir='ltr'>diximus,</span> <span class='ocrx_word' id='word_1_48' title='bbox 715 758 841 818; x_wconf 87' lang='lat' dir='ltr'>viticulis</span> <span class='ocrx_word' id='word_1_49' title='bbox 856 758 961 835; x_wconf 88' lang='lat' dir='ltr'>longis,</span> <span class='ocrx_word' id='word_1_50' title='bbox 978 759 1036 819; x_wconf 88' lang='lat' dir='ltr'>cul·</span> <span class='ocrx_word' id='word_1_51' title='bbox 1052 778 1084 820; x_wconf 81' lang='lat' dir='ltr'>rr.</span> <span class='ocrx_word' id='word_1_52' title='bbox 1098 778 1120 813; x_wconf 81' lang='lat' dir='ltr'>o</span> 
     </span>
     <span class='ocr_line' id='line_1_8' title="bbox 87 837 1078 921; baseline 0 -20"><span class='ocrx_word' id='word_1_53' title='bbox 87 841 176 917; x_wconf 85' lang='lat' dir='ltr'>lusis,</span> <span class='ocrx_word' id='word_1_54' title='bbox 194 837 381 913; x_wconf 84' lang='lat' dir='ltr'>rubentibus,</span> <span class='ocrx_word' id='word_1_55' title='bbox 399 839 523 917; x_wconf 90' lang='lat' dir='ltr'>qualiter</span> <span class='ocrx_word' id='word_1_56' title='bbox 537 841 593 900; x_wconf 86' lang='lat' dir='ltr'>dos</span> <span class='ocrx_word' id='word_1_57' title='bbox 608 857 694 918; x_wconf 89' lang='lat' dir='ltr'>quem</span> <span class='ocrx_word' id='word_1_58' title='bbox 717 840 794 901; x_wconf 89' lang='lat' dir='ltr'>loris</span> <span class='ocrx_word' id='word_1_59' title='bbox 817 841 955 901; x_wconf 86' lang='lat' dir='ltr'>dammam</span> <span class='ocrx_word' id='word_1_60' title='bbox 978 841 1078 921; x_wconf 86' lang='lat' dir='ltr'>appel·</span> 
     </span>
     <span class='ocr_line' id='line_1_9' title="bbox 86 923 1074 985; baseline -0.001 -1"><span class='ocrx_word' id='word_1_61' title='bbox 86 925 187 984; x_wconf 88' lang='lat' dir='ltr'>lamus.</span> <span class='ocrx_word' id='word_1_62' title='bbox 220 924 251 981; x_wconf 91' lang='lat' dir='ltr'>in</span> <span class='ocrx_word' id='word_1_63' title='bbox 267 923 362 983; x_wconf 87' lang='lat' dir='ltr'>uvolis</span> <span class='ocrx_word' id='word_1_64' title='bbox 375 923 433 982; x_wconf 89' lang='lat' dir='ltr'>lert</span> <span class='ocrx_word' id='word_1_65' title='bbox 448 940 547 983; x_wconf 91' lang='lat' dir='ltr'>semen</span> <span class='ocrx_word' id='word_1_66' title='bbox 562 925 654 984; x_wconf 92' lang='lat' dir='ltr'>simile</span> <span class='ocrx_word' id='word_1_67' title='bbox 672 923 769 985; x_wconf 88' lang='lat' dir='ltr'>Punici</span> <span class='ocrx_word' id='word_1_68' title='bbox 783 926 850 985; x_wconf 91' lang='lat' dir='ltr'>mali</span> <span class='ocrx_word' id='word_1_69' title='bbox 864 926 965 985; x_wconf 87' lang='lat' dir='ltr'>acinis.</span> <span class='ocrx_word' id='word_1_70' title='bbox 992 924 1074 984; x_wconf 82' lang='lat' dir='ltr'>radix</span> 
     </span>
     <span class='ocr_line' id='line_1_10' title="bbox 87 1006 1079 1083; baseline -0.001 -16"><span class='ocrx_word' id='word_1_71' title='bbox 87 1010 147 1067; x_wconf 90' lang='lat' dir='ltr'>eins</span> <span class='ocrx_word' id='word_1_72' title='bbox 164 1006 293 1067; x_wconf 87' lang='lat' dir='ltr'>decocta</span> <span class='ocrx_word' id='word_1_73' title='bbox 309 1008 338 1065; x_wconf 89' lang='lat' dir='ltr'>iu</span> <span class='ocrx_word' id='word_1_74' title='bbox 352 1022 444 1083; x_wconf 90' lang='lat' dir='ltr'>aquae</span> <span class='ocrx_word' id='word_1_75' title='bbox 461 1007 572 1081; x_wconf 73' lang='lat' dir='ltr'>cyathis</span> <span class='ocrx_word' id='word_1_76' title='bbox 586 1009 688 1083; x_wconf 88' lang='lat' dir='ltr'>ternis,</span> <span class='ocrx_word' id='word_1_77' title='bbox 705 1008 809 1069; x_wconf 90' lang='lat' dir='ltr'>additis</span> <span class='ocrx_word' id='word_1_78' title='bbox 824 1010 883 1068; x_wconf 85' lang='lat' dir='ltr'>vini</span> <span class='ocrx_word' id='word_1_79' title='bbox 901 1007 955 1068; x_wconf 81' lang='lat' dir='ltr'>Coi</span> <span class='ocrx_word' id='word_1_80' title='bbox 969 1006 1079 1082; x_wconf 72' lang='lat' dir='ltr'>cyathis</span> 
     </span>
    </p>

    <p class='ocr_par' dir='ltr' id='par_1_5' title="bbox 58 1089 1079 1402">
     <span class='ocr_line' id='line_1_11' title="bbox 58 1089 1078 1171; baseline 0 -20"><span class='ocrx_word' id='word_1_81' title='bbox 58 1089 214 1166; x_wconf 84' lang='lat' dir='ltr'>¹⁰dnobns,</span> <span class='ocrx_word' id='word_1_82' title='bbox 233 1090 328 1149; x_wconf 85' lang='lat' dir='ltr'>alvom</span> <span class='ocrx_word' id='word_1_83' title='bbox 344 1089 432 1149; x_wconf 84' lang='lat' dir='ltr'>solrit</span> <span class='ocrx_word' id='word_1_84' title='bbox 445 1089 549 1150; x_wconf 88' lang='lat' dir='ltr'>leniter</span> <span class='ocrx_word' id='word_1_85' title='bbox 562 1092 689 1168; x_wconf 90' lang='lat' dir='ltr'>ideoque</span> <span class='ocrx_word' id='word_1_86' title='bbox 706 1092 874 1171; x_wconf 76' lang='lat' dir='ltr'>hydropicis</span> <span class='ocrx_word' id='word_1_87' title='bbox 888 1092 979 1151; x_wconf 89' lang='lat' dir='ltr'>datur.</span> <span class='ocrx_word' id='word_1_88' title='bbox 1008 1108 1078 1151; x_wconf 85' lang='lat' dir='ltr'>uvo-</span> 
     </span>
     <span class='ocr_line' id='line_1_12' title="bbox 86 1173 1078 1252; baseline -0.003 -17"><span class='ocrx_word' id='word_1_89' title='bbox 86 1173 216 1235; x_wconf 75' lang='lat' dir='ltr'>laetitia</span> <span class='ocrx_word' id='word_1_90' title='bbox 232 1175 348 1233; x_wconf 90' lang='lat' dir='ltr'>cutisiu</span> <span class='ocrx_word' id='word_1_91' title='bbox 368 1173 443 1233; x_wconf 87' lang='lat' dir='ltr'>laeie</span> <span class='ocrx_word' id='word_1_92' title='bbox 457 1173 607 1233; x_wconf 82' lang='lat' dir='ltr'>mulierum</span> <span class='ocrx_word' id='word_1_93' title='bbox 625 1174 784 1235; x_wconf 87' lang='lat' dir='ltr'>emendant.</span> <span class='ocrx_word' id='word_1_94' title='bbox 813 1174 988 1235; x_wconf 76' lang='lat' dir='ltr'><strong>ischiadicos</strong></span> <span class='ocrx_word' id='word_1_95' title='bbox 1008 1190 1078 1252; x_wconf 88' lang='lat' dir='ltr'>quo-</span> 
     </span>
     <span class='ocr_line' id='line_1_13' title="bbox 86 1254 1079 1337; baseline -0.002 -18"><span class='ocrx_word' id='word_1_96' title='bbox 86 1276 141 1337; x_wconf 90' lang='lat' dir='ltr'>que</span> <span class='ocrx_word' id='word_1_97' title='bbox 165 1258 208 1317; x_wconf 88' lang='lat' dir='ltr'>nti</span> <span class='ocrx_word' id='word_1_98' title='bbox 234 1254 291 1317; x_wconf 91' lang='lat' dir='ltr'>hac</span> <span class='ocrx_word' id='word_1_99' title='bbox 312 1255 403 1317; x_wconf 89' lang='lat' dir='ltr'>herba</span> <span class='ocrx_word' id='word_1_100' title='bbox 430 1257 553 1336; x_wconf 90' lang='lat' dir='ltr'>prodest</span> <span class='ocrx_word' id='word_1_101' title='bbox 577 1266 660 1318; x_wconf 91' lang='lat' dir='ltr'>tunsa</span> <span class='ocrx_word' id='word_1_102' title='bbox 681 1274 743 1319; x_wconf 83' lang='lat' dir='ltr'>cunr</span> <span class='ocrx_word' id='word_1_103' title='bbox 763 1258 842 1319; x_wconf 88' lang='lat' dir='ltr'>loliis</span> <span class='ocrx_word' id='word_1_104' title='bbox 865 1268 895 1319; x_wconf 87' lang='lat' dir='ltr'>et</span> <span class='ocrx_word' id='word_1_105' title='bbox 915 1258 994 1319; x_wconf 88' lang='lat' dir='ltr'>inlita</span> <span class='ocrx_word' id='word_1_106' title='bbox 1015 1274 1079 1317; x_wconf 88' lang='lat' dir='ltr'>cnm</span> 
     </span>
     <span class='ocr_line' id='line_1_14' title="bbox 86 1356 237 1402; baseline -0.02 -1"><span class='ocrx_word' id='word_1_107' title='bbox 86 1358 155 1402; x_wconf 89' lang='lat' dir='ltr'>suco</span> <span class='ocrx_word' id='word_1_108' title='bbox 171 1356 237 1401; x_wconf 90' lang='lat' dir='ltr'>sno.</span> 
     </span>
    </p>

    <p class='ocr_par' dir='ltr' id='par_1_6' title="bbox 147 1421 1119 1505">
     <span class='ocr_line' id='line_1_15' title="bbox 147 1421 1119 1505; baseline 0.002 -22"><span class='ocrx_word' id='word_1_109' title='bbox 147 1423 236 1502; x_wconf 81' lang='lat'><strong>(28.)</strong></span> <span class='ocrx_word' id='word_1_110' title='bbox 259 1421 392 1483; x_wconf 76' lang='lat' dir='ltr'>Absinthi</span> <span class='ocrx_word' id='word_1_111' title='bbox 406 1441 514 1501; x_wconf 82' lang='lat' dir='ltr'>genera</span> <span class='ocrx_word' id='word_1_112' title='bbox 530 1423 613 1503; x_wconf 89' lang='lat' dir='ltr'>plura</span> <span class='ocrx_word' id='word_1_113' title='bbox 636 1434 715 1485; x_wconf 89' lang='lat' dir='ltr'>sunt:</span> <span class='ocrx_word' id='word_1_114' title='bbox 738 1426 923 1487; x_wconf 84' lang='lat' dir='ltr'>Santonicum</span> <span class='ocrx_word' id='word_1_115' title='bbox 945 1423 1119 1505; x_wconf 77' lang='lat' dir='ltr'>appella-45</span> 
     </span>
    </p>

    <p class='ocr_par' dir='ltr' id='par_1_7' title="bbox 59 1505 1202 1834">
     <span class='ocr_line' id='line_1_16' title="bbox 59 1505 1077 1587; baseline 0.002 -23"><span class='ocrx_word' id='word_1_116' title='bbox 59 1518 131 1569; x_wconf 84' lang='lat' dir='ltr'>ntur</span> <span class='ocrx_word' id='word_1_117' title='bbox 151 1527 169 1569; x_wconf 92' lang='lat' dir='ltr'>e</span> <span class='ocrx_word' id='word_1_118' title='bbox 189 1505 457 1587; x_wconf 72' lang='lat' dir='ltr'>Galliae⁸ciritate,</span> <span class='ocrx_word' id='word_1_119' title='bbox 480 1508 629 1568; x_wconf 81' lang='lat' dir='ltr'>Ponticum</span> <span class='ocrx_word' id='word_1_120' title='bbox 650 1527 667 1569; x_wconf 90' lang='lat' dir='ltr'>e</span> <span class='ocrx_word' id='word_1_121' title='bbox 684 1509 794 1584; x_wconf 85' lang='lat' dir='ltr'>Ponto,</span> <span class='ocrx_word' id='word_1_122' title='bbox 815 1509 864 1568; x_wconf 93' lang='lat' dir='ltr'>ubi</span> <span class='ocrx_word' id='word_1_123' title='bbox 886 1526 994 1586; x_wconf 89' lang='lat' dir='ltr'>pecora</span> <span class='ocrx_word' id='word_1_124' title='bbox 1015 1510 1077 1587; x_wconf 91' lang='lat' dir='ltr'>pin·</span> 
     </span>
     <span class='ocr_line' id='line_1_17' title="bbox 86 1589 1078 1672; baseline -0.003 -19"><span class='ocrx_word' id='word_1_125' title='bbox 86 1600 230 1669; x_wconf 88' lang='lat' dir='ltr'>guescnnt</span> <span class='ocrx_word' id='word_1_126' title='bbox 250 1590 303 1649; x_wconf 95' lang='lat' dir='ltr'>illo</span> <span class='ocrx_word' id='word_1_127' title='bbox 322 1599 353 1649; x_wconf 87' lang='lat' dir='ltr'>et</span> <span class='ocrx_word' id='word_1_128' title='bbox 373 1589 411 1650; x_wconf 93' lang='lat' dir='ltr'>ob</span> <span class='ocrx_word' id='word_1_129' title='bbox 432 1590 461 1651; x_wconf 91' lang='lat' dir='ltr'>id</span> <span class='ocrx_word' id='word_1_130' title='bbox 483 1593 550 1651; x_wconf 64' lang='lat' dir='ltr'>sine*</span> <span class='ocrx_word' id='word_1_131' title='bbox 569 1591 641 1651; x_wconf 78' lang='lat' dir='ltr'>felle</span> <span class='ocrx_word' id='word_1_132' title='bbox 662 1593 858 1672; x_wconf 88' lang='lat' dir='ltr'>reperiuntur,</span> <span class='ocrx_word' id='word_1_133' title='bbox 883 1610 978 1669; x_wconf 88' lang='lat' dir='ltr'>neque</span> <span class='ocrx_word' id='word_1_134' title='bbox 1001 1590 1078 1651; x_wconf 91' lang='lat' dir='ltr'>aliud</span> 
     </span>
     <span class='ocr_line' id='line_1_18' title="bbox 86 1673 1202 1755; baseline -0.004 -19"><span class='ocrx_word' id='word_1_135' title='bbox 86 1674 295 1755; x_wconf 68' lang='lat' dir='ltr'>praestantius,</span> <span class='ocrx_word' id='word_1_136' title='bbox 309 1673 457 1753; x_wconf 87' lang='lat' dir='ltr'>multoque</span> <span class='ocrx_word' id='word_1_137' title='bbox 471 1675 573 1735; x_wconf 88' lang='lat' dir='ltr'>ltalioo</span> <span class='ocrx_word' id='word_1_138' title='bbox 594 1676 732 1749; x_wconf 89' lang='lat' dir='ltr'>amarius,</span> <span class='ocrx_word' id='word_1_139' title='bbox 753 1675 806 1734; x_wconf 91' lang='lat' dir='ltr'>sed</span> <span class='ocrx_word' id='word_1_140' title='bbox 828 1673 954 1733; x_wconf 85' lang='lat' dir='ltr'>medulla</span> <span class='ocrx_word' id='word_1_141' title='bbox 968 1674 1079 1733; x_wconf 87' lang='lat' dir='ltr'>Pontici</span> <span class='ocrx_word' id='word_1_142' title='bbox 1198 1747 1202 1753; x_wconf 84' lang='lat'><strong><em>.</em></strong></span> 
     </span>
     <span class='ocr_line' id='line_1_19' title="bbox 87 1756 1079 1834; baseline -0.006 -15"><span class='ocrx_word' id='word_1_143' title='bbox 87 1758 188 1819; x_wconf 90' lang='lat' dir='ltr'>duleis.</span> <span class='ocrx_word' id='word_1_144' title='bbox 219 1757 258 1817; x_wconf 90' lang='lat' dir='ltr'>de</span> <span class='ocrx_word' id='word_1_145' title='bbox 278 1775 331 1817; x_wconf 92' lang='lat' dir='ltr'>usu</span> <span class='ocrx_word' id='word_1_146' title='bbox 346 1758 409 1817; x_wconf 88' lang='lat' dir='ltr'>eius</span> <span class='ocrx_word' id='word_1_147' title='bbox 424 1759 575 1834; x_wconf 88' lang='lat' dir='ltr'>convenit,</span> <span class='ocrx_word' id='word_1_148' title='bbox 593 1756 704 1827; x_wconf 82' lang='lat' dir='ltr'>herbae</span> <span class='ocrx_word' id='word_1_149' title='bbox 724 1757 879 1817; x_wconf 78' lang='lat' dir='ltr'>facillimae</span> <span class='ocrx_word' id='word_1_150' title='bbox 900 1764 986 1834; x_wconf 90' lang='lat' dir='ltr'>atque</span> <span class='ocrx_word' id='word_1_151' title='bbox 1004 1757 1079 1815; x_wconf 90' lang='lat' dir='ltr'>inter</span> 
     </span>
    </p>

    <p class='ocr_par' dir='ltr' id='par_1_8' title="bbox 41 1835 1079 2086">
     <span class='ocr_line' id='line_1_20' title="bbox 41 1835 1079 1920; baseline -0.006 -17"><span class='ocrx_word' id='word_1_152' title='bbox 41 1845 46 1864; x_wconf 80' lang='lat'><strong>⁴</strong></span> <span class='ocrx_word' id='word_1_153' title='bbox 87 1859 196 1920; x_wconf 84' lang='lat' dir='ltr'>pancas</span> <span class='ocrx_word' id='word_1_154' title='bbox 211 1840 395 1918; x_wconf 72' lang='lat' dir='ltr'>utilissimae,</span> <span class='ocrx_word' id='word_1_155' title='bbox 416 1850 571 1920; x_wconf 87' lang='lat' dir='ltr'>praeterea</span> <span class='ocrx_word' id='word_1_156' title='bbox 587 1842 680 1900; x_wconf 90' lang='lat' dir='ltr'>sacris</span> <span class='ocrx_word' id='word_1_157' title='bbox 695 1839 796 1918; x_wconf 89' lang='lat' dir='ltr'>populi</span> <span class='ocrx_word' id='word_1_158' title='bbox 811 1840 932 1901; x_wconf 81' lang='lat' dir='ltr'>Romani</span> <span class='ocrx_word' id='word_1_159' title='bbox 949 1835 1079 1898; x_wconf 87' lang='lat' dir='ltr'>celebra·</span> 
     </span>
     <span class='ocr_line' id='line_1_21' title="bbox 57 1921 1079 2002; baseline 0 -23"><span class='ocrx_word' id='word_1_160' title='bbox 57 1934 138 1984; x_wconf 79' lang='lat' dir='ltr'>notae</span> <span class='ocrx_word' id='word_1_161' title='bbox 156 1924 361 2002; x_wconf 71' lang='lat' dir='ltr'>peculiariter,</span> <span class='ocrx_word' id='word_1_162' title='bbox 386 1924 527 2001; x_wconf 87' lang='lat' dir='ltr'>siquidem</span> <span class='ocrx_word' id='word_1_163' title='bbox 547 1922 707 1983; x_wconf 86' lang='lat' dir='ltr'>Latinarum</span> <span class='ocrx_word' id='word_1_164' title='bbox 728 1923 809 1982; x_wconf 79' lang='lat' dir='ltr'>feriis</span> <span class='ocrx_word' id='word_1_165' title='bbox 835 1921 993 2001; x_wconf 78' lang='lat' dir='ltr'>quadrigae</span> <span class='ocrx_word' id='word_1_166' title='bbox 1016 1938 1079 1980; x_wconf 90' lang='lat' dir='ltr'>cer·</span> 
     </span>
     <span class='ocr_line' id='line_1_22' title="bbox 92 2006 1079 2086; baseline -0.002 -19"><span class='ocrx_word' id='word_1_167' title='bbox 92 2015 151 2067; x_wconf 87' lang='lat' dir='ltr'>tant</span> <span class='ocrx_word' id='word_1_168' title='bbox 166 2008 196 2065; x_wconf 92' lang='lat' dir='ltr'>in</span> <span class='ocrx_word' id='word_1_169' title='bbox 209 2006 353 2086; x_wconf 78' lang='lat' dir='ltr'>Capitolio</span> <span class='ocrx_word' id='word_1_170' title='bbox 366 2008 519 2084; x_wconf 83' lang='lat' dir='ltr'>victorque</span> <span class='ocrx_word' id='word_1_171' title='bbox 533 2006 702 2067; x_wconf 86' lang='lat' dir='ltr'>absinthium</span> <span class='ocrx_word' id='word_1_172' title='bbox 717 2006 798 2083; x_wconf 88' lang='lat' dir='ltr'>bibit,</span> <span class='ocrx_word' id='word_1_173' title='bbox 815 2007 914 2081; x_wconf 88' lang='lat' dir='ltr'>oredo,</span> <span class='ocrx_word' id='word_1_174' title='bbox 931 2007 1079 2065; x_wconf 83' lang='lat' dir='ltr'>sanitatem</span> 
     </span>
    </p>

    <p class='ocr_par' dir='ltr' id='par_1_9' title="bbox 90 2088 1122 2170">
     <span class='ocr_line' id='line_1_23' title="bbox 90 2088 1122 2170; baseline 0 -19"><span class='ocrx_word' id='word_1_175' title='bbox 90 2091 288 2170; x_wconf 85' lang='lat' dir='ltr'>praemiodari</span> <span class='ocrx_word' id='word_1_176' title='bbox 303 2090 464 2151; x_wconf 84' lang='lat' dir='ltr'>honorilice</span> <span class='ocrx_word' id='word_1_177' title='bbox 474 2089 619 2150; x_wconf 88' lang='lat' dir='ltr'>arbitratis</span> <span class='ocrx_word' id='word_1_178' title='bbox 630 2090 795 2150; x_wconf 90' lang='lat' dir='ltr'>maioribus.</span> <span class='ocrx_word' id='word_1_179' title='bbox 818 2088 994 2149; x_wconf 87' lang='lat' dir='ltr'>stomachum</span> <span class='ocrx_word' id='word_1_180' title='bbox 1007 2104 1075 2148; x_wconf 90' lang='lat' dir='ltr'>con·</span> <span class='ocrx_word' id='word_1_181' title='bbox 1086 2096 1122 2151; x_wconf 82' lang='lat'>46</span> 
     </span>
    </p>

    <p class='ocr_par' dir='ltr' id='par_1_10' title="bbox 9 2173 1121 2670">
     <span class='ocr_line' id='line_1_24' title="bbox 9 2173 1121 2258; baseline -0.002 -25"><span class='ocrx_word' id='word_1_182' title='bbox 9 2219 10 2258; x_wconf 68' lang='lat'>,</span> <span class='ocrx_word' id='word_1_183' title='bbox 90 2173 224 2251; x_wconf 90' lang='lat' dir='ltr'>roborat,</span> <span class='ocrx_word' id='word_1_184' title='bbox 247 2183 276 2234; x_wconf 88' lang='lat' dir='ltr'>et</span> <span class='ocrx_word' id='word_1_185' title='bbox 289 2173 327 2233; x_wconf 95' lang='lat' dir='ltr'>ob</span> <span class='ocrx_word' id='word_1_186' title='bbox 342 2174 400 2233; x_wconf 90' lang='lat' dir='ltr'>hoc</span> <span class='ocrx_word' id='word_1_187' title='bbox 417 2190 505 2251; x_wconf 92' lang='lat' dir='ltr'>sapor</span> <span class='ocrx_word' id='word_1_188' title='bbox 521 2174 583 2233; x_wconf 92' lang='lat' dir='ltr'>eius</span> <span class='ocrx_word' id='word_1_189' title='bbox 599 2174 628 2232; x_wconf 90' lang='lat' dir='ltr'>iu</span> <span class='ocrx_word' id='word_1_190' title='bbox 645 2175 710 2234; x_wconf 86' lang='lat' dir='ltr'>uiua</span> <span class='ocrx_word' id='word_1_191' title='bbox 725 2173 904 2249; x_wconf 85' lang='lat' dir='ltr'>transfertur,</span> <span class='ocrx_word' id='word_1_192' title='bbox 920 2181 950 2232; x_wconf 91' lang='lat' dir='ltr'>ut</span> <span class='ocrx_word' id='word_1_193' title='bbox 966 2173 1037 2232; x_wconf 84' lang='lat' dir='ltr'>dixi·</span> <span class='ocrx_word' id='word_1_194' title='bbox 1047 2189 1075 2232; x_wconf 77' lang='lat' dir='ltr'>ss</span> <span class='ocrx_word' id='word_1_195' title='bbox 1087 2190 1121 2225; x_wconf 80' lang='lat' dir='ltr'>o·</span> 
     </span>
     <span class='ocr_line' id='line_1_25' title="bbox 91 2257 1078 2335; baseline -0.004 -18"><span class='ocrx_word' id='word_1_196' title='bbox 91 2275 159 2318; x_wconf 88' lang='lat' dir='ltr'>nus.</span> <span class='ocrx_word' id='word_1_197' title='bbox 188 2257 297 2317; x_wconf 89' lang='lat' dir='ltr'>bibitur</span> <span class='ocrx_word' id='word_1_198' title='bbox 310 2266 341 2316; x_wconf 91' lang='lat' dir='ltr'>et</span> <span class='ocrx_word' id='word_1_199' title='bbox 358 2258 508 2318; x_wconf 86' lang='lat' dir='ltr'>decoctum</span> <span class='ocrx_word' id='word_1_200' title='bbox 531 2274 657 2335; x_wconf 85' lang='lat' dir='ltr'>aquaso</span> <span class='ocrx_word' id='word_1_201' title='bbox 679 2266 783 2335; x_wconf 90' lang='lat' dir='ltr'>postea</span> <span class='ocrx_word' id='word_1_202' title='bbox 804 2266 892 2317; x_wconf 88' lang='lat' dir='ltr'>noete</span> <span class='ocrx_word' id='word_1_203' title='bbox 916 2265 944 2316; x_wconf 88' lang='lat' dir='ltr'>et</span> <span class='ocrx_word' id='word_1_204' title='bbox 964 2257 1010 2316; x_wconf 90' lang='lat' dir='ltr'>die</span> <span class='ocrx_word' id='word_1_205' title='bbox 1032 2272 1078 2314; x_wconf 86' lang='lat' dir='ltr'>rs·</span> 
     </span>
     <span class='ocr_line' id='line_1_26' title="bbox 61 2340 1079 2418; baseline 0.002 -23"><span class='ocrx_word' id='word_1_206' title='bbox 61 2341 257 2418; x_wconf 81' lang='lat' dir='ltr'>asirigeratum</span> <span class='ocrx_word' id='word_1_207' title='bbox 271 2340 326 2401; x_wconf 93' lang='lat' dir='ltr'>sub</span> <span class='ocrx_word' id='word_1_208' title='bbox 341 2341 402 2417; x_wconf 90' lang='lat' dir='ltr'>diu,</span> <span class='ocrx_word' id='word_1_209' title='bbox 424 2341 554 2401; x_wconf 90' lang='lat' dir='ltr'>decoctis</span> <span class='ocrx_word' id='word_1_210' title='bbox 574 2358 628 2400; x_wconf 84' lang='lat' dir='ltr'>sen</span> <span class='ocrx_word' id='word_1_211' title='bbox 642 2340 784 2401; x_wconf 86' lang='lat' dir='ltr'>drachmis</span> <span class='ocrx_word' id='word_1_212' title='bbox 800 2340 936 2401; x_wconf 83' lang='lat' dir='ltr'>foliorum</span> <span class='ocrx_word' id='word_1_213' title='bbox 951 2357 1015 2399; x_wconf 87' lang='lat' dir='ltr'>cum</span> <span class='ocrx_word' id='word_1_214' title='bbox 1034 2356 1079 2397; x_wconf 90' lang='lat' dir='ltr'>ra·</span> 
     </span>
     <span class='ocr_line' id='line_1_27' title="bbox 92 2420 1081 2503; baseline -0.005 -20"><span class='ocrx_word' id='word_1_215' title='bbox 92 2425 140 2484; x_wconf 90' lang='lat' dir='ltr'>mis</span> <span class='ocrx_word' id='word_1_216' title='bbox 155 2426 216 2484; x_wconf 90' lang='lat' dir='ltr'>suis</span> <span class='ocrx_word' id='word_1_217' title='bbox 230 2426 261 2483; x_wconf 91' lang='lat' dir='ltr'>in</span> <span class='ocrx_word' id='word_1_218' title='bbox 275 2425 411 2483; x_wconf 88' lang='lat' dir='ltr'>caelestis</span> <span class='ocrx_word' id='word_1_219' title='bbox 429 2441 520 2503; x_wconf 87' lang='lat' dir='ltr'>aquae</span> <span class='ocrx_word' id='word_1_220' title='bbox 537 2425 673 2483; x_wconf 89' lang='lat' dir='ltr'>sextariis</span> <span class='ocrx_word' id='word_1_221' title='bbox 689 2424 797 2499; x_wconf 92' lang='lat' dir='ltr'>tribus,</span> <span class='ocrx_word' id='word_1_222' title='bbox 814 2432 929 2501; x_wconf 87' lang='lat' dir='ltr'>oportet</span> <span class='ocrx_word' id='word_1_223' title='bbox 944 2432 974 2483; x_wconf 89' lang='lat' dir='ltr'>et</span> <span class='ocrx_word' id='word_1_224' title='bbox 988 2420 1081 2482; x_wconf 88' lang='lat' dir='ltr'>salem</span> 
     </span>
     <span class='ocr_line' id='line_1_28' title="bbox 92 2504 1080 2579; baseline -0.003 -13"><span class='ocrx_word' id='word_1_225' title='bbox 92 2507 163 2568; x_wconf 90' lang='lat' dir='ltr'>addi.</span> <span class='ocrx_word' id='word_1_226' title='bbox 192 2516 280 2567; x_wconf 85' lang='lat' dir='ltr'>retus</span> <span class='ocrx_word' id='word_1_227' title='bbox 301 2508 363 2567; x_wconf 91' lang='lat' dir='ltr'>sine</span> <span class='ocrx_word' id='word_1_228' title='bbox 378 2525 432 2568; x_wconf 92' lang='lat' dir='ltr'>usn</span> <span class='ocrx_word' id='word_1_229' title='bbox 445 2516 500 2567; x_wconf 90' lang='lat' dir='ltr'>est.</span> <span class='ocrx_word' id='word_1_230' title='bbox 532 2506 639 2566; x_wconf 85' lang='lat' dir='ltr'>bibitur</span> <span class='ocrx_word' id='word_1_231' title='bbox 662 2516 692 2567; x_wconf 87' lang='lat' dir='ltr'>et</span> <span class='ocrx_word' id='word_1_232' title='bbox 712 2506 864 2567; x_wconf 88' lang='lat' dir='ltr'>madefacti</span> <span class='ocrx_word' id='word_1_233' title='bbox 883 2506 1014 2579; x_wconf 87' lang='lat' dir='ltr'>dilutum,</span> <span class='ocrx_word' id='word_1_234' title='bbox 1041 2504 1080 2563; x_wconf 84' lang='lat' dir='ltr'>ita</span> 
     </span>
     <span class='ocr_line' id='line_1_29' title="bbox 92 2587 1080 2670; baseline -0.004 -21"><span class='ocrx_word' id='word_1_235' title='bbox 92 2592 164 2650; x_wconf 84' lang='lat' dir='ltr'>eninr</span> <span class='ocrx_word' id='word_1_236' title='bbox 177 2590 348 2670; x_wconf 87' lang='lat' dir='ltr'>appelletur</span> <span class='ocrx_word' id='word_1_237' title='bbox 368 2590 426 2651; x_wconf 89' lang='lat' dir='ltr'>hoo</span> <span class='ocrx_word' id='word_1_238' title='bbox 447 2608 549 2668; x_wconf 88' lang='lat' dir='ltr'>genus.</span> <span class='ocrx_word' id='word_1_239' title='bbox 579 2590 662 2651; x_wconf 91' lang='lat' dir='ltr'>diluti</span> <span class='ocrx_word' id='word_1_240' title='bbox 676 2592 752 2650; x_wconf 86' lang='lat' dir='ltr'>ratio</span> <span class='ocrx_word' id='word_1_241' title='bbox 768 2599 815 2666; x_wconf 88' lang='lat' dir='ltr'>ut,</span> <span class='ocrx_word' id='word_1_242' title='bbox 845 2590 973 2669; x_wconf 91' lang='lat' dir='ltr'>quisquis</span> <span class='ocrx_word' id='word_1_243' title='bbox 993 2587 1080 2647; x_wconf 82' lang='lat' dir='ltr'>inerit</span> 
     </span>
    </p>

    <p class='ocr_par' dir='ltr' id='par_1_11' title="bbox 91 2673 1122 2752">
     <span class='ocr_line' id='line_1_30' title="bbox 91 2673 1122 2752; baseline 0.001 -19"><span class='ocrx_word' id='word_1_244' title='bbox 91 2673 188 2734; x_wconf 88' lang='lat' dir='ltr'>modus</span> <span class='ocrx_word' id='word_1_245' title='bbox 202 2690 315 2751; x_wconf 89' lang='lat' dir='ltr'>aquae,</span> <span class='ocrx_word' id='word_1_246' title='bbox 334 2683 448 2750; x_wconf 84' lang='lat' dir='ltr'>tegatur</span> <span class='ocrx_word' id='word_1_247' title='bbox 463 2674 662 2752; x_wconf 85' lang='lat' dir='ltr'>pertriduum.</span> <span class='ocrx_word' id='word_1_248' title='bbox 695 2675 791 2733; x_wconf 90' lang='lat' dir='ltr'>tritum</span> <span class='ocrx_word' id='word_1_249' title='bbox 804 2692 871 2733; x_wconf 93' lang='lat' dir='ltr'>raro</span> <span class='ocrx_word' id='word_1_250' title='bbox 892 2674 920 2731; x_wconf 94' lang='lat' dir='ltr'>iu</span> <span class='ocrx_word' id='word_1_251' title='bbox 940 2688 993 2730; x_wconf 94' lang='lat' dir='ltr'>usu</span> <span class='ocrx_word' id='word_1_252' title='bbox 1021 2677 1076 2742; x_wconf 84' lang='lat' dir='ltr'>ost,</span> <span class='ocrx_word' id='word_1_253' title='bbox 1088 2677 1122 2733; x_wconf 73' lang='lat'>4⁷</span> 
     </span>
    </p>

    <p class='ocr_par' dir='ltr' id='par_1_12' title="bbox 59 2757 1204 3171">
     <span class='ocr_line' id='line_1_31' title="bbox 59 2757 1204 2835; baseline -0.003 -24"><span class='ocrx_word' id='word_1_254' title='bbox 59 2757 163 2816; x_wconf 82' lang='lat' dir='ltr'>sesicut</span> <span class='ocrx_word' id='word_1_255' title='bbox 176 2766 207 2817; x_wconf 92' lang='lat' dir='ltr'>et</span> <span class='ocrx_word' id='word_1_256' title='bbox 216 2774 306 2815; x_wconf 89' lang='lat' dir='ltr'>sucus</span> <span class='ocrx_word' id='word_1_257' title='bbox 319 2758 463 2835; x_wconf 90' lang='lat' dir='ltr'>expressi,</span> <span class='ocrx_word' id='word_1_258' title='bbox 476 2759 642 2835; x_wconf 88' lang='lat' dir='ltr'>exprimitur</span> <span class='ocrx_word' id='word_1_259' title='bbox 653 2766 759 2833; x_wconf 89' lang='lat' dir='ltr'>autem,</span> <span class='ocrx_word' id='word_1_260' title='bbox 772 2774 834 2818; x_wconf 91' lang='lat' dir='ltr'>cum</span> <span class='ocrx_word' id='word_1_261' title='bbox 849 2758 968 2834; x_wconf 91' lang='lat' dir='ltr'>primum</span> <span class='ocrx_word' id='word_1_262' title='bbox 982 2768 1082 2812; x_wconf 87' lang='lat' dir='ltr'>semen</span> <span class='ocrx_word' id='word_1_263' title='bbox 1201 2812 1204 2821; x_wconf 34' lang='lat'>,</span> 
     </span>
     <span class='ocr_line' id='line_1_32' title="bbox 90 2840 1079 2918; baseline -0.007 -19"><span class='ocrx_word' id='word_1_264' title='bbox 90 2841 238 2918; x_wconf 73' lang='lat' dir='ltr'>turgescit,</span> <span class='ocrx_word' id='word_1_265' title='bbox 253 2840 444 2899; x_wconf 76' lang='lat' dir='ltr'>madefactum</span> <span class='ocrx_word' id='word_1_266' title='bbox 459 2858 534 2918; x_wconf 91' lang='lat' dir='ltr'>aqua</span> <span class='ocrx_word' id='word_1_267' title='bbox 548 2840 643 2901; x_wconf 87' lang='lat' dir='ltr'>triduo</span> <span class='ocrx_word' id='word_1_268' title='bbox 658 2858 763 2899; x_wconf 90' lang='lat' dir='ltr'>recens</span> <span class='ocrx_word' id='word_1_269' title='bbox 776 2850 825 2901; x_wconf 89' lang='lat' dir='ltr'>aot</span> <span class='ocrx_word' id='word_1_270' title='bbox 843 2842 951 2898; x_wconf 91' lang='lat' dir='ltr'>siccum</span> <span class='ocrx_word' id='word_1_271' title='bbox 967 2843 1079 2912; x_wconf 89' lang='lat' dir='ltr'>septem</span> 
     </span>
     <span class='ocr_line' id='line_1_33' title="bbox 90 2916 1081 2985; baseline -0.004 -4"><span class='ocrx_word' id='word_1_272' title='bbox 90 2921 202 2983; x_wconf 87' lang='lat' dir='ltr'>diebus.</span> <span class='ocrx_word' id='word_1_273' title='bbox 243 2922 312 2982; x_wconf 83' lang='lat' dir='ltr'>dein</span> <span class='ocrx_word' id='word_1_274' title='bbox 336 2932 448 2983; x_wconf 88' lang='lat' dir='ltr'>coetum</span> <span class='ocrx_word' id='word_1_275' title='bbox 473 2924 501 2982; x_wconf 91' lang='lat' dir='ltr'>iu</span> <span class='ocrx_word' id='word_1_276' title='bbox 521 2941 615 2985; x_wconf 89' lang='lat' dir='ltr'>aeneo</span> <span class='ocrx_word' id='word_1_277' title='bbox 638 2941 710 2985; x_wconf 87' lang='lat' dir='ltr'>vaso</span> <span class='ocrx_word' id='word_1_278' title='bbox 737 2923 772 2984; x_wconf 90' lang='lat' dir='ltr'>ad</span> <span class='ocrx_word' id='word_1_279' title='bbox 793 2920 939 2983; x_wconf 88' lang='lat' dir='ltr'>tertiasX</span> <span class='ocrx_word' id='word_1_280' title='bbox 959 2916 1081 2977; x_wconf 88' lang='lat' dir='ltr'>heminis</span> 
     </span>
     <span class='ocr_line' id='line_1_34' title="bbox 89 3001 1081 3085; baseline -0.004 -22"><span class='ocrx_word' id='word_1_281' title='bbox 89 3004 119 3063; x_wconf 91' lang='lat' dir='ltr'>in</span> <span class='ocrx_word' id='word_1_282' title='bbox 137 3022 231 3085; x_wconf 89' lang='lat' dir='ltr'>aquae</span> <span class='ocrx_word' id='word_1_283' title='bbox 246 3007 381 3066; x_wconf 83' lang='lat' dir='ltr'>sextariis</span> <span class='ocrx_word' id='word_1_284' title='bbox 397 3005 475 3067; x_wconf 76' lang='lat' dir='ltr'>xlv</span> <span class='ocrx_word' id='word_1_285' title='bbox 489 3008 649 3084; x_wconf 87' lang='lat' dir='ltr'>iterumque</span> <span class='ocrx_word' id='word_1_286' title='bbox 662 3006 840 3085; x_wconf 87' lang='lat' dir='ltr'>percolatum</span> <span class='ocrx_word' id='word_1_287' title='bbox 854 3003 933 3063; x_wconf 87' lang='lat' dir='ltr'>lente</span> <span class='ocrx_word' id='word_1_288' title='bbox 948 3001 1081 3077; x_wconf 88' lang='lat' dir='ltr'>coquitur</span> 
     </span>
     <span class='ocr_line' id='line_1_35' title="bbox 91 3084 1081 3171; baseline -0.005 -24"><span class='ocrx_word' id='word_1_289' title='bbox 91 3087 128 3148; x_wconf 90' lang='lat' dir='ltr'>ad</span> <span class='ocrx_word' id='word_1_290' title='bbox 146 3084 494 3171; x_wconf 71' lang='lat' dir='ltr'>crassitudinem‘mellis,</span> <span class='ocrx_word' id='word_1_291' title='bbox 514 3091 637 3167; x_wconf 87' lang='lat' dir='ltr'>qualiter</span> <span class='ocrx_word' id='word_1_292' title='bbox 652 3108 689 3149; x_wconf 86' lang='lat' dir='ltr'>ex</span> <span class='ocrx_word' id='word_1_293' title='bbox 704 3092 815 3149; x_wconf 90' lang='lat' dir='ltr'>minore</span> <span class='ocrx_word' id='word_1_294' title='bbox 830 3086 977 3147; x_wconf 86' lang='lat' dir='ltr'>centaurio</span> <span class='ocrx_word' id='word_1_295' title='bbox 992 3099 1081 3162; x_wconf 88' lang='lat' dir='ltr'>quae·</span> 
     </span>
    </p>

    <p class='ocr_par' dir='ltr' id='par_1_13' title="bbox 59 3168 1204 3503">
     <span class='ocr_line' id='line_1_36' title="bbox 59 3168 1079 3245; baseline -0.006 -14"><span class='ocrx_word' id='word_1_296' title='bbox 59 3171 163 3232; x_wconf 62' lang='lat' dir='ltr'>“ritus</span> <span class='ocrx_word' id='word_1_297' title='bbox 177 3189 278 3233; x_wconf 87' lang='lat' dir='ltr'>sucus.</span> <span class='ocrx_word' id='word_1_298' title='bbox 308 3172 361 3231; x_wconf 89' lang='lat' dir='ltr'>sed</span> <span class='ocrx_word' id='word_1_299' title='bbox 377 3171 423 3232; x_wconf 93' lang='lat' dir='ltr'>hic</span> <span class='ocrx_word' id='word_1_300' title='bbox 439 3173 562 3233; x_wconf 90' lang='lat' dir='ltr'>absinthi</span> <span class='ocrx_word' id='word_1_301' title='bbox 577 3172 684 3233; x_wconf 90' lang='lat' dir='ltr'>inutilis</span> <span class='ocrx_word' id='word_1_302' title='bbox 701 3169 850 3232; x_wconf 85' lang='lat' dir='ltr'>stomacho</span> <span class='ocrx_word' id='word_1_303' title='bbox 866 3168 1009 3245; x_wconf 88' lang='lat' dir='ltr'>capitique</span> <span class='ocrx_word' id='word_1_304' title='bbox 1024 3174 1079 3241; x_wconf 89' lang='lat' dir='ltr'>est,</span> 
     </span>
     <span class='ocr_line' id='line_1_37' title="bbox 90 3251 1124 3330; baseline -0.003 -15"><span class='ocrx_word' id='word_1_305' title='bbox 90 3272 155 3315; x_wconf 82' lang='lat' dir='ltr'>curn</span> <span class='ocrx_word' id='word_1_306' title='bbox 178 3258 218 3317; x_wconf 89' lang='lat' dir='ltr'>sit</span> <span class='ocrx_word' id='word_1_307' title='bbox 241 3256 295 3317; x_wconf 90' lang='lat' dir='ltr'>ille</span> <span class='ocrx_word' id='word_1_308' title='bbox 320 3254 436 3316; x_wconf 89' lang='lat' dir='ltr'>decocti</span> <span class='ocrx_word' id='word_1_309' title='bbox 459 3254 673 3317; x_wconf 88' lang='lat' dir='ltr'>saluberrimus.</span> <span class='ocrx_word' id='word_1_310' title='bbox 707 3271 828 3330; x_wconf 91' lang='lat' dir='ltr'>namque</span> <span class='ocrx_word' id='word_1_311' title='bbox 849 3251 1000 3327; x_wconf 78' lang='lat' dir='ltr'>adstringit</span> <span class='ocrx_word' id='word_1_312' title='bbox 1020 3258 1124 3312; x_wconf 83' lang='lat' dir='ltr'>sto-48</span> 
     </span>
     <span class='ocr_line' id='line_1_38' title="bbox 89 3332 1204 3417; baseline -0.007 -20"><span class='ocrx_word' id='word_1_313' title='bbox 89 3338 219 3399; x_wconf 88' lang='lat' dir='ltr'>maehum</span> <span class='ocrx_word' id='word_1_314' title='bbox 235 3339 384 3417; x_wconf 87' lang='lat' dir='ltr'>bilemque</span> <span class='ocrx_word' id='word_1_315' title='bbox 400 3337 540 3413; x_wconf 83' lang='lat' dir='ltr'>detrahit,</span> <span class='ocrx_word' id='word_1_316' title='bbox 553 3342 663 3398; x_wconf 85' lang='lat' dir='ltr'>urinam</span> <span class='ocrx_word' id='word_1_317' title='bbox 678 3338 750 3413; x_wconf 85' lang='lat' dir='ltr'>ciet,</span> <span class='ocrx_word' id='word_1_318' title='bbox 769 3335 864 3395; x_wconf 85' lang='lat' dir='ltr'>alvom</span> <span class='ocrx_word' id='word_1_319' title='bbox 885 3334 994 3394; x_wconf 84' lang='lat' dir='ltr'>emollit</span> <span class='ocrx_word' id='word_1_320' title='bbox 1009 3342 1038 3391; x_wconf 89' lang='lat' dir='ltr'>ot</span> <span class='ocrx_word' id='word_1_321' title='bbox 1053 3332 1082 3391; x_wconf 90' lang='lat' dir='ltr'>iu</span> <span class='ocrx_word' id='word_1_322' title='bbox 1202 3412 1204 3417; x_wconf 17' lang='grc' dir='ltr'>ι</span> 
     </span>
     <span class='ocr_line' id='line_1_39' title="bbox 90 3414 1082 3503; baseline -0.011 -20"><span class='ocrx_word' id='word_1_323' title='bbox 90 3419 194 3483; x_wconf 89' lang='lat' dir='ltr'>dolore</span> <span class='ocrx_word' id='word_1_324' title='bbox 208 3432 311 3503; x_wconf 82' lang='lat' dir='ltr'>sanat,</span> <span class='ocrx_word' id='word_1_325' title='bbox 329 3422 439 3483; x_wconf 87' lang='lat' dir='ltr'>ventris</span> <span class='ocrx_word' id='word_1_326' title='bbox 455 3421 586 3483; x_wconf 87' lang='lat' dir='ltr'>animalia</span> <span class='ocrx_word' id='word_1_327' title='bbox 606 3420 706 3498; x_wconf 87' lang='lat' dir='ltr'>pellit,</span> <span class='ocrx_word' id='word_1_328' title='bbox 726 3418 874 3479; x_wconf 86' lang='lat' dir='ltr'>malaciam</span> <span class='ocrx_word' id='word_1_329' title='bbox 894 3414 1032 3476; x_wconf 87' lang='lat' dir='ltr'>stomachi</span> <span class='ocrx_word' id='word_1_330' title='bbox 1053 3422 1082 3473; x_wconf 88' lang='lat' dir='ltr'>et</span> 
     </span>
    </p>
   </div>
   <div class='ocr_carea' id='block_1_3' title="bbox 0 0 1254 3817">
    <p class='ocr_par' dir='ltr' id='par_1_14' title="bbox 0 0 1254 3817">
     <span class='ocr_line' id='line_1_40' title="bbox 0 0 1254 3817; baseline 0 0"><span class='ocrx_word' id='word_1_331' title='bbox 0 0 1254 3817; x_wconf 95' lang='lat' dir='ltr'> </span> 
     </span>
    </p>
   </div>
  </div>
 </body>
</html>
