2484 3817
284 173 364 220 uun.
379 160 471 221 nisu.
486 172 626 220 xxxiia.
646 171 689 225 re
705 158 856 241 (se-ss.)
1026 160 1067 223 65

140 326 221 405 (52.)
237 326 284 387 Fit
305 334 335 385 et
356 324 488 403 spodium
509 342 547 385 ex
566 325 684 403 plumbo
706 326 809 386 eedem
827 328 914 389 mede
929 348 987 408 quo
1003 347 1042 392 ex
1059 340 1110 396 lta

78 409 187 488 Cyprio
207 428 295 486 aere,
316 409 428 469 lavatur
451 410 479 468 in
499 409 596 468 linteis
616 411 691 469 raris
713 428 786 488 aqua
803 410 924 471 caelesti
946 431 1063 491 separa·
1075 435 1110 470 ree

77 503 180 572 terque
206 502 353 554 terrenum
379 493 592 567 transfusione,
622 493 778 552 cribratum
804 497 917 553 teritur.
956 497 1068 573 qnidam

77 577 227 656 pulverem
248 596 313 637 eum
340 578 436 655 pinnis
460 575 597 652 digerere
620 575 729 634 malunt
754 594 788 635 ac
815 585 914 637 terere
944 580 973 637 in
999 581 1066 639 vino

57 661 210 722 sederate.
465 714 468 723 .

138 744 220 825 (53.)
236 743 290 805 Est
309 752 339 804 et
358 742 565 819 molybdaena‚
586 759 672 819 qnam
689 742 747 802 alie
764 741 831 801 lece
847 742 1110 822 galenamap·173

77 828 263 908 pellavimus‚
286 845 361 887 vena
388 827 501 903 argenti
527 825 693 904 plumbique
721 829 886 886 eommunis.
914 826 1073 906 meliores.
1088 846 1111 881 a

77 912 149 973 lraec
166 912 380 989 quantomagis
395 911 475 969 aurei
492 908 605 969 eoloris'
617 918 782 989 quanteque
796 913 889 969 minus
904 910 1067 987 plumbosa‚
1149 902 1154 923 '

76 996 201 1056 friabilis
217 1003 249 1055 et
259 994 372 1053 medice
388 996 495 1070 gravis.
525 1000 608 1052 cocta
622 1011 685 1052 eum
702 993 770 1053 eleo
785 995 922 1053 iocineris
939 993 1069 1053 colerem

42 1080 175 1139 retrahit.
217 1078 401 1137 adhaerescit
425 1086 456 1136 et
481 1078 541 1136 auri
570 1078 743 1153 argentique
771 1078 948 1137 fornacibus.
996 1077 1069 1137 banc

76 1161 250 1221 metallicam
264 1170 379 1220 vocant.
405 1160 598 1221 laudatissima
609 1178 684 1238 qnae
695 1159 843 1239 Zephyrio
860 1162 918 1220 liat.
943 1160 1068 1239 proban·

78 1253 123 1305 tur
138 1246 261 1305 minume
279 1254 415 1303 terrenae
430 1247 611 1320 minumeque
628 1244 794 1322 lapidosae‚
817 1244 957 1304 ce'cuntnr
974 1244 1069 1304 lavan-

77 1328 181 1406 turque
203 1331 317 1388 scoriae
340 1328 434 1388 mede.
473 1346 542 1387 usus
563 1329 591 1386 in
615 1327 707 1406 lipara
729 1328 765 1387 ad
785 1327 920 1388 lenienda
942 1346 976 1388 ae
999 1337 1110 1393 ree-1⁷4

76 1412 241 1489 frigeranda
253 1411 351 1471 ulcera
363 1420 394 1470 et
409 1411 572 1490 emplastris
584 1429 659 1489 quae
670 1430 729 1471 nen
745 1410 901 1487 inligantur
915 1412 968 1471 sed
986 1411 1068 1471 inlita

41 1496 112 1556 asad
127 1496 290 1555 cicatricem
303 1495 463 1573 perducunt
474 1497 503 1554 in
518 1497 629 1554 teneris
645 1492 819 1572 corporibus
830 1493 1067 1571 mollissimisque

77 1580 215 1659 partibus.
245 1582 419 1657 compositio
444 1580 507 1637 eius
528 1597 545 1636 e
565 1578 649 1637 libris
665 1578 757 1635 tribus
775 1585 805 1635 et
820 1596 906 1637 cerae
921 1578 995 1637 libra
1008 1578 1066 1638 elei

76 1664 170 1723 tribus
197 1662 337 1737 heminis,
365 1661 443 1738 quod
469 1663 499 1719 in
524 1659 610 1719 senili
635 1677 762 1737 corpere
785 1678 848 1719 eum
869 1662 995 1721 fracibus
1021 1661 1068 1721 ad·

77 1748 163 1806 ditur.
201 1753 379 1823 temperatur
404 1761 467 1801 curn
486 1760 586 1819 spuma
607 1745 721 1819 argenti
742 1751 772 1803 et
793 1747 889 1803 seeria
910 1743 1017 1823 plumbi
1031 1746 1067 1804 ad

78 1830 273 1906 dysenteriam
288 1836 317 1887 et
331 1835 491 1885 tenesmum
506 1824 632 1885 fovenda
649 1826 748 1886 calida.

41 1932 69 1971 ae
141 1913 221 1989 (54.)
236 1908 413 1969 Psimitbium
425 1925 552 1987 queque,
568 1908 625 1969 lrec
639 1919 685 1970 est
700 1928 857 1988 cerussam,
872 1911 1047 1989 plumbariae
1060 1920 1109 1976 175

75 1995 146 2054 dant
163 1994 307 2053 officinae.
339 1992 564 2052 laudatissimum
580 1995 609 2052 in
626 1992 739 2053 Rbede.
771 1994 803 2053 lit
820 2004 915 2055 autem
930 1997 1067 2055 ramentis

79 2078 186 2157 plumbi
205 2078 380 2137 tenuissimis
397 2095 486 2154 super
501 2094 551 2135 vas
566 2079 641 2137 aceti
659 2079 810 2156 asperrimi
825 2080 959 2157 inpositis
980 2087 1067 2156 atque

79 2164 119 2221 ita
137 2160 359 2221 destillantibus.
389 2161 465 2238 qued
486 2178 525 2219 ex
543 2178 579 2220 eo
597 2161 703 2220 cecidit
717 2164 746 2220 in
764 2161 858 2240 ipsum
875 2171 986 2222 acetum
1004 2180 1067 2223 arc-

78 2248 183 2306 factum
198 2244 315 2304 molitur
329 2252 359 2304 et
383 2245 526 2304 cribratur
546 2247 709 2322 iterumque
728 2243 813 2305 a'cete
832 2245 958 2305 admixto
974 2249 1004 2305 in
1019 2264 1068 2325 pa-

41 2354 68 2395 m
78 2330 173 2389 stilles
190 2329 324 2389 dividitur
337 2336 367 2388 et
382 2330 412 2387 in
428 2328 491 2387 sele
507 2329 631 2387 siccatur
646 2336 769 2388 aestate.
801 2329 833 2388 lit
852 2338 883 2388 et
896 2329 953 2389 alie
968 2329 1066 2407 mede,

79 2412 181 2472 addite.
201 2416 230 2471 in
254 2430 358 2472 urceos
382 2412 456 2471 aceti
480 2411 597 2490 plumbo
629 2420 779 2489 opturatos
802 2430 857 2491 per
879 2414 942 2473 dies
967 2412 1068 2473 decem

79 2494 243 2572 derasoque
260 2514 314 2555 eeu
329 2498 386 2555 situ
406 2514 440 2554 ac
455 2513 554 2554 rursus
576 2496 689 2554 reiecto
704 2494 797 2555 denec
811 2495 925 2555 deficiat
938 2499 1065 2556 materia.

79 2578 157 2656 qued
170 2579 303 2638 derasum
325 2589 370 2639 est
389 2579 493 2638 teritur
508 2586 538 2637 et
552 2578 695 2638 cribratur
709 2577 740 2637 'et
753 2581 887 2656 coquitur
898 2581 927 2638 in
937 2580 1043 2658 patinis
1059 2590 1109 2646 176

79 2663 274 2739 misceturque
295 2661 433 2721 rudiculis
454 2661 553 2735 donee
575 2663 704 2721 rufescat
723 2671 754 2722 et
778 2662 872 2722 simile
893 2662 1065 2723 sandaracae

43 2746 137 2806 saliat.
169 2745 236 2805 dein
251 2744 362 2804 lavatur
376 2745 451 2805 dulci
471 2763 543 2823 aqua
560 2745 655 2804 donec
674 2744 835 2806 nubeculae
851 2762 951 2805 omnes
970 2745 1063 2805 eluan-

81 2838 134 2889 tur.
168 2831 293 2889 siccatur
315 2835 418 2906 postea
438 2830 624 2903 similiteret
644 2829 673 2887 in
691 2828 824 2905 pastillos
845 2828 988 2888 dividitur.
1020 2831 1065 2889 vis
1169 2868 1174 2881 .

81 2916 144 2973 eius
170 2912 270 2973 eadem
290 2929 364 2990 quae
389 2928 476 2989 supra
495 2911 597 2986 dictis,
624 2912 771 2970 lenissima
792 2918 898 2970 tantum
920 2930 958 2971 ex
979 2914 1066 2972 omni·
1122 2971 1126 2979 ,

80 2996 151 3072 bus,
173 3003 349 3075 praeterque
371 2993 406 3053 ad
420 2995 574 3054 candorem
588 2994 764 3053 feminarum.
796 3002 842 3053 est
857 3004 951 3055 autem
970 2992 1065 3055 letalis

81 3088 152 3159 potu
170 3082 245 3140 sicut
268 3095 368 3157 spuma
383 3078 505 3153 argenti.
538 3069 642 3155 pbstea
656 3094 775 3135 cerussa
790 3078 854 3155 ipsa
871 3081 895 3138 si
916 3086 1066 3157 coquatur,

43 3163 209 3228 aernfescit.

143 3247 224 3325 (55.)
243 3238 422 3307 sandaracae
438 3260 554 3321 queque
568 3242 776 3322 propemedum
789 3243 864 3304 dieta
875 3255 976 3307 natura
987 3254 1042 3305 est.
1058 3254 1107 3312 l'f'i

80 3331 224 3389 inuenitur
234 3338 328 3390 autern
338 3337 369 3388 et
379 3329 409 3387 in
420 3328 541 3387 aurariis
550 3335 583 3387 et
592 3330 621 3385 in
633 3329 805 3402 argentariis
816 3329 951 3406 metallis,
963 3329 1068 3391 melier

80 3431 138 3492 que
154 3415 244 3490 magis
262 3413 324 3473 rufa
344 3428 460 3490 queque
477 3412 568 3487 magis
583 3407 664 3469 virus
679 3410 816 3471 redolens
833 3430 866 3472 ae
883 3431 953 3492 pura
970 3413 1068 3474 friabi-

121 3512 198 3556 rurru
215 3514 283 3561 aar.
303 3498 437 3578 ursr.·V.
889 3499 908 3557 5

713 3676 733 3729 0
