2484 3817
226 135 592 226 muneremunere.
611 165 888 246 (tre.)-1xv.1.
906 174 957 241 (1.)
1046 168 1092 229 et·

91 347 185 408 aquae
199 347 305 390 norem
315 327 432 404 cyathis
441 329 479 388 ad
492 347 609 390 mes
621 329 741 390 ciendos
752 330 833 392 dedit
843 341 926 410 potu,
937 351 992 393 uec
1005 332 1097 394 ὥν

92 423 169 474 tatur
192 415 262 490 quin
285 411 437 472 decoctum
462 415 525 472 eius
548 412 730 472 utilissimum
746 416 785 473 sit
799 416 894 476 voluis
914 418 1087 476 interaneis·

92 516 148 576 que
164 495 362 570 exulceratis,
378 496 463 554 sicuti
479 513 580 556 semen
593 496 722 556 articulis
738 505 825 574 atque
843 499 1033 576 praecordiis.
1059 502 1086 560 si

92 597 164 640 uero
186 597 251 638 cum
261 577 352 638 malua
367 577 547 654 decoquatur
564 587 668 655 postea
682 579 780 638 addito
795 581 900 658 mulso,
915 591 1002 660 potus
1015 591 1093 643 aute·

68 671 192 726 scelera
207 661 303 720 volvis
318 663 537 738 interaneisque
553 661 699 736 laudatur,
714 665 902 740 quippscun
912 670 1085 742 vaporque·

92 765 148 824 que
162 745 275 804 decocti
289 744 448 821 plurumum
459 747 563 821 prosit,
580 744 745 822 clarumque
757 749 843 805 etiarn
856 748 1089 822 maculantia
1107 764 1118 777 ·“
1152 801 1156 808 .

91 829 243 888 decoctum
265 828 325 886 leui
349 827 491 888 emendat,
519 828 612 888 iasine
634 829 802 904 porrigines
826 831 929 906 capitis
945 832 1093 890 iurlrues·
1181 888 1184 899 ,

91 929 146 992 que
166 929 232 970 cum
246 912 317 970 uino
331 917 362 968 et
374 912 450 969 nitro
467 911 611 972 celeriter
619 911 704 971 tollit.
722 913 752 970 in
763 911 955 986 hydromelite
968 921 1065 972 antem
1077 925 1128 980 1oe

90 996 212 1054 decocta
230 992 326 1052 addita
342 995 465 1068 axungia
479 994 656 1070 genitalibus
669 987 822 1069 ¹strodetur,
837 998 909 1055 item
922 1013 1015 1073 pano,
1036 1014 1086 1073 pa·

58 1078 194 1153 uorandi,
212 1076 383 1154 podagrae,
401 1075 561 1153 chiragrae,
576 1077 706 1138 articulis
727 1073 919 1156 carnibusque
943 1096 1017 1155 quae
1037 1098 1085 1140 re·

88 1162 194 1222 cedunt
212 1160 249 1219 ah
270 1159 404 1236 ossibus,
425 1167 507 1220 aceto
525 1177 599 1219 uero
617 1159 736 1219 subacta
754 1159 868 1220 lumtis.
900 1162 1030 1223 inlinitur
1053 1172 1095 1222 et·

89 1245 159 1304 lieni
177 1244 302 1304 decocta
317 1244 346 1300 in
362 1250 446 1302 aceto
460 1250 492 1302 et
506 1242 593 1302 melle
609 1251 725 1303 tautum.
756 1246 949 1314 carcinomata
964 1245 1084 1306 subacta

87 1347 124 1387 ex
138 1331 208 1388 vino
225 1333 350 1404 purgat,
371 1341 438 1384 mou
453 1324 548 1386 addito
564 1325 652 1388 melle
667 1335 811 1403 persanat.
842 1331 960 1388 sumitur
975 1338 1084 1389 etsor·

88 1413 160 1470 bitin
176 1431 194 1471 e
210 1411 307 1470 larius
326 1408 361 1468 ad
375 1415 478 1485 pectus
492 1409 690 1470 exulceratum
705 1407 880 1488 longamque
894 1414 1004 1473 tussim.
1034 1412 1083 1472 din

52 1509 74 1550 rs
84 1495 261 1572 decoquitur
288 1491 384 1554 donee
415 1492 572 1552 amaritudo
595 1492 726 1568 desinat,
752 1501 858 1570 postea
878 1495 936 1554 mel
961 1495 1082 1555 additur.

82 1577 163 1638 Nunc
175 1581 242 1656 ipsa
259 1575 380 1636 claritas
395 1573 546 1635 herbarum
561 1574 683 1636 dicetur.

375 2087 580 2169 dllllll
607 2087 841 2171 snchlltl

194 2257 582 2352 lll'tlttlllt
625 2255 1007 2350 lllttttltlllt

445 2435 768 2499 ursusxxv.

532 2614 682 2624 -ι--ι--ο

41 2761 68 2801 so
148 2737 218 2817 Cap.
235 2754 259 2804 1.
281 2739 375 2816 (Sect.
388 2740 429 2817 l.)
461 2737 527 2816 lpsa
544 2757 616 2816 quae
631 2756 705 2798 nunc
723 2739 835 2797 dicetur
854 2738 1008 2800 herbarum
1020 2733 1104 2797 cla-1

76 2826 174 2897 ritas,
190 2823 353 2882 medicinae
375 2829 481 2882 tautum
494 2823 636 2898 gignente
658 2839 709 2880 eas
731 2821 854 2897 tellure,
874 2824 904 2880 in
918 2818 1079 2879 admiratio·

78 2925 151 2967 nem
173 2923 259 2966 curae
278 2907 441 2983 priscorum
457 2904 684 2982 diligentiaeque
699 2906 821 2964 animum
834 2906 901 2979 agit.
919 2901 989 2962 nihil
1005 2919 1078 2978 ergo

76 2993 287 3066 intemptatum
302 2989 544 3066 inexpertumque
561 2988 618 3047 illis
640 2987 712 3064 luit,
740 2986 809 3047 nihil
820 2986 936 3045 deinde
954 2982 1093 3044 occultu·⁴

76 3083 141 3132 tum
163 3071 300 3148 quodque
323 3088 381 3129 nnn
408 3071 551 3148 prodesse
565 3073 694 3148 posteris
712 3071 832 3130 uellent.
862 3076 891 3128 at
909 3086 963 3128 nos
978 3066 1065 3127 elahc
1115 3092 1126 3109 ι

42 3165 147 3228 „rata
174 3157 210 3214 iis
231 3153 413 3214 abscondere
435 3163 521 3231 atque
545 3155 725 3231 supprimere
749 3153 878 3229 cupimus
897 3159 928 3210 et
943 3150 1077 3210 lraudare

77 3245 176 3300 vitam
191 3241 278 3298 etlam
291 3236 395 3296 alienis
407 3236 500 3297 honis.
534 3238 572 3294 ita
587 3244 668 3295 certe
686 3235 847 3296 recondunt
861 3233 908 3310 qui
923 3251 1013 3310 pauca
1028 3233 1106 3296 ali-2

78 3341 137 3403 qua
157 3337 273 3380 nouere
289 3318 453 3379 invidentes
469 3319 549 3393 aliis,
566 3327 595 3378 et
612 3319 755 3377 neminem
774 3315 884 3376 docere
904 3318 934 3375 in
954 3317 1077 3376 auctori-

75 3417 177 3468 tatem
203 3404 343 3464 scientiae
368 3410 422 3462 est.
461 3409 567 3462 tantum
592 3401 628 3462 ab
651 3397 849 3475 excogitandis
871 3401 955 3457 nnus
980 3416 1014 3456 ac
1034 3398 1076 3455 iu-

852 3476 899 3538 5*
