2484 3817
324 194 404 240 nnn.
421 192 513 244 11111.
529 192 629 251 xxrrr.
645 191 730 252 1-.,-1.
750 184 905 262 (ss-56.)
1067 185 1105 246 21
1164 245 1166 251 .

107 348 156 409 tris
183 347 338 421 ductiones
364 346 441 411 sistit
463 346 614 419 decoctum
637 348 708 407 eius.
738 332 817 409 'item
838 352 913 414 cinis
932 352 969 423 ad
986 352 1112 418 tormina

107 440 190 510 potus
209 433 239 489 in
254 432 323 489 vino
340 428 425 505 albo,
441 431 470 489 in
484 430 635 491 volvarum
648 433 726 490 vitiis
745 433 971 495 effimctssimus.

166 546 194 606 6.
233 542 315 620 (51.)
341 540 504 602 Pronumae
530 544 689 604 varietates
718 563 859 621 generum
885 547 1090 610 medicinarum
1101 558 1154 612 son

110 648 181 708 qnae
196 625 272 685 mala
286 624 402 684 babent.
430 624 476 685 Ex
491 624 536 687 bis
554 644 644 690 verna
660 629 766 687 acerba
785 637 816 687 et
833 630 983 689 stomacho
998 630 1111 689 inutilia

88 720 189 788 ssunt,
217 709 328 783 alvom,
349 709 477 768 vesicam
499 711 712 788 circumagunt,
740 730 849 771 nervos
872 712 1005 789 laedunt,
1026 722 1111 773 cocta

107 796 234 855 meliora.
268 789 402 851 Cotonea
423 800 507 851 cocta
529 795 683 871 suaviora,
716 794 806 854 cruda
827 803 940 872 tamen,
964 797 1111 865 dumtaxat

107 887 230 952 matura,
260 884 382 953 prosunt
407 880 575 953 sanguinem
601 879 825 938 exscreantibus
851 896 886 938 ac
913 878 1114 955 dysintericis,

107 962 280 1033 cholericis,
311 958 458 1019 coeliacis.
494 960 644 1021 nunidem
670 970 796 1039 possunt
816 963 955 1038 decocta,
976 966 1111 1039 quoniam

107 1048 237 1106 amittunt
252 1044 500 1119 constringentem
514 1044 593 1103 illam
605 1046 795 1121 11111111,-
808 1048 986 1125 inponuntur
997 1055 1028 1104 et
1040 1063 1090 1122 pc·
1102 1059 1151 1109 101

78 1131 178 1191 rectori
200 1130 231 1186 in
254 1126 347 1185 febris
371 1126 541 1204 ardoribus,
555 1162 599 1173 -
620 1137 650 1187 et
674 1137 769 1188 tamen
790 1129 969 1189 decocuntur
991 1130 1021 1188 in
1037 1146 1133 1207 aqua-

106 1212 227 1273 caelcsti
254 1211 289 1270 ad
317 1210 417 1269 eadem
445 1228 519 1288 qnae
548 1230 636 1289 supra
661 1214 770 1290 scripta
795 1222 878 1288 sunt,
913 1212 949 1272 ad
969 1213 1110 1272 stomachi

105 1305 199 1355 autern
229 1293 349 1354 dolores
382 1294 468 1353 cruda
499 1294 658 1355 decoctave
690 1298 782 1355 cerati
807 1298 894 1357 modo
924 1297 1108 1374 inponuntur.

105 1380 210 1455 lanugo
227 1394 329 1437 eorum
345 1375 536 1439 carbunculos
553 1386 643 1437 sanat.
673 1387 758 1439 cocta
771 1381 801 1439 in
816 1384 885 1441 vino
903 1389 934 1440 et
948 1380 1031 1440 inlita
1046 1398 1110 1439 cnm

105 1464 172 1523 cela
188 1462 333 1539 alopeciis
348 1460 481 1537 capillum
495 1460 628 1522 reddunt.
650 1480 724 1541 qnae
740 1464 838 1523 erbis
854 1463 942 1523 cruda
957 1466 987 1523 in
1000 1463 1089 1523 mello
1101 1474 1152 1529 102

77 1546 266 1606 reconduntur
282 1544 377 1603 alvom
398 1551 532 1621 movent,
559 1545 655 1606 mellis
669 1556 766 1606 autem
780 1549 914 1607 suavitati
930 1546 1049 1605 multum
1063 1547 1111 1606 ad-

104 1632 212 1705 iciunt,
238 1626 447 1704 stomachoque
469 1627 566 1687 utilius
589 1628 618 1687 id
637 1630 753 1689 iaciunt.
791 1647 956 1707 quaerero
977 1630 1111 1691 inmelle

104 1721 189 1773 cocta
217 1711 378 1771 conduntur
401 1710 574 1787 quidamad
599 1712 740 1771 stomachi
761 1714 832 1770 vltia
850 1714 920 1770 trita
939 1729 1003 1769 curn
1022 1730 1111 1774 rosae

105 1796 186 1855 loliis
201 1795 332 1854 decoctis
348 1794 416 1853 dant
431 1811 485 1871 pro
499 1794 575 1854 cibo.
593 1812 679 1854 sucus
691 1795 846 1871 crudorum
856 1793 995 1869 lienibus,
1013 1795 1111 1854 ortho-

16 1894 18 1921 1
106 1880 240 1957 pnoicis,
264 1876 432 1954 hydropicis
458 1878 599 1955 prodest,
625 1879 695 1936 item
717 1880 862 1954 mammis,
887 1877 1110 1956 condylomatis,

74 1980 100 2019 ao
111 1960 267 2036 varicibus,
281 1960 336 2021 lios
353 1968 384 2019 et
401 1961 501 2022 viridis
519 1970 550 2020 et
561 1964 655 2020 siccus
667 1960 935 2021 inflammationibus
949 1961 1110 2039 oculorum,

109 2044 360 2104 essereanonibus
382 2046 547 2121 sanguinis,
574 2044 723 2103 mensibus
745 2045 904 2104 mulierum.
942 2045 973 2104 lit
1000 2059 1153 2112 sucus103

108 2126 218 2187 exiliis
232 2128 309 2185 mitis
324 2144 387 2186 cum
404 2130 471 2187 vino
483 2129 558 2187 dulci
571 2130 675 2205 tunsis,
691 2129 771 2188 utilis
781 2129 919 2190 coeliacis
931 2139 962 2188 et
976 2130 1109 2189 iocineri.

107 2212 231 2271 decocto
246 2228 362 2287 quoque
379 2227 480 2270 eorum
493 2212 648 2287 foventur,
671 2214 696 2271 si
713 2213 883 2290 procidant,
901 2212 1006 2271 volvae
1022 2221 1053 2273 et
1069 2215 1111 2276 in·

107 2303 235 2354 1111111.
267 2294 298 2352 lit
322 2302 352 2352 11
375 2294 471 2353 oleum
498 2314 536 2353 ex
560 2294 605 2353 bis
627 2296 705 2373 quod
729 2296 864 2355 melinum
888 2298 1065 2373 vocavimus,
1088 2316 1152 2359 mo

78 2381 248 2455 nsquotiens
265 2394 322 2436 non
339 2378 447 2437 luerint
461 2379 490 2437 in
506 2378 607 2439 umidis
624 2387 698 2438 nata.
731 2379 799 2439 ideo
813 2379 966 2439 utilissima
981 2397 1055 2460 qnae
1072 2396 1111 2438 ex

107 2461 207 2520 Sicilia
224 2463 355 2537 veniunt,
370 2462 462 2520 minus
479 2461 559 2521 utilia
573 2461 706 2538 struthia,
722 2464 850 2540 quamvis
866 2470 998 2539 cognata.
1028 2460 1112 2519 radix

110 2562 207 2605 eorum
231 2546 450 2622 circumscripta
469 2552 547 2603 terra
569 2562 652 2604 mann
672 2547 790 2605 sinistra
805 2548 934 2627 capitur,
960 2545 1000 2602 ita
1017 2544 1111 2619 utqui

108 2627 135 2685 id
159 2629 249 2687 faciet
276 2627 352 2687 dicat
376 2646 466 2705 quare
493 2629 586 2705 capiat
606 2637 638 2688 et
656 2631 737 2688 cuius
756 2646 850 2689 cansa.
892 2630 936 2688 sic
958 2626 1111 2702 adalligata

106 2714 224 2770 strumis
243 2712 384 2771 medetur.

74 2846 97 2886 ao
170 2829 254 2907 (55.)
286 2826 432 2897 Melimela
447 2830 601 2909 etreliqua
617 2829 711 2889 dulcia
726 2830 902 2892 stomachum
915 2837 946 2887 et
959 2834 1092 2887 ventrem
1105 2833 1155 2885 rot

106 2911 243 2988 solvont,
260 2912 428 2990 siticulosa,
444 2922 597 2990 aestuosa,
616 2913 669 2982 sed
687 2932 795 2982 nervos
810 2932 868 2982 pon
883 2912 1008 2979 laedunt.
1036 2906 1113 2967 orbi·

106 2995 201 3063 celata
224 2997 332 3058 sistunt
353 2995 448 3057 alvom
466 3006 496 3056 et
511 2999 706 3072 vomitiones,
724 2999 820 3068 urinas
836 2997 922 3063 cient.
958 2992 1112 3064 silvestria

106 3078 178 3145 mala
202 3078 311 3149 similia
332 3088 397 3148 sttui
418 3083 517 3147 vernis
538 3080 653 3150 acerbis
675 3080 828 3157 alvomqpe
849 3078 971 3153 sistunt,
999 3094 1068 3135 sane
1083 3076 1112 3147 in

106 3159 182 3221 hunc
197 3179 283 3223 usum
301 3162 438 3222 inmatura
454 3181 527 3241 opus
544 3171 616 3223 sunt.

77 3284 99 3324 ts
170 3266 247 3344 (56.)
279 3262 379 3325 Gitrsa
402 3274 503 3333 contra
524 3282 667 3325 venenum
684 3266 714 3323 in
729 3265 797 3323 vino
812 3259 949 3335 bibuntur
963 3260 1012 3322 vel
1028 3262 1091 3337 ipsa
1104 3271 1155 3338 ros

107 3348 159 3409 vel
173 3368 284 3414 semen.
301 3348 409 3408 iaciunt
426 3350 485 3411 oris
501 3350 681 3423 suavitatem,
697 3346 819 3406 decocto
833 3361 933 3403 eorum
945 3343 1053 3405 conluti
1065 3350 1113 3402 aut

108 3450 181 3495 suen
193 3449 351 3512 expresso.
379 3432 481 3493 borum
496 3450 595 3493 semen
608 3428 748 3491 edendum
760 3427 942 3504 praecipiunt
953 3428 983 3485 in
996 3423 1113 3485 malacia
