2484 3817
150 204 209 266 126
480 214 511 261 0.
528 214 622 262 annu
639 210 792 263 SECUNDA

121 342 133 369 s
147 378 324 448 apostemata
341 377 370 427 et
384 368 483 427 ulcera
497 375 587 426 taetra
602 366 674 425 lolia
693 348 900 442 mandragorae
921 363 1064 438 recentia,
1086 380 1129 422 ra·
1183 347 1188 357 ⁸

147 456 195 514 dix
209 453 328 512 volnera
348 470 410 510 cum
430 450 517 509 melle
538 460 586 510 aut
604 450 688 527 oleo,
711 451 802 509 cicuta
826 466 889 507 cum
908 446 1023 522 siligine
1042 446 1131 505 mixta

147 554 244 612 mero,
266 538 376 595 aizoum
390 534 539 612 herpetas
560 550 675 611 quoque
696 542 725 593 et
747 549 847 591 nomas
866 550 901 591 ac
922 530 1129 608 putrescentia,

148 624 220 680 sicut
238 621 372 695 erigeron
387 618 568 693 verminosa,
591 618 720 677 recentia
741 625 835 675 autem
856 614 975 673 volnera
993 611 1130 688 astragali

147 704 229 763 radix
254 711 283 761 et
309 710 411 760 uetera
436 700 535 759 ulcera
560 718 634 777 quae
661 708 765 777 purgat
793 698 973 777 hypocisthis
999 705 1157 774 utraques

146 784 314 863 leontopodi
336 801 435 842 semen
449 785 543 841 tritum
556 784 585 840 in
599 800 672 859 aqna
690 792 719 841 et
736 800 799 841 enm
813 780 930 858 polenta
948 779 1056 839 inlitum
1072 778 1130 855 spi·
1237 795 1239 865 p

108 880 155 934 146
167 869 231 928 cula
242 870 408 943 sagittarum
420 865 551 939 extrahit,
566 868 634 925 item
646 866 818 943 pycnocomi
830 882 937 924 semen.
955 861 1132 938 Tithymalus
1239 905 1240 945 3

147 952 306 1014 characites
322 966 393 1008 suco
404 966 594 1024 gangraenas,
611 948 826 1025 phagedaenas,
839 948 932 1025 putria
947 948 995 1007 vel
1005 947 1131 1006 decocto
1240 1015 1241 1029 χ

144 1052 287 1095 ramorum
302 1050 366 1091 cnm
382 1031 498 1109 polenta
511 1040 542 1090 et
558 1031 638 1107 oleo,
654 1031 751 1090 orchis
763 1032 879 1091 radices
894 1030 950 1090 hoc
965 1028 1085 1108 amplius
1101 1035 1132 1086 et
1240 1030 1241 1041 ¹

146 1116 287 1178 cacoethc
302 1133 364 1175 cum
381 1114 468 1172 melle
482 1114 579 1174 siccae
596 1124 626 1173 et
639 1123 774 1174 recentes
788 1132 842 1193 per
859 1132 892 1173 se
908 1113 1042 1187 volnera,
1061 1126 1168 1174 ono-10

146 1200 227 1259 thera
244 1198 392 1257 efferantia
408 1214 476 1255 sese
493 1196 591 1257 ulcera
606 1206 697 1257 sanat.
721 1198 847 1272 Scythae
861 1197 980 1257 volnera
995 1194 1131 1269 Scythica

146 1290 255 1342 curant.
295 1280 331 1339 ad
353 1281 542 1339 carcinomata
569 1281 734 1357 argemonia
761 1300 800 1340 ex
819 1280 906 1339 melle
929 1279 1132 1340 efficacissima

106 1376 153 1428 147
165 1373 220 1423 est.
248 1362 397 1432 ulceribus
412 1366 591 1439 praesanatis
607 1363 758 1441 asphodeli
774 1364 856 1423 radix
871 1362 992 1423 decocta
1006 1372 1037 1421 ut
1058 1360 1131 1420 dixi·

112 1450 142 1487 22·
153 1448 176 1481 ²⁰
187 1465 259 1520 mus,
273 1448 339 1505 trita
355 1463 417 1503 cum
433 1446 550 1523 polenta
563 1456 593 1505 et
607 1447 696 1521 inlita,
716 1447 940 1524 quibuscumque
954 1463 1026 1505 vero
1038 1443 1131 1522 Apol·

147 1530 259 1604 linaris,
287 1529 420 1604 astragali
437 1528 519 1587 radix
544 1531 572 1587 in
595 1530 743 1608 pulverem
766 1531 832 1591 trita
857 1529 957 1589 umidis
983 1527 1131 1589 ulceribus
1142 1548 1167 1588 1⁵

148 1613 284 1692 prodest,
311 1613 377 1671 item
393 1610 537 1671 callithrix
552 1612 676 1672 decocta
697 1615 724 1672 in
739 1631 830 1692 aqna,
852 1614 982 1693 privatim
1001 1629 1073 1671 vero
1095 1612 1132 1670 iis

146 1713 220 1774 quae
236 1695 424 1754 calciamento
438 1694 515 1753 iacta
536 1698 592 1755 sint
607 1696 788 1770 verbenaca,
807 1715 934 1757 necnon
957 1706 985 1756 et
1004 1696 1131 1770 Lysima-

150 1780 213 1839 chia
229 1781 350 1838 coutrita
370 1796 405 1837 ac
422 1778 582 1855 nymphaea
597 1780 677 1840 arida
693 1780 819 1841 infriata.
855 1780 1003 1859 polythrix
1018 1780 1133 1838 invete-

151 1863 221 1923 ratis
235 1862 338 1921 iisdem
353 1861 449 1921 utilior
463 1870 518 1921 est.

106 1957 156 2011 148
214 1945 299 2022 (88.)
321 1945 516 2019 Polycnemon
533 1945 645 2005 cunilae
668 1945 792 2021 bubulae
813 1948 912 2007 similis
934 1955 996 2019 est,
1020 1945 1168 2013 seminem

146 2027 233 2106 pulei,
248 2028 408 2101 surculosa,
423 2027 517 2085 multis
534 2028 692 2104 geniculis,
710 2030 848 2104 corymbo
864 2030 1001 2104 odorato,
1028 2028 1085 2087 acri
1101 2036 1132 2087 et

146 2110 222 2172 dulci
239 2110 341 2183 odore,
357 2110 436 2169 lerro
453 2110 537 2167 iactis
553 2112 776 2173 conmanducata
795 2114 953 2191 inponitur,
971 2112 1069 2188 quinto
1084 2110 1131 2169 die

146 2193 277 2252 solvitur.
311 2191 489 2267 symphyton
503 2192 540 2250 ad
556 2195 721 2252 cicatricem
738 2195 890 2255 celerrime
905 2195 1047 2275 perducit,
1063 2195 1130 2253 item
1174 2220 1178 2229 ¹

105 2287 155 2339 14⁹
167 2274 302 2333 sideritis.
333 2273 406 2332 haec
421 2275 566 2346 inponitur
580 2293 617 2333 ex
631 2275 727 2335 melle.
753 2276 895 2339 Verbasci
910 2279 1018 2337 semine
1036 2294 1071 2337 ao
1085 2277 1128 2337 io·

147 2357 193 2416 liis
211 2374 249 2415 ex
265 2356 333 2414 vino
348 2356 479 2415 decoctis
496 2374 532 2415 ac
547 2358 619 2416 tritis
635 2360 728 2417 cronia
744 2361 829 2421 iniixa
845 2363 962 2439 corpori
977 2360 1127 2419 extrahun·
1137 2386 1163 2427 25

146 2450 205 2514 tur,
227 2440 294 2497 item
315 2438 522 2513 mandragorae
537 2440 614 2500 loliis
631 2459 693 2500 curn
709 2442 841 2521 polenta,
864 2444 1012 2520 cyclamini
1027 2442 1128 2501 radici-

144 2522 282 2581 boscum
301 2520 399 2579 melle.
430 2520 590 2599 'l'rixaginis
616 2524 687 2583 lolia
717 2526 746 2585 in
774 2526 840 2586 oleo
868 2529 989 2587 contrita
1017 2527 1052 2585 iis
1071 2542 1129 2584 ma·

145 2622 230 2664 nume
243 2603 412 2663 adhibentur
429 2604 573 2665 ulceribus
593 2624 666 2682 quae
692 2618 826 2687 serpunt,
852 2618 881 2668 et
903 2611 969 2686 alga
990 2611 1019 2668 in
1042 2608 1129 2667 melle

145 2689 227 2763 trita,
252 2687 406 2791 Vettonica
425 2688 462 2747 ad
482 2688 672 2749 carcinomata
700 2701 729 2749 et
747 2692 918 2753 malandrias
941 2688 1057 2751 veteres
1079 2690 1128 2749 ad-

145 2771 204 2830 dito
221 2770 293 2830 sale.
1138 2802 1165 2843 ,20

105 2866 156 2917 150
211 2852 293 2931 (89.)
316 2855 460 2914 verrucas
482 2854 556 2913 tollit
578 2858 744 2930 argemonia
768 2874 804 2915 ex
828 2868 911 2917 aceto
932 2838 981 2919 'vel
1000 2857 1129 2920 batrachi

146 2936 235 3013 radix,
252 2955 325 3013 quae
341 2945 371 2997 et
385 2938 487 3013 unguis
505 2936 626 2996 scabros
649 2938 755 3013 aufert,
779 2939 958 3001 linozostidis
980 2944 1129 3020 utriusque

146 3018 216 3078 lolia
231 3019 279 3078 vel
302 3038 388 3080 sucus
402 3021 507 3078 inlitus.
545 3019 684 3093 tithymali
704 3037 803 3081 omnes
823 3040 931 3099 genera
945 3043 1128 3085 verrucarum

147 3102 255 3177 omnia,
270 3102 337 3161 itern
352 3104 499 3182 pterygia,
515 3118 602 3161 varos
617 3103 729 3163 tollunt.
761 3107 912 3166 cicatrices
933 3125 995 3167 cnm
1010 3107 1127 3182 elegan-

146 3186 185 3244 tia
205 3184 240 3243 ad
262 3185 391 3245 colorem
411 3186 522 3245 reducit
546 3185 685 3245 ladanum.
721 3190 768 3249 15.
793 3189 971 3250 Artemisiam
993 3198 1022 3248 et
1044 3190 1162 3255 ciali-as

146 3267 283 3410 sphgcum
303 3269 441 3347 adligatos
464 3268 512 3347 qui
539 3268 642 3329 habeat
669 3272 763 3332 viator
787 3282 908 3349 negatur
933 3272 1126 3333 lassitudinem

146 3369 198 3410 sen
221 3368 262 3409 re.

105 3446 153 3497 tst
210 3435 294 3513 (ab.)
316 3435 503 3498 Muliebribus
514 3436 622 3499 morbis
637 3438 767 3501 medetur
780 3457 908 3501 maxume
920 3439 947 3499 iu
963 3440 1125 3499 universnm
