2484 3817
298 175 482 224 sammaa.
498 176 604 223 xxxv.
623 173 709 227 6—9.
725 161 875 268 (ae—‘ael
976 162 980 177 “
1036 165 1075 223 77

88 330 120 393 C.
133 330 271 391 Terentio
286 329 411 390 Lucano.
446 329 472 387 is
493 343 548 387 avo
565 346 651 388 suaa
670 346 728 406 quo
744 328 895 405 adoptatus
914 329 1009 388 iuerat
1026 330 1075 388 tri·

87 418 166 494 ginta
190 417 269 493 paria
289 416 318 474 in
338 414 404 473 ioro
417 430 471 491 per
486 410 608 472 triduum
627 412 706 471 dedit
724 412 904 489 tabulamque
923 414 1026 488 pictam
1045 415 1075 472 in

86 516 205 559 nemore
220 498 327 558 Dianae
341 499 448 575 posuit.

148 582 176 645 8.
192 582 275 661 (34.)
290 580 372 641 Nunc
386 578 512 639 celebris
526 580 554 638 in
570 594 605 637 ea
619 585 778 655 antequam
791 593 919 635 maxuma
930 578 1073 638 breuitate
1083 591 1117 645 5³

59 687 73 727 a
86 684 262 744 percurram,
274 665 454 742 nequeenim
465 662 586 721 instituti
599 662 699 739 operis
712 669 758 719 est
769 659 834 719 talis
849 664 1012 736 exsecutio,
1024 664 1075 721 ita-

86 766 142 827 que
156 750 294 828 quosdam
308 748 357 809 uel
372 749 401 807 in
416 755 581 805 transcursu
596 751 627 803 et
641 745 671 803 in
686 743 806 803 aliorum
818 745 963 803 mentione
979 744 1075 803 ohiter

85 836 248 894 nominasse
270 834 340 892 satis
363 832 435 906 crit,
462 828 594 905 exceptis
615 845 735 905 operum
753 827 932 887 claritatibus
948 844 1022 905 quae
1045 837 1100 888 et.

84 918 147 995 ipsa
159 918 312 976 conveniat
326 914 428 989 attingi
444 914 506 972 sive
520 920 635 970 exstant
646 913 709 970 sive
724 909 908 971 intercidere.
926 909 993 969 Non
1004 927 1071 969 con·
1082 921 1116 973 54
1191 974 1195 981 ,

85 1008 142 1059 stat
157 1000 212 1058 sibi
227 1000 256 1057 in
271 998 324 1057 hac
336 1006 419 1074 parte
433 995 607 1055 Graecorum
620 994 773 1071 diligentia
787 992 889 1053 multas
903 1003 972 1072 post
987 994 1075 1069 olym-

49 1082 182 1161 ropiad'as
197 1081 372 1140 celebrando
388 1081 516 1158 pictores
534 1095 616 1154 quam
632 1080 786 1137 statuarios
803 1095 838 1137 ac
853 1085 1000 1158 tarentas,
1017 1079 1075 1154 pri·

83 1182 215 1242 mumque
228 1164 388 1242 olympiade
405 1164 607 1239 nonagesima,
623 1177 686 1220 cum
703 1170 734 1219 et
747 1160 865 1220 Phidian
881 1160 973 1238 ipsum
986 1162 1073 1221 initio

83 1250 226 1326 pictorem
242 1248 334 1307 luisse
356 1247 482 1306 tradatur
501 1244 682 1323 clipeumque
698 1244 821 1303 Athenis
841 1242 877 1302 ab
898 1261 935 1303 eo
957 1247 1073 1323 pictum,

83 1338 238 1409 praeterea
260 1333 290 1389 in
311 1332 447 1390 confesso
478 1330 516 1388 sit
533 1330 713 1405 octogesima
733 1330 820 1386 tertia
841 1328 932 1387 inisse
955 1329 1074 1388 fratrem

84 1415 148 1473 eius
161 1413 333 1489 Banaenum,
346 1414 393 1491 qui
406 1413 529 1491 clipeum
544 1414 619 1471 intus
633 1413 724 1490 pinxit
735 1410 819 1468 Elide
831 1409 979 1471 llineruae
991 1430 1074 1488 quarn

49 1515 73 1555 1⁵
83 1498 193 1557 iecerat
200 1495 322 1557 Colotes
334 1495 618 1575 discipulusl'hidiae
631 1503 662 1555 et
673 1496 701 1553 ei
716 1495 745 1551 in
759 1493 892 1551 iaciendo
901 1492 1074 1570 lochIpm·

83 1578 134 1659 pio'
158 1581 280 1642 adiutor.
328 1580 395 1658 qnid
417 1579 494 1658 quod
515 1581 544 1637 in
565 1579 703 1637 coniesso
724 1575 845 1654 perinde
870 1585 917 1635 est
938 1577 1069 1638 Bularchi
1081 1592 1114 1644 55

82 1666 204 1742 pictoris
216 1664 359 1738 tahalam,
371 1666 400 1721 in
415 1680 470 1739 qua
482 1670 544 1720 erat
554 1659 719 1736 Magnetum
728 1659 888 1737 proelium,
900 1678 917 1719 a
929 1658 1073 1721 Candaule

83 1764 155 1824 rege
170 1746 277 1823 Lydiae
298 1744 511 1805 Heraclidarum
528 1744 704 1819 novissimo,
724 1744 771 1819 qui
793 1751 823 1802 ct
842 1742 977 1819 Myrsilus
987 1748 1072 1803 'voci-

84 1838 160 1889 tatus
177 1838 240 1906 cst,
256 1844 409 1905 repensam
431 1823 521 1886 aurci
550 1834 628 1884 tanta
643 1827 697 1884 iam
713 1826 841 1903 dignatio
857 1828 985 1905 picturae
1001 1837 1072 1887 erat.

49 1924 76 1965 ao
86 1914 162 1971 circa
178 1910 293 1971 Romuli
309 1910 338 1969 id
353 1918 478 1969 aetatem
498 1908 635 1969 acciderit
649 1927 773 1969 necesse
794 1918 857 1986 est,
883 1913 988 1982 etenim
1004 1910 1072 1970 duo-

84 1994 259 2055 devicesima
274 1993 435 2072 olympiade
453 1994 562 2052 interiit
578 1991 740 2053 Candaules
755 2002 820 2069 ant,
839 2002 871 2053 ut
888 1994 1000 2071 quidam
1017 2002 1073 2055 tra·

84 2079 171 2155 dunt,
192 2078 295 2137 eodem
310 2095 384 2137 anno
400 2094 456 2154 quo
472 2076 628 2154 Romulus,
649 2078 705 2135 nisi
725 2075 829 2153 iallor,
852 2079 1002 2138 maniiesta
1017 2079 1073 2137 iam

85 2153 152 2221 tunc
167 2162 298 2221 claritate
310 2164 392 2238 artis,
409 2160 482 2220 adeo
498 2160 694 2220 absolutione.
717 2160 829 2238 quodsi
843 2164 934 2240 recipi
946 2173 1068 2222 necesse
1080 2174 1114 2228 56

85 2252 149 2322 est,
176 2244 259 2305 simul
280 2245 417 2322 adpareat
440 2244 529 2303 multo
550 2246 712 2304 vetustiora
728 2246 869 2323 principia
889 2264 1000 2324 eosque
1024 2248 1072 2324 qui

49 2348 76 2385 as
84 2329 325 2389 monochromatis
346 2330 508 2407 pinxerint,
540 2344 660 2405 quorum
680 2335 760 2387 aetas
781 2330 992 2405 contraditur,
1022 2329 1072 2389 ali

84 2420 191 2490 quanto
212 2408 408 2489 antefuisse,
431 2410 675 2488 Hygiaenontem,
697 2410 815 2490 Dinian,
840 2411 1014 2486 Charmadam
1041 2422 1072 2473 et

67 2544 70 2547 .
86 2496 133 2571 qui
159 2496 265 2571 primus
279 2497 308 2555 in
327 2498 440 2575 pictura
453 2512 560 2553 marem
579 2496 716 2555 alemina
732 2494 905 2556 discreverit
920 2496 1070 2555 Eumarum

85 2576 292 2638 Atheniensem
304 2581 409 2657 figuras
421 2578 512 2639 omnis
524 2579 626 2637 imitari
638 2596 751 2654 ausum,
763 2581 869 2657 quique
880 2581 996 2638 inventa
1007 2580 1070 2639 eius

86 2660 248 2721 excoluerit
260 2660 407 2721 Cimonem
421 2660 607 2721 Cleonaeum.
639 2661 686 2721 hic
696 2663 867 2740 catagrapha
881 2664 1006 2739 inuenit,
1016 2662 1072 2722 hoc

51 2759 77 2799 ac
87 2751 133 2803 est
154 2743 285 2822 obliquas
300 2746 457 2821 imagines,
478 2752 508 2805 et
524 2747 604 2805 varie
619 2745 744 2805 lormarc
757 2744 871 2821 voltus,
886 2748 1070 2822 respicientis

87 2828 367 2904 suspicientisvevel
378 2828 576 2905 despicientis.
593 2827 720 2888 articulis
731 2828 858 2888 membra
870 2828 1010 2907 distinxit,
1021 2848 1070 2889 ue·

86 2927 137 2969 nas
151 2911 287 2988 protulit,
304 2920 477 2989 praeterque
493 2914 522 2970 in
535 2919 622 2971 veste
639 2928 726 2988 rugas
741 2918 772 2971 et
787 2912 865 2971 sinus
881 2914 1001 2972 invenit.
1017 2912 1068 2971 Pa·
1078 2925 1110 2980 57

86 3010 194 3054 naeuus
208 2995 320 3071 quidem
327 2992 540 3054 iratorPhidiae
553 2996 640 3054 etiam
652 2993 1070 3072 proeliumhtheniensinmad-

87 3093 202 3137 uersum
214 3076 319 3137 Persas
334 3076 407 3154 apud
420 3075 586 3137 Marathona
600 3079 705 3137 iactum
719 3077 819 3155 pinxit.
834 3078 907 3138 adeo
922 3080 977 3138 iam
990 3078 1069 3139 colo·

53 3176 79 3215 aa
88 3176 224 3221 ramosus
235 3160 429 3235 increbuerat,
437 3160 569 3238 adeoque
579 3179 626 3223 ars
635 3160 765 3238 perlecta
779 3170 842 3220 erat
853 3170 884 3221 ut
897 3163 926 3221 in
940 3180 1070 3240 ecprce·

87 3241 128 3301 lio
139 3244 268 3305 iconicos
281 3243 368 3304 duces
382 3244 510 3320 pinxisse
525 3244 667 3319 tradatur,
679 3242 899 3304 Atheniensium
911 3245 1068 3323 llliltiaden,

88 3322 300 3404 Callimachum,
314 3325 518 3403 Cynaegirum,
537 3325 722 3387 harbarorum
740 3326 844 3404 Datim,
855 3326 1067 3406 Artaphernem
1097 3332 1105 3342 ”

147 3411 175 3470 9.
191 3411 273 3489 (35.)
290 3406 464 3482 Quinimmo
480 3416 627 3471 certamen
642 3412 728 3470 ctiam
742 3412 871 3490 picturae
886 3410 1009 3475 dorentc
1027 3430 1064 3473 eo
1076 3423 1112 3478 58
