2484 3817
315 225 394 272 nur.
412 224 505 273 msr.
520 226 631 273 xxm.
650 222 675 274 4.
693 212 889 289 5.(14-—18.)
1036 214 1097 277 293

102 377 397 457 cruditam-quae
405 380 437 438 lit
447 378 788 455 gratissima—incidat,
797 378 966 439 testudinem
978 380 1096 440 circum·

101 464 171 522 cisis
189 461 324 539 pedibus,
344 464 456 540 capite,
473 462 563 522 cauda
577 461 728 522 decoctam
745 462 899 521 antidotum
914 481 981 522 esse
996 473 1098 525 auctor

100 554 147 606 est
162 545 287 624 Pelops,
309 548 436 605 scincum
451 546 585 624 Apelles.
614 545 681 623 quid
699 554 779 605 esset
795 547 910 605 scincus
928 546 1059 623 diximus,
1068 548 1140 629 233,ss

101 630 219 707 saepius
232 647 304 689 sero
317 639 451 707 quantum
465 630 589 689 venetici
604 631 632 687 in
646 629 799 688 menstruis
813 629 971 689 mulierum.
995 642 1095 692 contra
1105 643 1141 697 44

74 715 193 774 somnia
209 714 420 811 suffundimur,
438 722 468 772 nt
482 713 619 788 diximus,
635 712 751 789 mullus,
766 715 834 772 item
850 722 950 773 contra
966 715 1140 799 pasti-'qlla-

98 814 199 856 nacam
210 806 240 856 et
251 799 424 876 scorpiones
434 798 583 856 terrestris
594 798 778 875 marinosque
788 806 817 856 et
829 796 973 856 dracones
985 807 1015 857 ct
1027 797 1096 878 plra-

98 881 196 957 lunqia
210 881 308 941 inlitus
325 891 491 959 sumptusve
510 883 539 939 in
560 879 638 939 cibo.
666 880 794 940 eiusdem
815 882 942 941 recentis
964 900 980 941 e
1000 883 1096 960 capite

100 966 172 1024 cinis
187 973 286 1024 contm
300 967 393 1024 omnia
407 982 530 1040 venena,
545 964 679 1043 privatim
696 973 796 1023 contra
810 964 926 1040 longos.
947 964 1020 1025 mala
1037 984 1095 1025 me·

99 1049 258 1108 dieamenta
274 1049 372 1108 inlerri
386 1057 494 1125 negant
507 1064 597 1125 posse
609 1056 657 1107 aut
669 1055 749 1107 certe
764 1064 873 1107 nocere
888 1048 974 1109 stella
989 1050 1096 1109 marina

64 1132 218 1211 rovolpiuo
240 1134 380 1209 sanguine
402 1132 481 1191 inlita
504 1142 534 1191 et
553 1130 649 1191 adlisa
673 1131 761 1191 limini
782 1132 925 1209 superiori
944 1141 990 1193 aut
1010 1132 1094 1194 clavo

97 1234 186 1276 aereo
199 1218 312 1277 ianuae.

161 1300 245 1378 (17.)
266 1299 412 1360 Draconis
425 1300 524 1359 marini
539 1300 783 1378 scorpionumque
799 1300 874 1359 ictus
892 1298 1026 1359 carnibus
1045 1318 1092 1361 ca·
1103 1310 1137 1365 45

97 1400 160 1443 rum
180 1384 328 1463 inpositis,
351 1384 419 1443 item
440 1399 609 1443 araneorum
629 1400 742 1443 morsus
765 1393 908 1443 sanantur.
940 1384 968 1442 in
988 1400 1095 1445 summa

100 1475 198 1527 contm
214 1469 306 1527 omnia
317 1484 430 1527 venena
445 1467 493 1526 vel
509 1475 578 1547 potu
594 1467 641 1527 vel
656 1470 714 1527 ictu
729 1467 777 1527 val
792 1484 890 1526 morsu
908 1468 994 1527 noxia
1009 1486 1095 1527 sucus

64 1568 196 1611 mearum
220 1570 236 1610 e
258 1553 320 1611 iure
346 1551 531 1611 decoctarum
557 1552 777 1611 cllicacissimus
804 1548 935 1609 babetur.
967 1549 1039 1611 Sunt
1067 1560 1097 1610 et

100 1637 222 1695 servatis
236 1634 365 1714 piscibus
380 1635 551 1709 medicinae,
567 1635 865 1709 salsamentorumque
882 1632 963 1690 cibus
975 1634 1096 1709 prodest

99 1738 115 1779 a
132 1729 269 1798 serpente
286 1718 435 1796 percussis
451 1726 481 1776 et
496 1726 597 1777 contra
614 1716 770 1775 bestiarum
788 1718 863 1775 ictus
878 1730 959 1773 merc
975 1714 1095 1777 subinde

98 1803 200 1863 hausto
215 1804 254 1861 ita
268 1810 300 1859 ut
314 1816 370 1877 per
383 1816 507 1877 snpema
525 1798 606 1859 cibus
623 1799 780 1858 vomitione
802 1796 946 1875 reddatur,
965 1799 1092 1876 peculia·
1103 1810 1138 1866 46

97 1888 169 1946 riter
192 1902 208 1945 a
230 1882 377 1957 chalcide,
397 1890 512 1941 ceraste
532 1891 581 1942 aut
598 1898 670 1960 quas
691 1898 779 1960 sepas
799 1888 905 1941 vocant
926 1892 973 1942 aut
994 1881 1093 1961 elops,

62 1968 219 2047 aodipsade
235 1967 393 2045 percussis.
427 1974 527 2025 contra
550 1966 736 2044 scorpionem
755 1966 864 2043 largius
882 1967 953 2025 sumi
970 1964 1022 2025 sed
1038 1983 1096 2026 nou

98 2054 193 2114 evomi
209 2050 380 2110 salsamenta
395 2048 517 2128 prodest
539 2050 578 2109 ita
599 2058 630 2109 ut
650 2050 712 2110 sitis
728 2050 884 2125 toleretur,
907 2057 936 2109 et
953 2050 1095 2129 inponere

97 2137 194 2217 plagis
209 2133 310 2194 eadem
331 2135 475 2194 convenit.
503 2142 602 2193 contra
619 2134 834 2195 crocodilorum
851 2134 967 2212 quidem
982 2152 1095 2195 morsus

97 2238 154 2280 non
169 2217 245 2280 aliud
260 2218 442 2295 praesentius
456 2216 586 2277 babetur.
608 2218 739 2297 privatim
752 2227 851 2278 contra
863 2220 1004 2296 presteris
1019 2234 1094 2278 mor·

98 2322 159 2363 sum
181 2302 265 2363 sarda
285 2302 415 2380 prodest.
444 2303 618 2379 inponuntur
639 2302 811 2363 salsamenta
833 2308 864 2361 et
892 2313 991 2362 contra
1013 2302 1091 2362 canis
1103 2310 1137 2367 47

62 2402 89 2443 ss
99 2387 267 2460 rabiosi,—
277 2386 325 2446 vel
338 2386 362 2445 si
376 2400 433 2444 nou
448 2387 504 2445 sint
517 2385 598 2445 ferro
614 2394 697 2445 ustae
712 2386 819 2465 plagae
835 2400 1019 2464 corporaque
1035 2385 1095 2460 cly-

98 2469 225 2530 steribus
240 2470 395 2546 exinanita,
410 2468 468 2529 boc
482 2486 537 2547 per
550 2486 585 2529 se
599 2469 706 2529 sullicit
720 2504 762 2515 —
776 2478 805 2529 et
822 2478 922 2529 contra
941 2469 1095 2529 draconem

97 2555 234 2613 marinum
250 2570 287 2612 ex
301 2562 387 2613 aceto
400 2554 582 2631 inponuntur.
612 2552 686 2612 idem
703 2562 733 2613 et
749 2552 835 2629 cybio
852 2553 984 2612 enectus.
1006 2552 1094 2613 draco

99 2636 214 2715 quidem
227 2637 350 2695 marinus
365 2636 401 2696 ud
416 2638 518 2715 spinae
534 2652 606 2695 suae
623 2654 678 2716 qna
694 2637 762 2697 ierit
777 2654 918 2697 venenum
932 2637 996 2714 ipse
1013 2637 1094 2715 inpo-

100 2724 171 2781 situs
186 2718 234 2777 vel
249 2717 375 2778 cerebro
389 2728 452 2779 toto
470 2720 600 2799 prodest.

64 2821 91 2863 sc
162 2798 247 2880 (ts.)
268 2802 410 2861 Ranarum
425 2804 593 2863 marinarum
618 2820 657 2863 ex
676 2804 744 2863 rinc
760 2812 789 2863 et
806 2811 891 2863 aceto
908 2803 1137 2868 decoctarumta
1199 2814 1201 2823 ’

98 2903 186 2947 sucus
201 2894 301 2946 contm
311 2900 423 2945 venena
438 2885 543 2946 bibitur
557 2895 589 2946 et
603 2894 703 2946 contm
718 2904 806 2947 ranae
821 2886 940 2947 rubetae
955 2902 1094 2946 venenum

99 2980 131 3031 et
150 2978 250 3030 contra
271 2967 474 3029 salamandras.
504 2970 553 3030 vel
574 2969 792 3031 elluviatilibus
815 2973 839 3030 si
857 2986 959 3031 carnes
976 2969 1094 3029 edanom

98 3057 180 3114 iusve
195 3054 377 3113 decoctarum
393 3053 555 3128 sorbeatur,
571 3062 694 3131 prosunt
709 3062 738 3114 ct
753 3063 852 3114 contra
868 3053 998 3133 leporem
1009 3052 1092 3111 mari·

99 3154 165 3196 num
180 3146 211 3196 et
224 3144 325 3197 contra
346 3137 489 3213 serpentis
510 3138 722 3215 supradictos,
743 3147 842 3198 contra
865 3140 1036 3217 scorpiones
1055 3152 1093 3195 ex

63 3222 176 3282 moino.
195 3219 376 3280 Democritus
388 3219 501 3299 quidem
512 3220 606 3297 tradit,
623 3221 648 3279 si
660 3222 724 3298 quis
737 3220 866 3282 extrahat
881 3238 968 3282 ranae
981 3220 1088 3279 viventi
1099 3228 1133 3285 49

98 3304 225 3381 linquam
236 3304 313 3364 nulla
327 3304 382 3364 alia
395 3306 528 3381 corporis
544 3312 627 3381 parte
642 3303 827 3379 adhaerente,
843 3307 963 3383 ipsaque
975 3304 1089 3363 dimissa

98 3389 128 3447 in
152 3403 253 3465 aquam
271 3389 388 3466 inponat
411 3403 499 3465 supra
526 3385 625 3446 cordis
650 3386 865 3466 palpitationem
889 3387 999 3448 mulieri
1027 3383 1090 3444 dor·

98 3472 208 3547 mienti,
225 3486 424 3551 quaecumque
434 3470 659 3546 interrogaverit
669 3487 739 3530 vera
752 3486 965 3549 responsuram.
986 3466 1091 3531 addunt
