<?xml version="1.0" encoding="UTF-8"?>
<!DOCTYPE html PUBLIC "-//W3C//DTD XHTML 1.0 Transitional//EN"
    "http://www.w3.org/TR/xhtml1/DTD/xhtml1-transitional.dtd">
<html xmlns="http://www.w3.org/1999/xhtml" xml:lang="en" lang="en">
 <head>
  <title>
</title>
<meta http-equiv="Content-Type" content="text/html;charset=utf-8" />
  <meta name='ocr-system' content='tesseract 3.04.00' />
  <meta name='ocr-capabilities' content='ocr_page ocr_carea ocr_par ocr_line ocrx_word'/>
</head>
<body>
  <div class='ocr_page' id='page_1' title='image "./cplinisecundina24plingoog_0631.png"; bbox 0 0 2484 3817; ppageno 0'>
   <div class='ocr_carea' id='block_1_1' title="bbox 216 131 1094 260">
    <p class='ocr_par' dir='ltr' id='par_1_1' title="bbox 216 131 1094 260">
     <span class='ocr_line' id='line_1_1' title="bbox 216 131 1094 260; baseline 0.002 -38"><span class='ocrx_word' id='word_1_1' title='bbox 216 147 219 153; x_wconf 86' lang='grc'>’</span> <span class='ocrx_word' id='word_1_2' title='bbox 278 142 465 223; x_wconf 71' lang='grc'>11111111.</span> <span class='ocrx_word' id='word_1_3' title='bbox 479 131 736 225; x_wconf 64' lang='lat' dir='ltr'><strong>navum—se.</strong></span> <span class='ocrx_word' id='word_1_4' title='bbox 752 161 903 244; x_wconf 72' lang='lat' dir='ltr'><strong>(su-se.)</strong></span> <span class='ocrx_word' id='word_1_5' title='bbox 1035 163 1094 260; x_wconf 75' lang='grc'><strong>138</strong></span> 
     </span>
    </p>
   </div>
   <div class='ocr_carea' id='block_1_2' title="bbox 13 327 1197 3508">
    <p class='ocr_par' dir='ltr' id='par_1_2' title="bbox 56 327 1197 1162">
     <span class='ocr_line' id='line_1_2' title="bbox 94 327 1092 408; baseline -0.004 -15"><span class='ocrx_word' id='word_1_6' title='bbox 94 331 187 394; x_wconf 88' lang='lat' dir='ltr'><strong>sterni</strong></span> <span class='ocrx_word' id='word_1_7' title='bbox 203 337 234 390; x_wconf 89' lang='lat' dir='ltr'><strong>et</strong></span> <span class='ocrx_word' id='word_1_8' title='bbox 247 331 342 408; x_wconf 83' lang='lat' dir='ltr'><strong>capita</strong></span> <span class='ocrx_word' id='word_1_9' title='bbox 354 345 451 389; x_wconf 86' lang='lat' dir='ltr'><strong>earum</strong></span> <span class='ocrx_word' id='word_1_10' title='bbox 462 327 637 407; x_wconf 79' lang='lat' dir='ltr'><strong>praeligi&#39;ne</strong></span> <span class='ocrx_word' id='word_1_11' title='bbox 651 337 842 407; x_wconf 73' lang='lat' dir='ltr'><strong>torqueantur</strong></span> <span class='ocrx_word' id='word_1_12' title='bbox 858 337 888 390; x_wconf 88' lang='lat' dir='ltr'><strong>et</strong></span> <span class='ocrx_word' id='word_1_13' title='bbox 900 328 997 390; x_wconf 89' lang='lat' dir='ltr'><strong>ruderi</strong></span> <span class='ocrx_word' id='word_1_14' title='bbox 1013 345 1092 389; x_wconf 83' lang='lat' dir='ltr'><strong>nouo</strong></span> 
     </span>
     <span class='ocr_line' id='line_1_3' title="bbox 95 411 1197 494; baseline -0.003 -19"><span class='ocrx_word' id='word_1_15' title='bbox 95 416 211 493; x_wconf 86' lang='lat' dir='ltr'><strong>tertiam</strong></span> <span class='ocrx_word' id='word_1_16' title='bbox 230 423 342 494; x_wconf 90' lang='lat' dir='ltr'><strong>partem</strong></span> <span class='ocrx_word' id='word_1_17' title='bbox 362 421 458 472; x_wconf 88' lang='lat' dir='ltr'><strong>testae</strong></span> <span class='ocrx_word' id='word_1_18' title='bbox 476 421 578 471; x_wconf 86' lang='lat' dir='ltr'><strong>tunsae</strong></span> <span class='ocrx_word' id='word_1_19' title='bbox 600 413 682 489; x_wconf 84' lang='lat' dir='ltr'><strong>addi,</strong></span> <span class='ocrx_word' id='word_1_20' title='bbox 703 413 775 472; x_wconf 89' lang='lat' dir='ltr'><strong>dein</strong></span> <span class='ocrx_word' id='word_1_21' title='bbox 787 411 884 471; x_wconf 83' lang='lat' dir='ltr'><strong>rudus</strong></span> <span class='ocrx_word' id='word_1_22' title='bbox 897 414 927 472; x_wconf 93' lang='lat' dir='ltr'><strong>in</strong></span> <span class='ocrx_word' id='word_1_23' title='bbox 942 431 1000 491; x_wconf 91' lang='lat' dir='ltr'><strong>quo</strong></span> <span class='ocrx_word' id='word_1_24' title='bbox 1018 413 1092 474; x_wconf 88' lang='lat' dir='ltr'><strong>duae</strong></span> <span class='ocrx_word' id='word_1_25' title='bbox 1194 425 1197 434; x_wconf 93' lang='grc'><strong>’</strong></span> 
     </span>
     <span class='ocr_line' id='line_1_4' title="bbox 94 494 1134 579; baseline 0.001 -21"><span class='ocrx_word' id='word_1_26' title='bbox 94 496 212 579; x_wconf 90' lang='lat' dir='ltr'><strong>quintae</strong></span> <span class='ocrx_word' id='word_1_27' title='bbox 227 498 315 561; x_wconf 89' lang='lat' dir='ltr'><strong>calcis</strong></span> <span class='ocrx_word' id='word_1_28' title='bbox 329 498 505 573; x_wconf 84' lang='lat' dir='ltr'><strong>misceantur</strong></span> <span class='ocrx_word' id='word_1_29' title='bbox 519 494 614 574; x_wconf 91' lang='lat' dir='ltr'><strong>pedali</strong></span> <span class='ocrx_word' id='word_1_30' title='bbox 627 497 818 556; x_wconf 77' lang='lat' dir='ltr'>crassitudine</span> <span class='ocrx_word' id='word_1_31' title='bbox 832 496 980 555; x_wconf 85' lang='lat' dir='ltr'><strong>lestucari.</strong></span> <span class='ocrx_word' id='word_1_32' title='bbox 1004 506 1134 565; x_wconf 82' lang='grc'>11111187</span> 
     </span>
     <span class='ocr_line' id='line_1_5' title="bbox 95 579 1091 656; baseline -0.003 -13"><span class='ocrx_word' id='word_1_33' title='bbox 95 582 199 644; x_wconf 88' lang='lat' dir='ltr'><strong>nucleo</strong></span> <span class='ocrx_word' id='word_1_34' title='bbox 219 600 320 643; x_wconf 89' lang='lat' dir='ltr'><strong>crasso</strong></span> <span class='ocrx_word' id='word_1_35' title='bbox 344 599 400 641; x_wconf 87' lang='lat' dir='ltr'><strong>sex</strong></span> <span class='ocrx_word' id='word_1_36' title='bbox 422 580 532 656; x_wconf 77' lang='lat' dir='ltr'><strong>digitos</strong></span> <span class='ocrx_word' id='word_1_37' title='bbox 553 579 648 654; x_wconf 79' lang='lat' dir='ltr'><strong>induci</strong></span> <span class='ocrx_word' id='word_1_38' title='bbox 673 580 794 640; x_wconf 84' lang='lat' dir='ltr'><strong>tessella</strong></span> <span class='ocrx_word' id='word_1_39' title='bbox 808 579 910 656; x_wconf 92' lang='lat' dir='ltr'><strong>grandi</strong></span> <span class='ocrx_word' id='word_1_40' title='bbox 926 597 984 638; x_wconf 91' lang='lat' dir='ltr'><strong>non</strong></span> <span class='ocrx_word' id='word_1_41' title='bbox 999 584 1091 640; x_wconf 89' lang='lat' dir='ltr'><strong>minus</strong></span> 
     </span>
     <span class='ocr_line' id='line_1_6' title="bbox 71 663 1090 742; baseline -0.004 -14"><span class='ocrx_word' id='word_1_42' title='bbox 71 667 153 728; x_wconf 74' lang='lat' dir='ltr'><strong>saltu</strong></span> <span class='ocrx_word' id='word_1_43' title='bbox 167 666 240 726; x_wconf 92' lang='lat' dir='ltr'><strong>dnos</strong></span> <span class='ocrx_word' id='word_1_44' title='bbox 253 667 362 742; x_wconf 82' lang='lat' dir='ltr'><strong>digitos</strong></span> <span class='ocrx_word' id='word_1_45' title='bbox 378 666 461 740; x_wconf 88' lang='lat' dir='ltr'><strong>strui,</strong></span> <span class='ocrx_word' id='word_1_46' title='bbox 478 664 624 740; x_wconf 79' lang='lat' dir='ltr'><strong>fastigium</strong></span> <span class='ocrx_word' id='word_1_47' title='bbox 636 680 708 722; x_wconf 90' lang='lat' dir='ltr'><strong>vero</strong></span> <span class='ocrx_word' id='word_1_48' title='bbox 722 665 833 723; x_wconf 85' lang='lat' dir='ltr'><strong>servari</strong></span> <span class='ocrx_word' id='word_1_49' title='bbox 845 666 874 722; x_wconf 91' lang='lat' dir='ltr'><strong>in</strong></span> <span class='ocrx_word' id='word_1_50' title='bbox 889 663 982 740; x_wconf 91' lang='lat' dir='ltr'><strong>pedes</strong></span> <span class='ocrx_word' id='word_1_51' title='bbox 998 664 1090 724; x_wconf 84' lang='lat' dir='ltr'><strong>denos</strong></span> 
     </span>
     <span class='ocr_line' id='line_1_7' title="bbox 94 746 1091 825; baseline -0.006 -13"><span class='ocrx_word' id='word_1_52' title='bbox 94 751 265 812; x_wconf 80' lang='lat' dir='ltr'><strong>sescunciae</strong></span> <span class='ocrx_word' id='word_1_53' title='bbox 287 767 321 809; x_wconf 89' lang='lat' dir='ltr'><strong>ac</strong></span> <span class='ocrx_word' id='word_1_54' title='bbox 344 747 504 824; x_wconf 77' lang='lat' dir='ltr'><strong>diiigenter</strong></span> <span class='ocrx_word' id='word_1_55' title='bbox 531 755 601 807; x_wconf 90' lang='lat' dir='ltr'><strong>cote</strong></span> <span class='ocrx_word' id='word_1_56' title='bbox 631 747 807 824; x_wconf 72' lang='lat' dir='ltr'><strong>despumati.¹</strong></span> <span class='ocrx_word' id='word_1_57' title='bbox 849 749 967 825; x_wconf 89' lang='lat' dir='ltr'><strong>quernis</strong></span> <span class='ocrx_word' id='word_1_58' title='bbox 989 746 1091 806; x_wconf 77' lang='lat' dir='ltr'><strong>axibus</strong></span> 
     </span>
     <span class='ocr_line' id='line_1_8' title="bbox 95 829 1092 911; baseline -0.005 -16"><span class='ocrx_word' id='word_1_59' title='bbox 95 832 291 909; x_wconf 66' lang='lat' dir='ltr'><strong>cunabulari,</strong></span> <span class='ocrx_word' id='word_1_60' title='bbox 317 834 383 911; x_wconf 87' lang='lat' dir='ltr'><strong>quia</strong></span> <span class='ocrx_word' id='word_1_61' title='bbox 399 839 588 908; x_wconf 84' lang='lat' dir='ltr'><strong>torquentur,</strong></span> <span class='ocrx_word' id='word_1_62' title='bbox 606 831 707 890; x_wconf 91' lang='lat' dir='ltr'><strong>inutile</strong></span> <span class='ocrx_word' id='word_1_63' title='bbox 723 839 839 908; x_wconf 87' lang='lat' dir='ltr'><strong>putant,</strong></span> <span class='ocrx_word' id='word_1_64' title='bbox 858 833 943 889; x_wconf 90' lang='lat' dir='ltr'><strong>immo</strong></span> <span class='ocrx_word' id='word_1_65' title='bbox 960 838 990 890; x_wconf 90' lang='lat' dir='ltr'><strong>et</strong></span> <span class='ocrx_word' id='word_1_66' title='bbox 1004 829 1092 890; x_wconf 84' lang='lat' dir='ltr'><strong>felice</strong></span> 
     </span>
     <span class='ocr_line' id='line_1_9' title="bbox 94 913 1093 996; baseline -0.007 -17"><span class='ocrx_word' id='word_1_67' title='bbox 94 928 143 979; x_wconf 88' lang='lat' dir='ltr'><strong>aut</strong></span> <span class='ocrx_word' id='word_1_68' title='bbox 161 916 245 996; x_wconf 86' lang='lat' dir='ltr'><strong>palea</strong></span> <span class='ocrx_word' id='word_1_69' title='bbox 260 916 407 976; x_wconf 86' lang='lat' dir='ltr'><strong>substerni</strong></span> <span class='ocrx_word' id='word_1_70' title='bbox 429 914 533 974; x_wconf 90' lang='lat' dir='ltr'><strong>melius</strong></span> <span class='ocrx_word' id='word_1_71' title='bbox 553 933 638 992; x_wconf 88' lang='lat' dir='ltr'><strong>esse,</strong></span> <span class='ocrx_word' id='word_1_72' title='bbox 661 933 719 993; x_wconf 91' lang='lat' dir='ltr'><strong>quo</strong></span> <span class='ocrx_word' id='word_1_73' title='bbox 739 915 896 974; x_wconf 86' lang='lat' dir='ltr'><strong>minervis</strong></span> <span class='ocrx_word' id='word_1_74' title='bbox 922 913 1009 974; x_wconf 86' lang='lat' dir='ltr'><strong>culcis</strong></span> <span class='ocrx_word' id='word_1_75' title='bbox 1027 931 1093 992; x_wconf 85' lang='lat' dir='ltr'><strong>per·</strong></span> 
     </span>
     <span class='ocr_line' id='line_1_10' title="bbox 94 997 1093 1078; baseline -0.006 -16"><span class='ocrx_word' id='word_1_76' title='bbox 94 1002 201 1062; x_wconf 81' lang='lat' dir='ltr'><strong>veniat.</strong></span> <span class='ocrx_word' id='word_1_77' title='bbox 237 1002 434 1060; x_wconf 88' lang='lat' dir='ltr'><strong>necessarium</strong></span> <span class='ocrx_word' id='word_1_78' title='bbox 454 1007 484 1057; x_wconf 87' lang='lat' dir='ltr'><strong>et</strong></span> <span class='ocrx_word' id='word_1_79' title='bbox 506 997 661 1075; x_wconf 90' lang='lat' dir='ltr'><strong>globosum</strong></span> <span class='ocrx_word' id='word_1_80' title='bbox 678 998 803 1078; x_wconf 87' lang='lat' dir='ltr'><strong>lapidem</strong></span> <span class='ocrx_word' id='word_1_81' title='bbox 820 998 921 1058; x_wconf 89' lang='lat' dir='ltr'><strong>subici.</strong></span> <span class='ocrx_word' id='word_1_82' title='bbox 953 997 1093 1057; x_wconf 89' lang='lat' dir='ltr'><strong>Similiter</strong></span> 
     </span>
     <span class='ocr_line' id='line_1_11' title="bbox 56 1084 445 1162; baseline -0.023 -14"><span class='ocrx_word' id='word_1_83' title='bbox 56 1086 165 1148; x_wconf 88' lang='lat' dir='ltr'><strong>1oliunt</strong></span> <span class='ocrx_word' id='word_1_84' title='bbox 181 1084 290 1162; x_wconf 86' lang='lat' dir='ltr'><strong>spicata</strong></span> <span class='ocrx_word' id='word_1_85' title='bbox 305 1092 445 1143; x_wconf 87' lang='lat' dir='ltr'><strong>testacea.</strong></span> 
     </span>
    </p>

    <p class='ocr_par' dir='ltr' id='par_1_3' title="bbox 93 1165 1135 1496">
     <span class='ocr_line' id='line_1_12' title="bbox 157 1165 1135 1246; baseline 0.002 -18"><span class='ocrx_word' id='word_1_86' title='bbox 157 1167 239 1246; x_wconf 83' lang='lat'>(63.)</span> <span class='ocrx_word' id='word_1_87' title='bbox 255 1165 321 1226; x_wconf 82' lang='lat' dir='ltr'><strong>llon</strong></span> <span class='ocrx_word' id='word_1_88' title='bbox 332 1165 546 1243; x_wconf 92' lang='lat' dir='ltr'><strong>neglegendum</strong></span> <span class='ocrx_word' id='word_1_89' title='bbox 558 1174 604 1226; x_wconf 90' lang='lat' dir='ltr'><strong>est</strong></span> <span class='ocrx_word' id='word_1_90' title='bbox 615 1169 768 1227; x_wconf 87' lang='lat' dir='ltr'><strong>etiamnum</strong></span> <span class='ocrx_word' id='word_1_91' title='bbox 779 1185 864 1226; x_wconf 91' lang='lat' dir='ltr'><strong>unum</strong></span> <span class='ocrx_word' id='word_1_92' title='bbox 877 1185 971 1244; x_wconf 91' lang='lat' dir='ltr'><strong>genus</strong></span> <span class='ocrx_word' id='word_1_93' title='bbox 984 1165 1071 1226; x_wconf 85' lang='lat' dir='ltr'><strong>Grae·</strong></span> <span class='ocrx_word' id='word_1_94' title='bbox 1083 1176 1135 1230; x_wconf 87' lang='lat'><strong>188</strong></span> 
     </span>
     <span class='ocr_line' id='line_1_13' title="bbox 94 1251 1091 1330; baseline -0.002 -19"><span class='ocrx_word' id='word_1_95' title='bbox 94 1252 204 1312; x_wconf 87' lang='lat' dir='ltr'><strong>cunici:</strong></span> <span class='ocrx_word' id='word_1_96' title='bbox 226 1251 292 1310; x_wconf 90' lang='lat' dir='ltr'><strong>solo</strong></span> <span class='ocrx_word' id='word_1_97' title='bbox 315 1251 461 1310; x_wconf 82' lang='lat' dir='ltr'><strong>festucato</strong></span> <span class='ocrx_word' id='word_1_98' title='bbox 476 1252 593 1310; x_wconf 91' lang='lat' dir='ltr'><strong>inicitur</strong></span> <span class='ocrx_word' id='word_1_99' title='bbox 606 1251 694 1310; x_wconf 92' lang='lat' dir='ltr'><strong>rudus</strong></span> <span class='ocrx_word' id='word_1_100' title='bbox 709 1253 933 1313; x_wconf 73' lang='lat' dir='ltr'><strong>arrt&#39;testaceum</strong></span> <span class='ocrx_word' id='word_1_101' title='bbox 946 1252 1091 1330; x_wconf 87' lang='lat' dir='ltr'><strong>pavimen·</strong></span> 
     </span>
     <span class='ocr_line' id='line_1_14' title="bbox 93 1333 1091 1415; baseline -0.001 -20"><span class='ocrx_word' id='word_1_102' title='bbox 93 1345 171 1412; x_wconf 89' lang='lat' dir='ltr'><strong>tum,</strong></span> <span class='ocrx_word' id='word_1_103' title='bbox 193 1334 260 1415; x_wconf 86' lang='lat' dir='ltr'><strong>dein</strong></span> <span class='ocrx_word' id='word_1_104' title='bbox 282 1337 378 1412; x_wconf 87' lang='lat' dir='ltr'><strong>spisse</strong></span> <span class='ocrx_word' id='word_1_105' title='bbox 396 1333 514 1394; x_wconf 89' lang='lat' dir='ltr'><strong>calcatis</strong></span> <span class='ocrx_word' id='word_1_106' title='bbox 535 1334 710 1396; x_wconf 86' lang='lat' dir='ltr'><strong>carbonibus</strong></span> <span class='ocrx_word' id='word_1_107' title='bbox 725 1336 868 1395; x_wconf 86' lang='lat' dir='ltr'><strong>inducitur</strong></span> <span class='ocrx_word' id='word_1_108' title='bbox 886 1355 924 1395; x_wconf 83' lang='lat' dir='ltr'><strong>ex</strong></span> <span class='ocrx_word' id='word_1_109' title='bbox 939 1334 1043 1394; x_wconf 88' lang='lat' dir='ltr'><strong>sabulo</strong></span> <span class='ocrx_word' id='word_1_110' title='bbox 1061 1343 1091 1394; x_wconf 92' lang='lat' dir='ltr'><strong>et</strong></span> 
     </span>
     <span class='ocr_line' id='line_1_15' title="bbox 94 1418 1090 1496; baseline -0.001 -17"><span class='ocrx_word' id='word_1_111' title='bbox 94 1419 175 1480; x_wconf 87' lang='lat' dir='ltr'><strong>calce</strong></span> <span class='ocrx_word' id='word_1_112' title='bbox 193 1427 227 1478; x_wconf 85' lang='lat' dir='ltr'><strong>ac</strong></span> <span class='ocrx_word' id='word_1_113' title='bbox 243 1419 347 1478; x_wconf 77' lang='lat' dir='ltr'><strong>darilla</strong></span> <span class='ocrx_word' id='word_1_114' title='bbox 366 1420 481 1495; x_wconf 77' lang='lat' dir='ltr'><strong>mixtis,</strong></span> <span class='ocrx_word' id='word_1_115' title='bbox 504 1421 630 1479; x_wconf 88' lang='lat' dir='ltr'><strong>materia</strong></span> <span class='ocrx_word' id='word_1_116' title='bbox 649 1419 841 1479; x_wconf 88' lang='lat' dir='ltr'><strong>crassitudine</strong></span> <span class='ocrx_word' id='word_1_117' title='bbox 862 1418 1032 1496; x_wconf 85' lang='lat' dir='ltr'><strong>semipedali</strong></span> <span class='ocrx_word' id='word_1_118' title='bbox 1056 1419 1090 1478; x_wconf 90' lang='lat' dir='ltr'><strong>ad</strong></span> 
     </span>
    </p>

    <p class='ocr_par' dir='ltr' id='par_1_4' title="bbox 56 1502 1089 1665">
     <span class='ocr_line' id='line_1_16' title="bbox 56 1502 1089 1580; baseline -0.007 -12"><span class='ocrx_word' id='word_1_119' title='bbox 56 1525 84 1568; x_wconf 80' lang='lat'><strong>15</strong></span> <span class='ocrx_word' id='word_1_120' title='bbox 94 1503 224 1580; x_wconf 86' lang='lat' dir='ltr'><strong>regulam</strong></span> <span class='ocrx_word' id='word_1_121' title='bbox 241 1512 272 1563; x_wconf 92' lang='lat' dir='ltr'><strong>et</strong></span> <span class='ocrx_word' id='word_1_122' title='bbox 287 1502 415 1563; x_wconf 86' lang='lat' dir='ltr'><strong>libellam</strong></span> <span class='ocrx_word' id='word_1_123' title='bbox 429 1504 573 1579; x_wconf 77' lang='lat' dir='ltr'><strong>exigitur,</strong></span> <span class='ocrx_word' id='word_1_124' title='bbox 596 1511 627 1562; x_wconf 88' lang='lat' dir='ltr'><strong>et</strong></span> <span class='ocrx_word' id='word_1_125' title='bbox 645 1509 691 1561; x_wconf 89' lang='lat' dir='ltr'><strong>est</strong></span> <span class='ocrx_word' id='word_1_126' title='bbox 706 1502 798 1560; x_wconf 84' lang='lat' dir='ltr'><strong>forma</strong></span> <span class='ocrx_word' id='word_1_127' title='bbox 815 1509 941 1560; x_wconf 87' lang='lat' dir='ltr'><strong>terrena.</strong></span> <span class='ocrx_word' id='word_1_128' title='bbox 974 1503 999 1561; x_wconf 88' lang='lat' dir='ltr'><strong>si</strong></span> <span class='ocrx_word' id='word_1_129' title='bbox 1017 1519 1089 1561; x_wconf 89' lang='lat' dir='ltr'><strong>vero</strong></span> 
     </span>
     <span class='ocr_line' id='line_1_17' title="bbox 94 1586 917 1665; baseline -0.004 -17"><span class='ocrx_word' id='word_1_130' title='bbox 94 1596 163 1648; x_wconf 89' lang='lat' dir='ltr'><strong>cote</strong></span> <span class='ocrx_word' id='word_1_131' title='bbox 178 1587 338 1665; x_wconf 90' lang='lat' dir='ltr'><strong>depolitum</strong></span> <span class='ocrx_word' id='word_1_132' title='bbox 355 1595 417 1662; x_wconf 88' lang='lat' dir='ltr'><strong>est,</strong></span> <span class='ocrx_word' id='word_1_133' title='bbox 434 1588 509 1662; x_wconf 92' lang='lat' dir='ltr'><strong>nigri</strong></span> <span class='ocrx_word' id='word_1_134' title='bbox 526 1587 682 1663; x_wconf 87' lang='lat' dir='ltr'><strong>pavimenti</strong></span> <span class='ocrx_word' id='word_1_135' title='bbox 698 1601 779 1642; x_wconf 92' lang='lat' dir='ltr'><strong>usum</strong></span> <span class='ocrx_word' id='word_1_136' title='bbox 794 1586 917 1662; x_wconf 88' lang='lat' dir='ltr'><strong>optinet.</strong></span> 
     </span>
    </p>

    <p class='ocr_par' dir='ltr' id='par_1_5' title="bbox 92 1667 1132 1913">
     <span class='ocr_line' id='line_1_18' title="bbox 157 1667 1132 1750; baseline 0.002 -17"><span class='ocrx_word' id='word_1_137' title='bbox 157 1672 239 1750; x_wconf 87' lang='grc'><strong>(64.)</strong></span> <span class='ocrx_word' id='word_1_138' title='bbox 261 1670 442 1728; x_wconf 76' lang='lat' dir='ltr'><strong>lithostrota</strong></span> <span class='ocrx_word' id='word_1_139' title='bbox 465 1676 644 1743; x_wconf 89' lang='lat' dir='ltr'><strong>coeptavere</strong></span> <span class='ocrx_word' id='word_1_140' title='bbox 667 1669 722 1726; x_wconf 87' lang='lat' dir='ltr'><strong>iarn</strong></span> <span class='ocrx_word' id='word_1_141' title='bbox 741 1667 794 1726; x_wconf 91' lang='lat' dir='ltr'><strong>sub</strong></span> <span class='ocrx_word' id='word_1_142' title='bbox 816 1667 914 1746; x_wconf 87' lang='lat' dir='ltr'><strong>Sulla,</strong></span> <span class='ocrx_word' id='word_1_143' title='bbox 932 1668 1069 1746; x_wconf 82' lang='lat' dir='ltr'><strong>¹parvolis</strong></span> <span class='ocrx_word' id='word_1_144' title='bbox 1081 1679 1132 1734; x_wconf 80' lang='grc'><strong>189</strong></span> 
     </span>
     <span class='ocr_line' id='line_1_19' title="bbox 92 1749 1088 1829; baseline -0.004 -13"><span class='ocrx_word' id='word_1_145' title='bbox 92 1764 176 1816; x_wconf 84' lang='lat' dir='ltr'><strong>certe</strong></span> <span class='ocrx_word' id='word_1_146' title='bbox 204 1755 310 1813; x_wconf 90' lang='lat' dir='ltr'><strong>crustis</strong></span> <span class='ocrx_word' id='word_1_147' title='bbox 337 1755 434 1810; x_wconf 73' lang='lat' dir='ltr'><strong>exstat</strong></span> <span class='ocrx_word' id='word_1_148' title='bbox 461 1749 606 1826; x_wconf 88' lang='lat' dir='ltr'><strong>hodieque</strong></span> <span class='ocrx_word' id='word_1_149' title='bbox 634 1751 711 1829; x_wconf 91' lang='lat' dir='ltr'><strong>quod</strong></span> <span class='ocrx_word' id='word_1_150' title='bbox 740 1753 769 1810; x_wconf 92' lang='lat' dir='ltr'><strong>in</strong></span> <span class='ocrx_word' id='word_1_151' title='bbox 793 1751 939 1812; x_wconf 82' lang='lat' dir='ltr'><strong>Fortunae</strong></span> <span class='ocrx_word' id='word_1_152' title='bbox 965 1752 1088 1813; x_wconf 91' lang='lat' dir='ltr'><strong>delubro</strong></span> 
     </span>
     <span class='ocr_line' id='line_1_20' title="bbox 93 1833 1088 1913; baseline -0.003 -14"><span class='ocrx_word' id='word_1_153' title='bbox 93 1838 255 1898; x_wconf 84' lang='lat' dir='ltr'><strong>Praeneste</strong></span> <span class='ocrx_word' id='word_1_154' title='bbox 268 1836 348 1895; x_wconf 91' lang='lat' dir='ltr'><strong>iecit.</strong></span> <span class='ocrx_word' id='word_1_155' title='bbox 376 1833 461 1912; x_wconf 86' lang='lat' dir='ltr'><strong>pulsa</strong></span> <span class='ocrx_word' id='word_1_156' title='bbox 471 1833 575 1893; x_wconf 90' lang='lat' dir='ltr'><strong>deinde</strong></span> <span class='ocrx_word' id='word_1_157' title='bbox 587 1852 627 1893; x_wconf 82' lang='lat' dir='ltr'><strong>ex</strong></span> <span class='ocrx_word' id='word_1_158' title='bbox 641 1835 726 1908; x_wconf 85' lang='lat' dir='ltr'><strong>humo</strong></span> <span class='ocrx_word' id='word_1_159' title='bbox 742 1838 903 1913; x_wconf 81' lang='lat' dir='ltr'><strong>pauimenta</strong></span> <span class='ocrx_word' id='word_1_160' title='bbox 917 1839 947 1896; x_wconf 89' lang='lat' dir='ltr'><strong>in</strong></span> <span class='ocrx_word' id='word_1_161' title='bbox 957 1854 1088 1903; x_wconf 82' lang='lat' dir='ltr'><strong>camaras</strong></span> 
     </span>
    </p>

    <p class='ocr_par' dir='ltr' id='par_1_6' title="bbox 13 1918 1130 2406">
     <span class='ocr_line' id='line_1_21' title="bbox 57 1918 1087 1999; baseline 0.001 -20"><span class='ocrx_word' id='word_1_162' title='bbox 57 1921 239 1986; x_wconf 70' lang='lat' dir='ltr'><strong>eetransiere</strong></span> <span class='ocrx_word' id='word_1_163' title='bbox 254 1938 272 1978; x_wconf 90' lang='lat' dir='ltr'><strong>e</strong></span> <span class='ocrx_word' id='word_1_164' title='bbox 286 1920 380 1994; x_wconf 75' lang='lat' dir='ltr'><strong>vitro,</strong></span> <span class='ocrx_word' id='word_1_165' title='bbox 401 1918 545 1977; x_wconf 85' lang='lat' dir='ltr'><strong>novicium</strong></span> <span class='ocrx_word' id='word_1_166' title='bbox 559 1926 590 1976; x_wconf 88' lang='lat' dir='ltr'><strong>et</strong></span> <span class='ocrx_word' id='word_1_167' title='bbox 604 1918 661 1978; x_wconf 89' lang='lat' dir='ltr'><strong>hnc</strong></span> <span class='ocrx_word' id='word_1_168' title='bbox 675 1921 827 1979; x_wconf 90' lang='lat' dir='ltr'><strong>inventum.</strong></span> <span class='ocrx_word' id='word_1_169' title='bbox 861 1921 993 1999; x_wconf 78' lang='lat' dir='ltr'><strong>Agrippa</strong></span> <span class='ocrx_word' id='word_1_170' title='bbox 1006 1929 1087 1980; x_wconf 90' lang='lat' dir='ltr'><strong>certe</strong></span> 
     </span>
     <span class='ocr_line' id='line_1_22' title="bbox 93 2001 1087 2082; baseline -0.002 -17"><span class='ocrx_word' id='word_1_171' title='bbox 93 2007 124 2065; x_wconf 89' lang='lat' dir='ltr'><strong>in</strong></span> <span class='ocrx_word' id='word_1_172' title='bbox 139 2003 258 2064; x_wconf 89' lang='lat' dir='ltr'><strong>thermis</strong></span> <span class='ocrx_word' id='word_1_173' title='bbox 274 2020 345 2081; x_wconf 89' lang='lat' dir='ltr'><strong>quas</strong></span> <span class='ocrx_word' id='word_1_174' title='bbox 359 2001 472 2061; x_wconf 83' lang='lat' dir='ltr'><strong>Romae</strong></span> <span class='ocrx_word' id='word_1_175' title='bbox 491 2002 562 2062; x_wconf 85' lang='lat' dir='ltr'><strong>fecit</strong></span> <span class='ocrx_word' id='word_1_176' title='bbox 584 2002 732 2079; x_wconf 74' lang='lat' dir='ltr'><strong>ugulinum</strong></span> <span class='ocrx_word' id='word_1_177' title='bbox 748 2021 821 2081; x_wconf 90' lang='lat' dir='ltr'><strong>opus</strong></span> <span class='ocrx_word' id='word_1_178' title='bbox 842 2013 979 2065; x_wconf 90' lang='lat' dir='ltr'><strong>encausto</strong></span> <span class='ocrx_word' id='word_1_179' title='bbox 995 2003 1087 2082; x_wconf 86' lang='lat' dir='ltr'><strong>pinxit</strong></span> 
     </span>
     <span class='ocr_line' id='line_1_23' title="bbox 13 2085 1088 2166; baseline -0.003 -16"><span class='ocrx_word' id='word_1_180' title='bbox 13 2112 17 2121; x_wconf 91' lang='lat'>·</span> <span class='ocrx_word' id='word_1_181' title='bbox 93 2091 131 2166; x_wconf 92' lang='lat' dir='ltr'><strong>in</strong></span> <span class='ocrx_word' id='word_1_182' title='bbox 140 2086 252 2163; x_wconf 89' lang='lat' dir='ltr'><strong>calidis,</strong></span> <span class='ocrx_word' id='word_1_183' title='bbox 270 2086 383 2164; x_wconf 89' lang='lat' dir='ltr'><strong>reliqua</strong></span> <span class='ocrx_word' id='word_1_184' title='bbox 398 2085 509 2146; x_wconf 88' lang='lat' dir='ltr'><strong>albario</strong></span> <span class='ocrx_word' id='word_1_185' title='bbox 526 2087 687 2164; x_wconf 85' lang='lat' dir='ltr'><strong>adornavit,</strong></span> <span class='ocrx_word' id='word_1_186' title='bbox 702 2104 760 2146; x_wconf 91' lang='lat' dir='ltr'><strong>non</strong></span> <span class='ocrx_word' id='word_1_187' title='bbox 774 2088 860 2148; x_wconf 92' lang='lat' dir='ltr'><strong>dubie</strong></span> <span class='ocrx_word' id='word_1_188' title='bbox 876 2090 984 2147; x_wconf 87' lang='lat' dir='ltr'><strong>vitreas</strong></span> <span class='ocrx_word' id='word_1_189' title='bbox 999 2091 1088 2148; x_wconf 89' lang='lat' dir='ltr'><strong>lactu·</strong></span> 
     </span>
     <span class='ocr_line' id='line_1_24' title="bbox 94 2169 1086 2249; baseline -0.004 -15"><span class='ocrx_word' id='word_1_190' title='bbox 94 2192 145 2234; x_wconf 91' lang='lat' dir='ltr'><strong>rus</strong></span> <span class='ocrx_word' id='word_1_191' title='bbox 161 2189 305 2247; x_wconf 86' lang='lat' dir='ltr'><strong>camaras,</strong></span> <span class='ocrx_word' id='word_1_192' title='bbox 327 2172 351 2230; x_wconf 91' lang='lat' dir='ltr'><strong>si</strong></span> <span class='ocrx_word' id='word_1_193' title='bbox 374 2171 455 2248; x_wconf 88' lang='lat' dir='ltr'><strong>prius</strong></span> <span class='ocrx_word' id='word_1_194' title='bbox 476 2172 623 2230; x_wconf 88' lang='lat' dir='ltr'><strong>inventum</strong></span> <span class='ocrx_word' id='word_1_195' title='bbox 644 2171 673 2230; x_wconf 87' lang='lat' dir='ltr'><strong>id</strong></span> <span class='ocrx_word' id='word_1_196' title='bbox 695 2170 800 2232; x_wconf 87' lang='lat' dir='ltr'><strong>luisset</strong></span> <span class='ocrx_word' id='word_1_197' title='bbox 823 2181 870 2232; x_wconf 89' lang='lat' dir='ltr'><strong>ant</strong></span> <span class='ocrx_word' id='word_1_198' title='bbox 891 2191 907 2232; x_wconf 92' lang='grc'><strong>1</strong></span> <span class='ocrx_word' id='word_1_199' title='bbox 928 2169 1086 2249; x_wconf 78' lang='lat' dir='ltr'><strong>parietibus</strong></span> 
     </span>
     <span class='ocr_line' id='line_1_25' title="bbox 56 2253 1130 2336; baseline -0.004 -18"><span class='ocrx_word' id='word_1_200' title='bbox 56 2272 72 2283; x_wconf 82' lang='lat'><strong>··</strong></span> <span class='ocrx_word' id='word_1_201' title='bbox 96 2274 236 2333; x_wconf 87' lang='lat' dir='ltr'><strong>scaenae,</strong></span> <span class='ocrx_word' id='word_1_202' title='bbox 252 2263 283 2315; x_wconf 92' lang='lat' dir='ltr'><strong>nt</strong></span> <span class='ocrx_word' id='word_1_203' title='bbox 298 2255 437 2330; x_wconf 82' lang='lat' dir='ltr'><strong>diximus,</strong></span> <span class='ocrx_word' id='word_1_204' title='bbox 453 2253 553 2314; x_wconf 87' lang='lat' dir='ltr'><strong>Scauri</strong></span> <span class='ocrx_word' id='word_1_205' title='bbox 571 2255 758 2330; x_wconf 87' lang='lat' dir='ltr'><strong>pervenisset</strong></span> <span class='ocrx_word' id='word_1_206' title='bbox 773 2257 803 2315; x_wconf 91' lang='lat' dir='ltr'><strong>in</strong></span> <span class='ocrx_word' id='word_1_207' title='bbox 817 2273 951 2316; x_wconf 87' lang='lat' dir='ltr'><strong>camaras.</strong></span> <span class='ocrx_word' id='word_1_208' title='bbox 987 2267 1083 2336; x_wconf 82' lang='lat' dir='ltr'><strong>quarn·</strong></span> <span class='ocrx_word' id='word_1_209' title='bbox 1096 2274 1130 2309; x_wconf 80' lang='grc'><strong>111</strong></span> 
     </span>
     <span class='ocr_line' id='line_1_26' title="bbox 58 2337 671 2406; baseline -0.01 -2"><span class='ocrx_word' id='word_1_210' title='bbox 58 2365 86 2406; x_wconf 79' lang='lat' dir='ltr'><strong>se</strong></span> <span class='ocrx_word' id='word_1_211' title='bbox 96 2340 197 2401; x_wconf 90' lang='lat' dir='ltr'><strong>obrem</strong></span> <span class='ocrx_word' id='word_1_212' title='bbox 212 2349 242 2399; x_wconf 89' lang='lat' dir='ltr'><strong>et</strong></span> <span class='ocrx_word' id='word_1_213' title='bbox 259 2341 326 2399; x_wconf 85' lang='lat' dir='ltr'><strong>vitri</strong></span> <span class='ocrx_word' id='word_1_214' title='bbox 337 2347 438 2398; x_wconf 89' lang='lat' dir='ltr'><strong>natura</strong></span> <span class='ocrx_word' id='word_1_215' title='bbox 451 2337 599 2397; x_wconf 89' lang='lat' dir='ltr'><strong>indicanda</strong></span> <span class='ocrx_word' id='word_1_216' title='bbox 617 2347 671 2398; x_wconf 92' lang='lat' dir='ltr'><strong>est.</strong></span> 
     </span>
    </p>

    <p class='ocr_par' dir='ltr' id='par_1_7' title="bbox 94 2416 1128 2752">
     <span class='ocr_line' id='line_1_27' title="bbox 160 2416 1128 2502; baseline 0.005 -21"><span class='ocrx_word' id='word_1_217' title='bbox 160 2423 209 2482; x_wconf 81' lang='grc'><strong>26.</strong></span> <span class='ocrx_word' id='word_1_218' title='bbox 230 2423 314 2502; x_wconf 83' lang='grc'><strong>(65.)</strong></span> <span class='ocrx_word' id='word_1_219' title='bbox 333 2421 524 2498; x_wconf 65' lang='lat' dir='ltr'><strong>Parsspiae</strong></span> <span class='ocrx_word' id='word_1_220' title='bbox 545 2439 618 2499; x_wconf 89' lang='lat' dir='ltr'><strong>quae</strong></span> <span class='ocrx_word' id='word_1_221' title='bbox 636 2421 786 2482; x_wconf 88' lang='lat' dir='ltr'><strong>Phoenice</strong></span> <span class='ocrx_word' id='word_1_222' title='bbox 805 2416 927 2482; x_wconf 82' lang='lat' dir='ltr'><strong>vocatur</strong></span> <span class='ocrx_word' id='word_1_223' title='bbox 946 2422 1128 2486; x_wconf 83' lang='lat' dir='ltr'><strong>linitima190</strong></span> 
     </span>
     <span class='ocr_line' id='line_1_28' title="bbox 94 2503 1084 2584; baseline -0.002 -16"><span class='ocrx_word' id='word_1_224' title='bbox 94 2507 219 2568; x_wconf 90' lang='lat' dir='ltr'><strong>ludaeae</strong></span> <span class='ocrx_word' id='word_1_225' title='bbox 237 2509 312 2566; x_wconf 89' lang='lat' dir='ltr'><strong>intra</strong></span> <span class='ocrx_word' id='word_1_226' title='bbox 334 2508 439 2566; x_wconf 88' lang='lat' dir='ltr'><strong>montis</strong></span> <span class='ocrx_word' id='word_1_227' title='bbox 456 2503 580 2565; x_wconf 76' lang='lat' dir='ltr'><strong>Carmeli</strong></span> <span class='ocrx_word' id='word_1_228' title='bbox 603 2506 717 2566; x_wconf 88' lang='lat' dir='ltr'><strong>radices</strong></span> <span class='ocrx_word' id='word_1_229' title='bbox 739 2505 871 2584; x_wconf 88' lang='lat' dir='ltr'><strong>paludem</strong></span> <span class='ocrx_word' id='word_1_230' title='bbox 895 2505 983 2566; x_wconf 87' lang='lat' dir='ltr'><strong>habet</strong></span> <span class='ocrx_word' id='word_1_231' title='bbox 1009 2524 1084 2584; x_wconf 87' lang='lat' dir='ltr'><strong>quae</strong></span> 
     </span>
     <span class='ocr_line' id='line_1_29' title="bbox 94 2587 1083 2667; baseline -0.003 -16"><span class='ocrx_word' id='word_1_232' title='bbox 94 2597 216 2651; x_wconf 85' lang='lat' dir='ltr'><strong>vocatur</strong></span> <span class='ocrx_word' id='word_1_233' title='bbox 229 2587 384 2650; x_wconf 82' lang='lat' dir='ltr'><strong>Candebia.</strong></span> <span class='ocrx_word' id='word_1_234' title='bbox 413 2609 451 2650; x_wconf 85' lang='lat' dir='ltr'><strong>ex</strong></span> <span class='ocrx_word' id='word_1_235' title='bbox 465 2607 504 2650; x_wconf 89' lang='lat' dir='ltr'><strong>ea·</strong></span> <span class='ocrx_word' id='word_1_236' title='bbox 516 2589 643 2649; x_wconf 88' lang='lat' dir='ltr'><strong>creditur</strong></span> <span class='ocrx_word' id='word_1_237' title='bbox 658 2593 736 2650; x_wconf 89' lang='lat' dir='ltr'><strong>nasci</strong></span> <span class='ocrx_word' id='word_1_238' title='bbox 750 2589 838 2650; x_wconf 90' lang='lat' dir='ltr'><strong>Belus</strong></span> <span class='ocrx_word' id='word_1_239' title='bbox 853 2591 942 2649; x_wconf 91' lang='lat' dir='ltr'><strong>amnis</strong></span> <span class='ocrx_word' id='word_1_240' title='bbox 958 2591 1083 2667; x_wconf 91' lang='lat' dir='ltr'><strong>quinque</strong></span> 
     </span>
     <span class='ocr_line' id='line_1_30' title="bbox 95 2673 1083 2752; baseline -0.004 -17"><span class='ocrx_word' id='word_1_241' title='bbox 95 2673 126 2735; x_wconf 82' lang='lat' dir='ltr'><strong>ll</strong></span> <span class='ocrx_word' id='word_1_242' title='bbox 139 2691 218 2752; x_wconf 86' lang='lat' dir='ltr'><strong>pass.</strong></span> <span class='ocrx_word' id='word_1_243' title='bbox 242 2674 337 2750; x_wconf 86' lang='lat' dir='ltr'><strong>spatio</strong></span> <span class='ocrx_word' id='word_1_244' title='bbox 357 2675 389 2733; x_wconf 91' lang='lat' dir='ltr'><strong>in</strong></span> <span class='ocrx_word' id='word_1_245' title='bbox 408 2692 488 2734; x_wconf 87' lang='lat' dir='ltr'><strong>mare</strong></span> <span class='ocrx_word' id='word_1_246' title='bbox 508 2673 656 2752; x_wconf 82' lang='lat' dir='ltr'><strong>perfluens</strong></span> <span class='ocrx_word' id='word_1_247' title='bbox 668 2676 754 2741; x_wconf 68' lang='lat' dir='ltr'><strong>‚iuxta</strong></span> <span class='ocrx_word' id='word_1_248' title='bbox 774 2673 981 2734; x_wconf 90' lang='lat' dir='ltr'><strong>Ptolemaidem</strong></span> <span class='ocrx_word' id='word_1_249' title='bbox 1003 2673 1083 2733; x_wconf 88' lang='lat' dir='ltr'><strong>colo·</strong></span> 
     </span>
    </p>

    <p class='ocr_par' dir='ltr' id='par_1_8' title="bbox 30 2756 1173 3508">
     <span class='ocr_line' id='line_1_31' title="bbox 58 2756 1083 2836; baseline -0.001 -18"><span class='ocrx_word' id='word_1_250' title='bbox 58 2761 180 2824; x_wconf 72' lang='lat' dir='ltr'><strong>aoniam.</strong></span> <span class='ocrx_word' id='word_1_251' title='bbox 218 2757 314 2818; x_wconf 87' lang='lat' dir='ltr'><strong>lentus</strong></span> <span class='ocrx_word' id='word_1_252' title='bbox 340 2756 387 2815; x_wconf 92' lang='lat' dir='ltr'><strong>hic</strong></span> <span class='ocrx_word' id='word_1_253' title='bbox 413 2776 515 2835; x_wconf 91' lang='lat' dir='ltr'><strong>cursu,</strong></span> <span class='ocrx_word' id='word_1_254' title='bbox 538 2757 688 2818; x_wconf 86' lang='lat' dir='ltr'><strong>insaluber</strong></span> <span class='ocrx_word' id='word_1_255' title='bbox 707 2767 796 2836; x_wconf 88' lang='lat' dir='ltr'><strong>potu,</strong></span> <span class='ocrx_word' id='word_1_256' title='bbox 828 2756 879 2816; x_wconf 91' lang='lat' dir='ltr'><strong>sed</strong></span> <span class='ocrx_word' id='word_1_257' title='bbox 901 2758 1083 2817; x_wconf 89' lang='lat' dir='ltr'><strong>caerimoniis</strong></span> 
     </span>
     <span class='ocr_line' id='line_1_32' title="bbox 97 2839 1084 2920; baseline -0.003 -17"><span class='ocrx_word' id='word_1_258' title='bbox 97 2860 198 2919; x_wconf 86' lang='lat' dir='ltr'><strong>sacer,</strong></span> <span class='ocrx_word' id='word_1_259' title='bbox 218 2841 356 2916; x_wconf 88' lang='lat' dir='ltr'><strong>limosus,</strong></span> <span class='ocrx_word' id='word_1_260' title='bbox 376 2839 448 2900; x_wconf 82' lang='lat' dir='ltr'><strong>vado</strong></span> <span class='ocrx_word' id='word_1_261' title='bbox 458 2840 639 2920; x_wconf 87' lang='lat' dir='ltr'><strong>-proiundus,</strong></span> <span class='ocrx_word' id='word_1_262' title='bbox 654 2857 712 2902; x_wconf 92' lang='lat' dir='ltr'><strong>non</strong></span> <span class='ocrx_word' id='word_1_263' title='bbox 727 2841 900 2901; x_wconf 80' lang='lat' dir='ltr'><strong>nisi⁴reluso</strong></span> <span class='ocrx_word' id='word_1_264' title='bbox 915 2843 985 2899; x_wconf 91' lang='lat' dir='ltr'><strong>mari</strong></span> <span class='ocrx_word' id='word_1_265' title='bbox 1001 2841 1084 2900; x_wconf 89' lang='lat' dir='ltr'><strong>bare·</strong></span> 
     </span>
     <span class='ocr_line' id='line_1_33' title="bbox 96 2922 1082 3004; baseline -0.002 -18"><span class='ocrx_word' id='word_1_266' title='bbox 96 2945 148 2986; x_wconf 89' lang='lat' dir='ltr'><strong>nas</strong></span> <span class='ocrx_word' id='word_1_267' title='bbox 159 2926 284 3000; x_wconf 81' lang='lat' dir='ltr'><strong>latetur,</strong></span> <span class='ocrx_word' id='word_1_268' title='bbox 309 2922 441 3004; x_wconf 87' lang='lat' dir='ltr'><strong>iluctibus</strong></span> <span class='ocrx_word' id='word_1_269' title='bbox 462 2926 538 2984; x_wconf 83' lang='lat' dir='ltr'><strong>enirn</strong></span> <span class='ocrx_word' id='word_1_270' title='bbox 552 2924 699 2985; x_wconf 87' lang='lat' dir='ltr'><strong>volutatae</strong></span> <span class='ocrx_word' id='word_1_271' title='bbox 719 2926 864 2984; x_wconf 90' lang='lat' dir='ltr'><strong>nitescunt</strong></span> <span class='ocrx_word' id='word_1_272' title='bbox 884 2924 998 3004; x_wconf 77' lang='lat' dir='ltr'><strong>detritis</strong></span> <span class='ocrx_word' id='word_1_273' title='bbox 1019 2943 1082 2984; x_wconf 90' lang='lat' dir='ltr'><strong>sor·</strong></span> 
     </span>
     <span class='ocr_line' id='line_1_34' title="bbox 97 3007 1173 3084; baseline -0.007 -14"><span class='ocrx_word' id='word_1_274' title='bbox 97 3009 192 3071; x_wconf 89' lang='lat' dir='ltr'><strong>dibus.</strong></span> <span class='ocrx_word' id='word_1_275' title='bbox 221 3016 330 3068; x_wconf 86' lang='lat' dir='ltr'><strong>tuncet</strong></span> <span class='ocrx_word' id='word_1_276' title='bbox 343 3007 452 3066; x_wconf 89' lang='lat' dir='ltr'><strong>marino</strong></span> <span class='ocrx_word' id='word_1_277' title='bbox 467 3007 623 3068; x_wconf 87' lang='lat' dir='ltr'><strong>creduntur</strong></span> <span class='ocrx_word' id='word_1_278' title='bbox 638 3009 777 3084; x_wconf 86' lang='lat' dir='ltr'><strong>adstringi</strong></span> <span class='ocrx_word' id='word_1_279' title='bbox 787 3024 896 3084; x_wconf 88' lang='lat' dir='ltr'><strong>morsu,</strong></span> <span class='ocrx_word' id='word_1_280' title='bbox 911 3025 969 3067; x_wconf 93' lang='lat' dir='ltr'><strong>non</strong></span> <span class='ocrx_word' id='word_1_281' title='bbox 984 3010 1062 3084; x_wconf 91' lang='lat' dir='ltr'><strong>prius</strong></span> <span class='ocrx_word' id='word_1_282' title='bbox 1075 3020 1124 3074; x_wconf 84' lang='lat'><strong>191</strong></span> <span class='ocrx_word' id='word_1_283' title='bbox 1169 3053 1173 3062; x_wconf 76' lang='grc'>,</span> 
     </span>
     <span class='ocr_line' id='line_1_35' title="bbox 39 3090 1082 3171; baseline 0 -19"><span class='ocrx_word' id='word_1_284' title='bbox 39 3096 41 3105; x_wconf 63' lang='lat'><strong><em>⁴</em></strong></span> <span class='ocrx_word' id='word_1_285' title='bbox 96 3093 193 3153; x_wconf 91' lang='lat' dir='ltr'><strong>utiles.</strong></span> <span class='ocrx_word' id='word_1_286' title='bbox 231 3094 452 3171; x_wconf 89' lang='lat' dir='ltr'><strong>quingentorum</strong></span> <span class='ocrx_word' id='word_1_287' title='bbox 473 3100 519 3152; x_wconf 89' lang='lat' dir='ltr'><strong>est</strong></span> <span class='ocrx_word' id='word_1_288' title='bbox 536 3098 670 3169; x_wconf 87' lang='lat' dir='ltr'><strong>passuum</strong></span> <span class='ocrx_word' id='word_1_289' title='bbox 690 3108 749 3151; x_wconf 90' lang='lat' dir='ltr'><strong>non</strong></span> <span class='ocrx_word' id='word_1_290' title='bbox 764 3090 884 3169; x_wconf 90' lang='lat' dir='ltr'><strong>amplius</strong></span> <span class='ocrx_word' id='word_1_291' title='bbox 906 3091 1002 3152; x_wconf 86' lang='lat' dir='ltr'><strong>litoris</strong></span> <span class='ocrx_word' id='word_1_292' title='bbox 1019 3109 1082 3168; x_wconf 88' lang='lat' dir='ltr'><strong>spa·</strong></span> 
     </span>
     <span class='ocr_line' id='line_1_36' title="bbox 30 3169 1083 3256; baseline 0 -20"><span class='ocrx_word' id='word_1_293' title='bbox 30 3207 33 3212; x_wconf 90' lang='lat'><strong>·</strong></span> <span class='ocrx_word' id='word_1_294' title='bbox 62 3178 183 3255; x_wconf 71' lang='lat' dir='ltr'><strong>setium,</strong></span> <span class='ocrx_word' id='word_1_295' title='bbox 205 3177 292 3256; x_wconf 90' lang='lat' dir='ltr'><strong>idque</strong></span> <span class='ocrx_word' id='word_1_296' title='bbox 312 3183 419 3235; x_wconf 88' lang='lat' dir='ltr'><strong>tantum</strong></span> <span class='ocrx_word' id='word_1_297' title='bbox 437 3175 524 3235; x_wconf 82' lang='lat' dir='ltr'><strong>multa</strong></span> <span class='ocrx_word' id='word_1_298' title='bbox 545 3192 599 3254; x_wconf 93' lang='lat' dir='ltr'><strong>per</strong></span> <span class='ocrx_word' id='word_1_299' title='bbox 621 3172 740 3236; x_wconf 76' lang='lat' dir='ltr'><strong>saecula</strong></span> <span class='ocrx_word' id='word_1_300' title='bbox 754 3169 974 3253; x_wconf 69' lang='lat' dir='ltr'><strong>gignendo&#39;lult</strong></span> <span class='ocrx_word' id='word_1_301' title='bbox 996 3176 1083 3236; x_wconf 88' lang='lat' dir='ltr'><strong>vitro.</strong></span> 
     </span>
     <span class='ocr_line' id='line_1_37' title="bbox 96 3258 1082 3338; baseline -0.002 -16"><span class='ocrx_word' id='word_1_302' title='bbox 96 3261 171 3321; x_wconf 81' lang='lat' dir='ltr'><strong>rama</strong></span> <span class='ocrx_word' id='word_1_303' title='bbox 186 3269 232 3322; x_wconf 90' lang='lat' dir='ltr'><strong>est</strong></span> <span class='ocrx_word' id='word_1_304' title='bbox 242 3259 362 3338; x_wconf 86' lang='lat' dir='ltr'><strong>adpulsa</strong></span> <span class='ocrx_word' id='word_1_305' title='bbox 373 3277 447 3318; x_wconf 82' lang='lat' dir='ltr'><strong>nave</strong></span> <span class='ocrx_word' id='word_1_306' title='bbox 458 3269 648 3319; x_wconf 85' lang='lat' dir='ltr'><strong>mercatorum</strong></span> <span class='ocrx_word' id='word_1_307' title='bbox 660 3260 746 3336; x_wconf 70' lang='lat' dir='ltr'><strong>nitri,¹</strong></span> <span class='ocrx_word' id='word_1_308' title='bbox 763 3277 826 3320; x_wconf 90' lang='lat' dir='ltr'><strong>cum</strong></span> <span class='ocrx_word' id='word_1_309' title='bbox 837 3262 930 3336; x_wconf 85' lang='lat' dir='ltr'><strong>sparsi</strong></span> <span class='ocrx_word' id='word_1_310' title='bbox 939 3267 1000 3337; x_wconf 54' lang='lat' dir='ltr'><strong>*per</strong></span> <span class='ocrx_word' id='word_1_311' title='bbox 1014 3258 1082 3320; x_wconf 91' lang='lat' dir='ltr'><strong>litus</strong></span> 
     </span>
     <span class='ocr_line' id='line_1_38' title="bbox 98 3342 1083 3423; baseline -0.001 -18"><span class='ocrx_word' id='word_1_312' title='bbox 98 3345 199 3422; x_wconf 88' lang='lat' dir='ltr'><strong>epulas</strong></span> <span class='ocrx_word' id='word_1_313' title='bbox 214 3350 349 3423; x_wconf 86' lang='lat' dir='ltr'><strong>pararent</strong></span> <span class='ocrx_word' id='word_1_314' title='bbox 371 3361 426 3403; x_wconf 89' lang='lat' dir='ltr'><strong>occ</strong></span> <span class='ocrx_word' id='word_1_315' title='bbox 441 3351 523 3404; x_wconf 89' lang='lat' dir='ltr'><strong>esset</strong></span> <span class='ocrx_word' id='word_1_316' title='bbox 542 3344 663 3404; x_wconf 91' lang='lat' dir='ltr'><strong>cortinis</strong></span> <span class='ocrx_word' id='word_1_317' title='bbox 680 3343 846 3404; x_wconf 87' lang='lat' dir='ltr'><strong>attollendis</strong></span> <span class='ocrx_word' id='word_1_318' title='bbox 861 3342 984 3421; x_wconf 89' lang='lat' dir='ltr'><strong>lapidum</strong></span> <span class='ocrx_word' id='word_1_319' title='bbox 999 3360 1083 3404; x_wconf 87' lang='lat' dir='ltr'><strong>occa·</strong></span> 
     </span>
     <span class='ocr_line' id='line_1_39' title="bbox 96 3426 1083 3508; baseline -0.002 -18"><span class='ocrx_word' id='word_1_320' title='bbox 96 3429 162 3507; x_wconf 82' lang='lat' dir='ltr'><strong>sio,</strong></span> <span class='ocrx_word' id='word_1_321' title='bbox 181 3429 301 3508; x_wconf 87' lang='lat' dir='ltr'><strong>glaebas</strong></span> <span class='ocrx_word' id='word_1_322' title='bbox 319 3429 387 3489; x_wconf 86' lang='lat' dir='ltr'><strong>uitri</strong></span> <span class='ocrx_word' id='word_1_323' title='bbox 403 3447 421 3490; x_wconf 89' lang='lat' dir='ltr'><strong>e</strong></span> <span class='ocrx_word' id='word_1_324' title='bbox 435 3446 510 3488; x_wconf 83' lang='lat' dir='ltr'><strong>nave</strong></span> <span class='ocrx_word' id='word_1_325' title='bbox 529 3426 708 3508; x_wconf 89' lang='lat' dir='ltr'><strong>subdidisse,</strong></span> <span class='ocrx_word' id='word_1_326' title='bbox 733 3428 836 3508; x_wconf 88' lang='lat' dir='ltr'><strong>quibus</strong></span> <span class='ocrx_word' id='word_1_327' title='bbox 853 3429 1001 3506; x_wconf 86' lang='lat' dir='ltr'><strong>accensis,</strong></span> <span class='ocrx_word' id='word_1_328' title='bbox 1016 3445 1083 3507; x_wconf 89' lang='lat' dir='ltr'><strong>per·</strong></span> 
     </span>
    </p>
   </div>
   <div class='ocr_carea' id='block_1_3' title="bbox 0 0 1256 3817">
    <p class='ocr_par' dir='ltr' id='par_1_9' title="bbox 0 0 1256 3817">
     <span class='ocr_line' id='line_1_40' title="bbox 0 0 1256 3817; baseline 0 0"><span class='ocrx_word' id='word_1_329' title='bbox 0 0 1256 3817; x_wconf 95' lang='lat' dir='ltr'><strong> </strong></span> 
     </span>
    </p>
   </div>
  </div>
 </body>
</html>
