2484 3817
154 194 215 257 262
423 275 432 295 .
464 280 471 287 ἰ
498 204 528 253 c.
546 204 641 253 numu
655 202 805 251 securum

155 361 233 435 eius,
260 367 290 417 nt
309 359 438 435 protinus
457 367 592 417 noscatur
613 358 698 417 etiam
720 354 937 415 ministeriorum
959 352 1077 412 haustus
1099 368 1138 411 ex

153 444 204 503 illa
217 444 365 501 maiestate
381 441 486 517 ingeni.
522 458 627 519 ponam
645 441 718 499 enim
733 442 825 517 ipsum
843 454 972 511 carmen,
996 436 1035 494 uti
1051 443 1138 514 queat

154 526 193 585 ibi
214 534 319 585 tautum
332 540 389 581 non
403 524 478 599 legi:

125 634 143 687 8
256 619 320 692 Quo
335 628 391 695 tua,
406 619 551 678 Romanae
567 617 671 676 vindex
687 616 842 676 clarissime
855 614 979 689 linguae,

305 702 377 761 silva
393 701 458 761 loco
473 701 574 759 melius
589 718 710 776 surgere
723 702 800 758 iussa
814 700 888 757 viret
1152 722 1166 765 5

262 795 347 864 atquc
363 784 535 843 Academiae
554 783 727 842 celebratam
742 784 855 841 nomine
871 778 966 839 villam

304 886 378 927 nunc
391 875 505 944 reparat
521 865 597 924 cultu
613 866 665 924 sub
682 866 795 942 potiore
811 864 917 938 Vetus,

210 963 214 972 '
263 951 319 1010 hoc
332 953 416 1010 etiam
429 950 567 1025 adparent
581 948 714 1026 lymphae
729 965 786 1006 non
801 956 865 1006 ante
879 952 1013 1024 repertae

302 1031 435 1109 languida
452 1048 525 1108 quae
540 1031 634 1090 inluso
651 1032 753 1089 lumina
770 1048 838 1090 rore
852 1030 958 1088 levant.

275 1116 402 1173 nimirum
417 1114 499 1174 locus
514 1116 579 1191 ipse
593 1116 636 1173 sui
653 1113 802 1172 Ciceronis
817 1112 919 1171 honori

302 1198 359 1255 hoc
374 1196 461 1271 dedit,
477 1197 531 1255 hac
546 1197 633 1255 lontis
653 1214 715 1255 cum
731 1196 869 1273 patefecit
884 1213 952 1273 ope,

263 1288 303 1355 ut,
321 1280 453 1356 quoniam
468 1288 556 1338 totum
571 1281 676 1355 legitur
691 1279 751 1337 sine
767 1280 822 1337 line
838 1297 891 1357 per
908 1278 1018 1351 orbem,

242 1379 244 1382 ·
305 1362 360 1421 sint
373 1360 471 1439 plures
488 1362 581 1421 oculis
596 1380 670 1439 quae
683 1361 847 1421 medeantur
862 1379 963 1439 aquae.

211 1458 272 1535 (4.)
294 1457 325 1515 In
340 1456 438 1517 eadem
450 1456 621 1536 Campaniae
636 1460 757 1533 regione
769 1458 959 1517 Sinuessanae
973 1472 1065 1533 aquae
1081 1463 1137 1514 ste·

153 1539 288 1599 rilitatem
307 1540 473 1600 feminarum
488 1550 517 1600 et
538 1542 664 1599 virorum
679 1542 813 1600 insaniam
829 1540 949 1600 abolere
969 1538 1135 1619 produntur,
1148 1564 1177 1607 15

127 1634 144 1689 9
156 1624 215 1701 (5.)
232 1624 261 1682 in
272 1623 397 1683 Aenaria
411 1623 503 1683 insula
515 1623 670 1683 calculosis
684 1623 801 1699 mederi,
819 1633 846 1683 et
859 1642 931 1703 quae
943 1622 1138 1681 vocaturAci·

153 1706 219 1765 dula
240 1706 275 1765 ab
293 1706 389 1765 Teano
411 1706 537 1766 Sidicino
556 1716 689 1784 quattuor
710 1706 823 1765 milibus
839 1725 986 1784 passuum,
1007 1736 1048 1750 -
1065 1704 1139 1763 haec

153 1788 267 1865 frigida,
279 1822 322 1834 -—
332 1791 399 1848 item
408 1791 438 1847 iu
449 1790 585 1849 Stabiano
598 1808 672 1868 quae
683 1789 803 1850 Dimidia
814 1799 942 1866 vocatur,
961 1798 990 1847 et
1004 1790 1032 1845 iu
1043 1790 1137 1846 Vena-

152 1872 290 1934 frances
304 1872 383 1930 fonte
398 1871 532 1932 Acidulo.
559 1875 634 1932 idem
650 1874 788 1949 contingit
803 1876 830 1931 in
845 1872 947 1933 Velino
961 1872 1026 1931 lacu
1038 1879 1137 1948 potan-

154 1954 247 2027 tibus,
267 1957 333 2013 item
348 1955 376 2011 in
392 1955 492 2027 Syriae
506 1955 585 2014 ionte
604 1959 681 2015 iuxta
697 1955 819 2014 Taurum
833 1966 958 2015 montem
978 1964 1077 2015 auctor
1092 1961 1176 2011 estro

155 2038 194 2097 ll.
210 2035 303 2095 Varro
321 2044 351 2095 et
369 2038 397 2093 in
412 2036 554 2113 Phrygiae
569 2038 651 2097 Callo
667 2038 780 2097 llumine
798 2038 996 2099 Callimachus.
1026 2036 1078 2095 sed
1096 2035 1137 2093 ibi

153 2121 183 2178 in
197 2118 322 2195 potando
337 2122 519 2178 necessarius
533 2120 650 2195 modus,
673 2140 709 2178 ue
729 2122 890 2199 lymphatos
912 2130 993 2198 agat,
1015 2118 1091 2198 quod
1108 2120 1137 2176 in

154 2200 308 2340 Aetlpiopia
328 2202 461 2261 accidere
481 2202 525 2261 his
548 2204 596 2281 qui
622 2204 737 2262 elcute
758 2206 855 2264 Rubro
878 2204 1000 2264 biberint
1023 2202 1136 2263 Ctesias

155 2287 211 2342 scri
233 2285 262 2341 it.
1163 2296 1165 2301 ·

113 2392 147 2443 ιο
206 2380 269 2457 (6.)
289 2379 370 2438 quta
395 2379 514 2440 Romam
533 2380 655 2441 Albulae
684 2401 773 2460 aquae
796 2382 962 2442 volneribus
989 2384 1173 2445 medenturas

154 2462 299 2539 egelidae,
315 2463 368 2521 sed
385 2462 505 2523 Cutiliae
520 2466 548 2523 in
562 2465 675 2525 Sabinis
696 2465 890 2541 gelidissimae
911 2475 993 2525 suctu
1015 2468 1136 2545 quodam

154 2563 280 2623 corpora
293 2546 434 2623 invadunt,
451 2557 480 2606 ut
496 2565 587 2625 prope
601 2566 714 2607 morsus
731 2549 820 2608 videri
844 2551 949 2627 possit,
973 2550 1136 2628 aptissimae

154 2630 312 2703 stomacho,
328 2630 435 2704 nervis,
454 2632 588 2690 universo
604 2633 730 2709 corpori.
1126 2621 1131 2631 “

209 2726 270 2805 (7.)
293 2727 479 2805 Thespiarum
494 2729 558 2787 lons
575 2738 733 2807 conceptus
749 2728 912 2809 mulieribus
926 2739 1135 2809 repraesentat,

114 2842 117 2847 .
152 2812 221 2868 item
236 2811 264 2867 in
277 2811 400 2870 Arcadia
415 2810 517 2869 llumeu
534 2813 655 2872 Elatum.
685 2810 807 2872 custodit
829 2822 919 2873 autem
940 2814 1027 2874 fetum
1047 2814 1133 2874 Linus
1144 2833 1173 2875 uo

152 2891 218 2950 fons
241 2893 269 2950 in
288 2893 391 2967 eadem
411 2895 534 2954 Arcadia
553 2896 729 2972 abortusque
751 2897 813 2955 herl
835 2915 890 2955 nou
910 2901 1022 2976 patitur.
1060 2897 1133 2957 edi·

152 2992 239 3115 perpe
264 2979 292 3034 in
307 2976 451 3050 Pyrrhaea
473 2978 574 3037 llumen
596 2978 673 3055 quod
687 2978 889 3057 Aphrodisium
910 2991 1029 3041 vocatur
1050 2982 1133 3041 steri·

165 3057 188 3115 is
219 3060 284 3117 acit.

112 3161 144 3215 li
210 3151 271 3230 (8.)
292 3152 368 3212 baeu
389 3154 495 3231 Alphio
518 3154 673 3231 vitiligines
694 3157 756 3217 tolli
770 3156 864 3219 Varro
883 3168 982 3218 auctor
1003 3168 1063 3233 est,
1086 3160 1131 3219 l'i·

152 3234 276 3311 tiumque
302 3247 432 3313 praetura
452 3237 576 3297 iunctum
604 3242 754 3300 marmorei
777 3242 850 3316 signi
871 3242 972 3300 laniem
998 3239 1167 3305 habuissem

154 3327 275 3395 propter
291 3320 318 3379 id
333 3322 438 3381 vitium.
469 3321 583 3397 Cydnus
600 3319 719 3383 Ciliciae
743 3327 828 3382 amnis
850 3322 1014 3401 podagricis
1035 3325 1130 3384 mede·
1152 3372 1158 3380 .

152 3406 208 3476 tur,
220 3403 292 3462 sicut
304 3402 421 3482 adparet
436 3408 463 3464 iu
479 3405 601 3485 epistula
610 3402 690 3464 Cassi
704 3406 861 3465 Parmensis
875 3405 910 3464 ad
922 3405 960 3467 Μ.
969 3408 1129 3469 Antonium.
