2484 3817
161 221 201 286 00
503 237 537 284 0..
548 237 645 284 amau
664 215 814 284 eucnsnr

119 401 154 457 09
228 391 310 467 (55.)
329 389 438 448 Verum
462 397 493 449 et
513 389 636 450 effeetus
657 405 785 467 ususque
807 387 919 448 dicendi
946 395 1012 447 sunt
1035 388 1143 448 ordien-

162 473 283 550 dumque
308 491 324 532 a
347 471 484 531 malorum
505 475 628 531 omnium
648 473 777 550 pessimo
799 480 860 546 est,
881 472 1059 548 serpentium
1080 473 1140 531 ictu.

161 555 311 616 medentur
332 571 405 632 ergo
426 555 588 615 Britannica
608 555 709 630 herba,
729 556 846 632 panacis
867 557 991 613 omniurn
1008 571 1143 630 generum

161 638 244 698 radix
264 658 282 698 e
304 641 383 714 vino,
407 636 534 697 Chironii
559 647 598 697 et
614 638 668 696 llos
692 646 721 696 et
749 654 849 696 semen
875 645 974 714 potum
1001 635 1142 696 inlitumve

163 723 291 782 euvino
315 730 344 780 et
372 719 451 796 olco,
477 722 609 798 privatim
632 738 705 797 quae
728 720 822 778 cunila
846 719 952 778 huhula
975 717 1162 796 appellatnr‚s
1238 782 1239 789 χ

163 804 330 866 Polemonia
345 804 394 863 vel
407 803 579 862 Philetaeris
594 803 698 863 radicis
712 802 855 862 drachmis
867 800 1001 879 quattuor
1012 804 1041 861 in
1055 819 1143 877 mero,
1238 810 1239 821 ¹

120 900 173 953 100
183 887 316 964 Teucria,
340 887 479 960 sideritis,
499 886 644 944 scordotis
666 904 704 945 ex
724 887 804 960 vino,
825 887 959 962 priuatim
977 885 1013 944 ad
1035 886 1144 960 anguis,

163 980 233 1048 pota
256 979 286 1032 et
308 970 389 1030 inlita
411 971 474 1028 sire
498 986 569 1027 suco
590 971 653 1028 sive
675 968 749 1028 lolio
771 970 834 1026 sire
857 969 992 1043 decocto,
1018 970 1143 1026 centauri

162 1056 279 1114 rumoris
300 1053 382 1112 radix
400 1051 532 1110 drachma
552 1053 581 1110 in
601 1053 660 1111 vini
678 1051 736 1110 alhi
758 1049 868 1126 cyathis
889 1050 992 1126 trihus,
1010 1048 1144 1109 Gentiana

163 1139 320 1215 praecipue
336 1135 473 1194 adversus
495 1137 595 1210 anguis
618 1134 727 1193 duabus
751 1132 890 1192 drachmis
910 1151 972 1195 enm
994 1135 1098 1210 pipere
1116 1141 1179 1193 etro

163 1229 237 1296 rata,
262 1220 319 1277 vini
343 1216 452 1292 cyathis
477 1235 547 1292 sex,
563 1219 631 1290 ,sive
654 1217 752 1277 viridis
776 1219 839 1275 sive
860 1217 945 1276 sicca.
978 1223 1009 1275 ct
1025 1214 1146 1290 Lysima-

122 1316 169 1368 101
183 1303 264 1361 chiae
286 1301 406 1360 odorem
423 1301 544 1376 lugiunt.
575 1301 658 1358 datur
672 1319 711 1359 ex
726 1301 794 1358 vino
811 1301 958 1377 percussis
976 1298 1147 1374 chelidonia,

164 1384 308 1444 morsibus
330 1385 478 1460 inponitur
493 1381 649 1442 Vettonica
664 1385 833 1460 praecipue,
853 1385 899 1441 cui
920 1384 965 1442 vis
987 1389 1065 1440 tanta
1084 1399 1148 1458 per-

163 1468 279 1527 hihetur
294 1474 324 1524 ut
344 1465 472 1525 inclusae
495 1465 603 1526 circulo
620 1467 682 1525 eius
698 1473 854 1542 serpentes
868 1467 951 1543 ipsae
966 1483 1035 1524 sese
1050 1466 1147 1523 interi·

163 1559 238 1610 mant
254 1548 435 1625 flagellando.
468 1548 550 1608 datur
564 1549 599 1608 ad
614 1551 687 1607 ictus
703 1566 802 1608 semen
818 1551 881 1607 eius
901 1549 1000 1609 denari
1016 1547 1146 1624 pondere
1158 1571 1181 1610 rs

164 1651 226 1694 cunr
248 1633 339 1692 trihus
358 1633 469 1708 cyathis
491 1633 549 1690 vini
572 1631 618 1690 vel
638 1632 730 1691 farina
747 1630 888 1700 drachmis
907 1631 999 1690 tribas
1018 1632 1146 1689 sextario

165 1735 315 1794 aquae‚-
326 1717 417 1775 lerina
432 1716 582 1792 reponitur
591 1749 641 1791 -,
655 1711 835 1789 Cantabrica,
852 1713 1031 1785 dictamnum,
1047 1715 1149 1772 aristo·

164 1801 258 1860 lochia
279 1800 382 1860 radicis
406 1798 536 1858 drachma
551 1800 580 1857 in
597 1799 655 1858 vini
676 1798 799 1872 hemina,
815 1797 868 1857 sed
883 1799 998 1874 saepius
1015 1796 1147 1856 hibenda.

164 1885 284 1962 prodest
306 1891 336 1942 et
361 1883 442 1942 inlita
467 1901 504 1942 ex
524 1890 620 1956 aceto,
643 1881 776 1940 similiter
797 1880 989 1958 plistolochia.
1024 1881 1093 1956 quin
1120 1887 1150 1938 et
1238 1922 1239 1925 ,

165 1969 280 2026 omnino
301 1983 442 2042 suspensa
465 1982 551 2041 supra
574 1966 669 2024 locum
687 1966 767 2041 lugat
788 1984 805 2023 e
829 1964 959 2023 domibus
993 1965 1148 2039 serpentis.
1159 1977 1185 2015 ao

122 2051 212 2116 1009.
230 2048 311 2125 (56.)
335 2049 500 2124 argemonia
523 2064 638 2124 quoque
659 2048 756 2107 radice
776 2049 839 2106 eins
859 2047 957 2106 denari
975 2045 1105 2123 pondere
1121 2047 1152 2103 in

166 2134 222 2191 vini
237 2131 348 2206 cyathis
364 2131 455 2188 trihus
473 2136 550 2205 pota.
565 2163 607 2174 --
626 2131 707 2206 plura
722 2131 759 2188 de
776 2147 811 2188 ea
833 2131 969 2188 convenit
990 2129 1046 2188 diei
1069 2137 1150 2188 cete·

165 2218 276 2290 risque,
298 2214 432 2290 quoniam
448 2215 567 2288 primum
582 2212 812 2286 nominabuntur,
831 2213 859 2269 in
876 2227 914 2269 eo
928 2220 1023 2270 autern
1037 2230 1150 2286 genere

164 2294 295 2354 medendi
322 2297 442 2371 primunr
467 2295 605 2353 nominari
626 2311 765 2370 quamque
786 2295 816 2351 iu
839 2310 895 2369 quo
919 2311 1049 2354 maxume
1071 2295 1153 2354 vale·

164 2380 215 2438 hit.
235 2413 272 2422 -·
290 2377 359 2437 lolia
377 2377 464 2436 hahet
484 2377 585 2454 qualia·
598 2391 750 2451 anemone,
771 2375 862 2435 divisa
883 2377 929 2455 api
946 2377 1043 2453 modo,
1063 2385 1191 2455 caputet·

165 2465 194 2521 iu
216 2460 355 2520 cauliculo
376 2461 528 2538 papaveris
544 2459 700 2533 silvestris,
714 2461 783 2520 item
799 2459 931 2519 radiecm.
958 2478 1057 2519 ancum
1069 2463 1154 2519 croci

166 2546 267 2606 colore
287 2562 381 2603 aerem
401 2553 434 2602 et.
450 2551 569 2602 acutum.
610 2544 736 2602 nascitur
756 2545 785 2601 in
807 2544 892 2602 arvis.
925 2542 998 2620 apud
1014 2560 1066 2602 nos
1097 2546 1156 2603 tria

166 2645 275 2706 genera
303 2629 365 2686 eius
391 2627 497 2686 iaciunt
523 2635 552 2684 et
574 2625 601 2684 id
624 2625 734 2684 demum
754 2627 878 2703 probant
897 2627 978 2686 cuius
1001 2626 1085 2686 radix
1106 2635 1155 2686 tus

165 2711 305 2772 redoleat.

126 2807 176 2858 103
247 2795 329 2871 (57.)
349 2791 503 2867 agaricum
524 2801 553 2850 ut
577 2792 680 2866 iungas
698 2792 825 2850 nascitur
847 2794 875 2851 in
898 2791 1051 2852 arhorihus
1073 2795 1197 2852 circeso

166 2878 327 2954 Bosporum
339 2875 440 2934 colore
455 2874 584 2936 candido.
603 2875 703 2934 dantur
718 2874 799 2934 oholi
812 2884 945 2951 quattuor
955 2877 1074 2934 contriti
1089 2893 1158 2933 cum

167 2961 242 3021 binis
257 2959 366 3036 cyathis
379 2959 452 3018 aceti
465 2957 555 3016 mulsi.
577 2958 606 3018 id
618 2958 695 3036 qnod
710 2959 739 3016 in
751 2955 861 3016 Galatia
872 2959 997 3016 nascitur
1011 2957 1158 3016 inlirmius

167 3043 299 3119 hahetur,
314 3050 467 3120 praeterea
482 3057 541 3100 mas
558 3043 682 3118 spissior
692 3041 885 3116 amariorque,
895 3040 994 3100 -hic
1005 3045 1036 3099 et
1045 3043 1159 3118 cupitis

168 3127 286 3188 dolores
310 3127 388 3201 lacit,
402 3157 446 3172 -·-
461 3124 566 3184 lemina
586 3125 721 3199 solutior,
741 3123 824 3182 initio
845 3130 947 3199 gustus
969 3121 1061 3182 dulcis
1083 3141 1161 3184 mox

167 3212 197 3268 in
210 3209 422 3269 amaritudinem
438 3209 548 3266 transit.
825 3275 833 3284 .
1171 3218 1203 3259 as

129 3304 178 3356 104
252 3291 332 3370 (58.)
354 3291 461 3352 Euhias
481 3293 631 3367 utriusque
651 3291 770 3367 generis
780 3287 826 3362 *³⁵3
848 3287 946 3366 puleio
967 3288 1081 3364 similis,
1111 3290 1162 3348 io-

168 3375 215 3434 liis
241 3377 381 3450 carinam,
411 3373 550 3435 draohnris
577 3373 686 3432 duabus
715 3391 757 3438 en
779 3373 837 3430 vini
865 3369 973 3446 cyathis
1004 3380 1161 3446 quattuor.

169 3458 238 3518 item
253 3459 354 3536 altera,
371 3476 444 3536 qnae
459 3459 592 3534 lanugine
608 3457 792 3533 distinguitur
807 3456 936 3532 spinosa,
953 3455 998 3512 eui
1019 3461 1050 3511 et
1073 3456 1165 3532 capi-
