2484 3817
323 236 401 284 nnn.
418 237 508 285 nnsn.
524 239 622 285 xxm.
638 235 662 286 t.
680 226 831 304 (ot-71.)
1037 228 1078 288 27

80 389 177 451 malet.
209 389 281 450 lolia
308 389 395 468 [cius]
417 393 484 450 trita
510 392 592 452 inlita
619 391 867 469 haemorrhagian
887 395 1000 452 sistunt.
1029 409 1080 452 nn-

82 474 135 534 clei
163 475 347 552 persicorum
373 491 435 533 curn
465 475 533 534 oleo
562 483 592 534 et
617 483 703 534 aceto
725 478 828 553 capitis
848 475 1000 535 doloribus
1014 476 1078 536 inli-

82 565 194 617 nnntur.

140 639 220 718 (68.)
252 639 435 699 silvestrium
450 641 566 719 quidem
577 658 735 720 prunorum
745 642 852 719 bacae,
868 641 916 701 vel
932 644 1059 702 eradica
1071 653 1122 707 133

64 731 200 800 scortex,
224 725 254 783 in
277 725 346 782 vino
367 733 485 783 austero
502 727 527 783 si
548 725 747 803 decoquantur
767 727 808 784 ita
823 736 854 785 ut
869 727 961 785 triens
977 745 1015 784 ex
1029 725 1080 784 he·

83 809 155 867 mina
173 807 320 884 supersit,
339 806 433 866 alvom
446 809 552 868 sistunt
572 817 603 868 et
620 811 751 868 tormina.
784 811 854 869 satis
877 816 924 866 est
946 808 1079 885 singulos

84 891 201 968 cyathos
218 889 334 949 decocti
351 893 430 949 sumi.

141 974 225 1052 (69.)
254 972 293 1032 Et
307 975 337 1032 in
351 973 395 1032 his
410 983 440 1033 et
454 977 553 1034 satiris
570 979 669 1053 prunis
687 983 734 1035 cst
747 975 831 1034 limus
843 975 978 1034 arborum
994 991 1079 1051 quem

84 1057 184 1117 Graeci
211 1057 325 1116 lichena
351 1057 515 1135 appellant,
542 1058 688 1136 rhagadiis
714 1068 745 1119 et
772 1059 983 1134 condylomatis
1006 1058 1079 1116 mire

55 1142 166 1200 inutilis.

143 1224 227 1303 (70.)
261 1221 342 1282 blora
362 1225 392 1282 in
407 1223 545 1303 Aegypto
560 1234 590 1284 et
611 1225 710 1304 Cypro
726 1229 769 1285 sui
784 1227 921 1304 generis,
942 1210 974 1282 uh
988 1223 1122 1284 dixi-134

83 1327 157 1384 nus,
175 1307 260 1384 largo
276 1324 346 1366 suco
359 1307 501 1368 abundant
519 1327 628 1369 summo
640 1311 750 1370 cortice
765 1310 971 1387 desquamato,
999 1306 1039 1365 al·
1051 1303 1111 1390 ¹33⁶

85 1394 140 1452 tior
160 1392 249 1470 plaga
270 1393 346 1449 sicca
369 1399 414 1450 est
436 1392 560 1451 mirabili
575 1401 683 1452 natura.
710 1411 795 1454 sucus
811 1393 980 1452 adversatur
991 1407 1080 1449 venc-

85 1477 127 1535 nis
142 1476 343 1553 serpentium,
365 1476 485 1552 prodest
501 1475 703 1552 dysintericis,
728 1476 846 1536 discutit
866 1492 958 1553 panos
974 1475 1079 1533 omnis-

58 1575 140 1636 isqnc
158 1558 369 1633 collectiones,
385 1558 505 1618 volnera
521 1559 717 1637 conglutinat,
732 1561 835 1638 capitis
848 1558 968 1617 dolores
985 1557 1079 1631 sedat,

85 1645 152 1702 item
166 1643 285 1700 aurium.
311 1641 449 1718 splenicis
461 1640 571 1701 bibitur
582 1652 668 1721 atque
683 1643 812 1702 inlinitur
824 1650 854 1700 et
865 1649 966 1699 contra
975 1639 1079 1716 perfri-

12 1789 13 1792 ,
86 1728 206 1785 stiones.
239 1723 393 1784 celerrime
407 1725 566 1784 teredinem
591 1728 688 1785 sentit.
715 1743 810 1802 neque
827 1724 901 1800 apud
919 1739 973 1780 nos
988 1739 1059 1779 suco
1070 1733 1120 1786 135

12 1835 13 1854 ι
86 1811 178 1866 minor
199 1825 277 1867 usus.
320 1808 490 1867 adversatur
510 1811 627 1868 aconito
649 1817 681 1866 et
703 1809 818 1867 araneis
841 1807 871 1863 in
893 1806 960 1863 vino
981 1811 1077 1880 potus.

12 1897 14 1952 l
89 1891 184 1949 alvom
206 1889 312 1966 solvit,
339 1893 455 1969 pituitas
476 1892 645 1969 taeniasque
659 1899 690 1950 et
705 1889 809 1950 similia
824 1889 935 1948 ventris
949 1885 1080 1944 animalia

56 1985 82 2025 ao
93 1973 225 2032 extrahit.
250 1973 305 2034 hoe
320 1974 396 2033 idem
417 1982 546 2052 praestat
566 1984 596 2034 et
618 1982 723 2035 cortex
747 1974 841 2032 tritus.
875 1970 946 2031 folia
966 1971 1080 2044 tingunt

91 2055 225 2133 capillum
240 2073 298 2116 cunr
314 2058 360 2116 lici
373 2060 472 2134 nigrae
489 2067 518 2117 et
536 2060 604 2117 vitis
624 2057 782 2117 corticibus
795 2055 878 2114 simul
900 2054 992 2112 coctis
1006 2069 1080 2128 aqua

12 2149 13 2218 j
89 2139 218 2199 caelesti.
247 2143 325 2218 pomi
340 2141 431 2218 ipsius
449 2159 533 2200 sucus
548 2141 643 2201 alvom
660 2141 748 2201 soluit
763 2140 904 2217 protinus.
920 2139 983 2214 ipsa
994 2152 1080 2212 poma

89 2223 122 2282 ad
136 2241 277 2308 praesens
291 2223 439 2283 stomacho
455 2224 534 2283 utilia
547 2225 741 2302 refrigerant,
757 2225 834 2283 sitim
848 2222 963 2281 iaciunt.
979 2220 1004 2277 si
1019 2233 1078 2277 non

92 2308 275 2384 superveniat
294 2307 368 2366 alius
389 2307 489 2384 cibus,
510 2309 710 2368 intumescunt.
744 2325 784 2366 ex
811 2306 959 2364 inmaturis
990 2318 1077 2361 sucus

63 2392 163 2449 assistit
180 2389 290 2468 alvom,
305 2389 395 2450 veluti
410 2391 537 2450 animalis
553 2391 672 2451 alicuius
685 2393 715 2450 in
730 2389 783 2448 hac
798 2389 904 2449 arbore
921 2387 1079 2446 observan·
1126 2409 1142 2436 ι

91 2473 130 2532 dis
146 2473 291 2533 miraculis
306 2491 380 2551 quae
396 2476 424 2533 in
438 2482 537 2533 natura
552 2477 614 2533 eius
630 2476 760 2534 dinnano.
894 2493 900 2502 ’
1036 2485 1065 2524 ¹⁶·
1078 2481 1120 2518 ¹⁸²·

147 2558 230 2636 (71.)
258 2555 306 2616 Fit
321 2575 359 2616 ex
375 2575 462 2635 pomo
477 2557 668 2635 panchrestos
684 2557 852 2630 stomatice,
867 2552 968 2612 eadem
983 2557 1120 2610 arte-136

92 2641 164 2700 riace
180 2639 345 2718 appellata,
371 2641 427 2700 hoc
445 2640 545 2700 modo:
566 2642 687 2700 sextarii
707 2648 769 2698 tres
791 2639 852 2697 suci
873 2654 890 2694 e
908 2651 995 2711 pomo
1018 2631 1077 2689 leni

12 2775 14 2786 ,
90 2741 197 2802 vapore
212 2723 248 2782 ad
261 2725 480 2784 crassitudinem
490 2724 583 2783 mellis
598 2725 777 2800 rediguntur.
806 2727 874 2798 post
892 2719 1004 2779 additur
1019 2731 1077 2772 orn·

12 2815 13 2840 ³
62 2807 169 2884 ophaoi
191 2805 263 2866 aridi
286 2807 397 2884 pondus
418 2805 446 2865 X
465 2819 493 2866 11
512 2815 559 2868 aut
579 2824 692 2866 murrae
707 2803 735 2863 X
749 2817 779 2880 1,
802 2804 882 2862 croci
906 2799 934 2859 X
953 2814 974 2858 1.
1006 2796 1079 2857 haec

12 2897 13 2914 ¹
89 2890 170 2949 simul
186 2893 255 2949 trita
271 2891 428 2950 miscentur
445 2889 578 2966 decocto,
591 2907 687 2966 neque
705 2895 750 2948 est
764 2885 841 2947 alind
855 2886 926 2959 oris,
942 2883 1079 2953 arteriae,

12 2931 14 3038 l
89 2991 178 3050 uvae,
194 2973 335 3033 stomachi
349 2975 496 3034 iucundius
517 2973 685 3033 remedium.
718 2972 751 3029 lit
773 2978 804 3030 ct
825 2969 883 3027 alio
898 2964 1002 3026 modo:
1017 2963 1078 3022 snci

12 3047 14 3070 '
89 3059 208 3116 sextarii
228 3057 303 3133 duo,
320 3056 412 3144 mellis
428 3055 518 3116 Attici
534 3057 678 3116 sextarius
698 3055 876 3114 decocuntur
891 3058 923 3109 nt
936 3065 1024 3124 supra
1037 3047 1078 3106 di-

88 3143 188 3200 ximns.
214 3143 287 3199 mira
300 3149 369 3208 ‚sunt
383 3147 537 3217 praeterea
552 3157 626 3217 qnae
641 3138 817 3216 produntur:
832 3135 904 3192 mira
917 3132 1119 3209 germina-137
1163 3155 1166 3160 ·

63 3227 187 3302 attone,
201 3225 368 3302 prinsquam
382 3224 451 3283 lolia
466 3232 588 3299 exeant,
604 3224 721 3281 sinistra
735 3218 855 3294 decerpi
869 3216 963 3276 lutura
984 3230 1076 3292 poma.

12 3337 13 3356 ι
88 3311 197 3367 ricinos
214 3305 319 3366 Graeci
336 3315 446 3367 vocant.
475 3307 504 3365 hi
522 3315 628 3367 terram
644 3307 668 3363 si
682 3321 741 3364 non
752 3304 897 3378 attigere,
912 3300 1079 3374 sanguinem

89 3392 197 3450 sistunt
211 3391 375 3468 adalligati,
397 3393 459 3452 sire
481 3409 519 3450 ex
538 3391 661 3452 volnere
679 3388 748 3446 llnat
769 3388 832 3444 sive
848 3401 900 3442 ora
922 3385 986 3440 sive
1005 3379 1080 3436 nari-

89 3475 142 3534 bus
165 3477 231 3536 sive
254 3474 503 3550 haemorrhoidis,
524 3473 634 3533 adhoc
654 3467 954 3544 servanturrepositi.
982 3462 1059 3520 idern
1069 3467 1120 3521 138
