2484 3817
148 173 187 234 84
239 158 249 250 ᾗ
329 179 333 186 ·
489 149 790 228 c'.1>cm1sacuuo1

104 349 137 403 91
154 355 213 396 non
234 343 280 394 est
298 332 385 395 facile
410 332 495 393 dictu.
540 332 604 410 [1¹51
626 331 772 392 Venerem
793 337 948 390 exeuntem
968 347 985 388 e
1005 331 1075 387 mari
1099 330 1143 390 di-

146 437 200 478 vos
215 417 364 495 Augustus
381 416 487 476 dicavit
508 417 538 475 in
554 413 677 475 delubro
697 415 786 490 patris
808 412 960 488 Caesaris,
978 429 1051 490 quae
1074 431 1142 473 ana-

148 503 290 578 dyomene
305 508 442 575 vocator,
457 498 591 560 versibus
604 496 723 557 Graecis
738 496 786 555 tali
801 513 909 574 opere,
921 495 986 554 dum
997 495 1141 572 laudatur,

146 587 224 644 ricto
247 583 299 644 sed
316 583 485 658 inlustrato,
504 583 584 642 cuius
599 581 768 640 inferiorem
785 587 1076 658 partemcorruptam
1091 583 1142 657 qui

146 668 283 728 reliceret
306 683 365 725 non
391 667 486 743 potuit
513 665 656 743 reperiri,
684 681 783 723 verum
805 664 868 740 ipsa
884 659 985 721 iniuria
1001 663 1092 722 cessit
1113 666 1165 725 ina

147 751 270 828 gloriam
289 749 416 808 artificis.
451 750 604 809 consenuit
617 746 691 806 haec
703 745 800 805 tahula
815 746 909 820 carie,
925 743 1066 822 aliamque
1083 763 1142 822 pro

104 841 186 896 tace
203 833 352 892 substituit
367 830 448 891 Nero
469 833 631 909 principatu
651 847 704 888 suo
719 828 861 889 Dorothei
881 845 975 886 manu.
1015 828 1141 905 Apelles

146 915 333 976 inchoaverat
354 923 384 974 et
402 914 485 974 aliam
499 914 646 973 Venerem
663 910 715 972 Coi
735 919 920 989 superaturus
939 911 1042 969 lamam
1062 911 1142 970 illam

148 1019 226 1060 suam
246 1001 384 1078 priorem.
420 995 522 1056 invidit
542 1013 621 1054 mors
640 1004 758 1072 peracta
779 1003 878 1073 parte,
900 1011 955 1053 uec
971 995 1019 1071 qui
1040 1012 1142 1055 succe-

148 1086 233 1142 deret
249 1083 332 1158 operi
356 1081 391 1138 ad
411 1079 593 1157 praescripta
608 1078 772 1138 liniamenta
792 1083 926 1142 inventus
951 1088 1005 1140 est.
1041 1083 1137 1157 pinxit
1151 1098 1176 1139 so

148 1174 179 1225 et
194 1162 391 1222 Alexandrum
409 1161 542 1238 hlagnom
560 1161 668 1221 lulmen
690 1170 838 1224 tenentem
859 1165 888 1222 in
911 1163 1020 1241 templo
1038 1163 1141 1242 Ephe·

148 1251 210 1308 siae
225 1245 334 1304 Dianae
350 1247 453 1322 viginti
475 1244 592 1305 talentis
608 1247 682 1305 auri.
711 1245 793 1323 digiti
810 1247 940 1307 eminere
955 1245 1091 1307 ridentur
1110 1260 1141 1309 et

146 1330 255 1390 tulmen
269 1337 353 1388 extra
366 1328 490 1388 tabulam
505 1347 573 1388 esse
588 1363 630 1373 -
643 1328 779 1407 legentes
796 1332 978 1391 meminerint
994 1333 1089 1390 omnia
1104 1353 1141 1394 ea

148 1421 284 1490 quattuor
292 1412 442 1473 coloribus
452 1414 590 1489 iacta-7
600 1414 800 1491 manipretium
813 1416 876 1474 eius
889 1414 1004 1474 tabulae
1016 1416 1045 1474 in
1061 1432 1140 1475 num·

96 1507 131 1559 93
146 1513 193 1554 mo
205 1513 295 1555 aureo
310 1513 444 1557 mensura
459 1498 583 1572 accepit,
595 1515 653 1556 non
665 1514 794 1556 numero.
816 1498 880 1575 [161
893 1500 985 1576 pinxit
999 1507 1029 1557 et
1039 1497 1140 1576 llega-
1152 1524 1173 1561 ,ι

143 1576 210 1652 hpzi
229 1578 389 1638 sacerdotis
407 1577 516 1636 Dianae
530 1575 677 1656 Ephesiae
694 1594 825 1655 pompam
833 1614 847 1655 ‚·
861 1576 964 1638 Clitum
982 1595 1045 1635 cum
1061 1596 1139 1654 equo

144 1661 179 1719 ad
200 1660 307 1720 bellum
327 1661 529 1737 festinantem,
556 1661 669 1737 galeam
693 1662 827 1738 poscenti
849 1664 1020 1738 armigerum
1045 1666 1140 1739 porri·

143 1752 272 1820 genten.
308 1742 503 1803 Alexandrum
524 1752 554 1801 et
575 1743 737 1823 Philippum
761 1746 895 1822 quotiens
916 1745 1043 1822 pinxerit
1069 1757 1142 1804 enm
1228 1753 1229 1762 ¹

144 1843 256 1887 merare
277 1843 485 1904 supervacuum
506 1834 561 1889 est.
596 1829 734 1886 mirantur
747 1829 816 1886 'eius
835 1826 999 1886 Habronem
1013 1826 1139 1887 Sami-et

145 1908 329 1969 lienandrum
354 1927 456 1986 regem
476 1907 580 1970 Cariae
599 1909 715 1982 Rhodi,
739 1911 807 1969 item
822 1909 981 1986 Antaeum,
1007 1910 1174 1972 Alexan-aa

144 1992 233 2053 dreae
248 1991 471 2068 Gorgosthenen
492 1991 679 2069 tragoedum,
696 1991 806 2052 Romae
823 1991 973 2072 Castorem
995 2001 1025 2052 et
1040 1992 1140 2052 Pollu-

144 2093 206 2135 cem
221 2094 284 2136 cum
301 2075 432 2134 Victoria
447 2083 478 2134 et
492 2075 660 2134 Alexandro
677 2073 799 2152 Magno,
815 2078 883 2135 item
895 2075 968 2135 Belli
984 2077 1141 2152 imaginem

143 2159 288 2218 restrictis
304 2158 339 2217 ad
351 2166 433 2235 terga
446 2157 593 2234 manibus,
608 2157 776 2218 Alexandro
789 2161 817 2218 in
833 2169 917 2218 curru
932 2159 1139 2236 triumphante,

101 2252 137 2306 94
148 2259 217 2319 quas
236 2249 373 2318 utrasque
389 2241 499 2300 tabulas
519 2241 602 2300 diros
626 2241 774 2318 Augustus
791 2244 820 2300 in
837 2243 894 2301 lori
911 2244 954 2300 sui
975 2242 1140 2302 celeberri-

143 2326 196 2385 mis
213 2324 344 2402 partihus
360 2322 505 2383 dicaverat
520 2323 701 2402 simplicitate
716 2325 878 2399 moderata,
899 2325 982 2384 divos
1000 2323 1139 2386 Claudius
1149 2351 1174 2389 aa

144 2407 235 2486 pluris
257 2408 431 2466 existimarit
451 2408 580 2484 utrisque
600 2409 698 2467 excisa
718 2407 874 2468 Alexandri
899 2409 974 2467 lacie
996 2407 1054 2467 divi
1075 2410 1141 2469 Au-

143 2493 220 2569 gusti
236 2491 375 2566 imagines
396 2489 513 2550 addere.
552 2489 679 2550 eiusdem
695 2491 867 2558 arbitrantur
882 2509 992 2550 manum
1014 2503 1082 2550 esse
1108 2503 1141 2552 et

143 2577 173 2634 in
189 2575 333 2634 Antoniae
352 2572 462 2650 templo
477 2571 631 2633 Herculem
650 2592 798 2650 aversum,
823 2583 870 2650 ut,
898 2573 975 2652 quod
998 2581 1045 2632 est
1062 2575 1140 2635 dilii-

143 2658 296 2733 cillimum,
317 2657 420 2716 laciem
441 2657 503 2716 eius
518 2657 653 2717 ostendat
670 2659 766 2716 verius
787 2658 897 2733 pictura
917 2674 999 2735 quam
1013 2662 1140 2734 promit·

144 2748 195 2800 tat.
228 2741 319 2817 pinxit
341 2748 371 2800 et
391 2739 481 2799 heroa
503 2739 620 2815 nudum,
645 2756 736 2815 eaque
759 2741 868 2815 pictura
891 2749 1018 2800 naturam
1040 2741 1177 2818 ipsamaa

102 2834 135 2888 95
147 2825 326 2901 provocavit.
344 2823 408 2901 [17]
417 2831 464 2882 est
477 2830 506 2881 et
520 2839 587 2880 ecus
599 2823 661 2880 eius
676 2823 737 2880 sive
749 2822 803 2880 luit
817 2824 909 2900 pictus
921 2825 949 2881 in
964 2827 1140 2904 certamine,

97 2900 101 2906 ’
145 2924 201 2984 quo
217 2905 350 2966 iudicium
365 2906 506 2968 admotas
520 2902 712 2982 quadripedes
727 2909 896 2981 provocavit
910 2906 945 2964 ah
958 2906 1141 2970 hominihus.

144 3007 265 3066 namque
289 2987 393 3047 ambitu
411 2987 581 3067 praevalere
602 2986 731 3046 aemulos
747 2991 875 3049 sentiens
891 2989 1068 3065 singulorum
1092 2998 1141 3072 pi-

144 3081 239 3132 cturas
257 3072 379 3130 inductis
401 3073 483 3148 equis
500 3070 640 3145 ostendit,
660 3069 775 3146 Apellis
790 3068 895 3132 tantum
911 3089 987 3148 equo
1005 3073 1141 3136 adhinni-

145 3174 234 3231 vere,
252 3154 339 3230 idque
355 3162 385 3213 et
399 3162 502 3232 postea
518 3171 634 3232 semper
654 3155 768 3230 evenit,
790 3163 821 3213 ut
838 3157 1065 3232 experimentum
1088 3175 1138 3220 ar·
1149 3185 1175 3224 aa

102 3247 136 3301 96
149 3240 185 3294 tis
201 3235 270 3295 illud
286 3243 487 3296 ostentaretur,
519 3239 589 3297 iecit
604 3243 636 3294 et
651 3233 869 3314 Neoptolemum
885 3255 923 3297 ex
938 3255 1012 3316 equo
1029 3240 1140 3302 adver·

146 3336 194 3375 sus
206 3317 328 3392 Persas,
346 3317 517 3378 Archelaum
531 3338 593 3380 cam
607 3336 699 3378 uxore
715 3328 743 3377 et
758 3319 829 3394 lilia,
844 3319 1017 3397 Antigonum
1033 3321 1138 3386 thora·

145 3407 236 3458 catum
264 3416 325 3457 cum
354 3417 428 3476 equo
453 3402 643 3462 incedentem.
686 3404 839 3480 peritiores
866 3406 934 3462 artis
960 3405 1138 3481 praeierunt
