2484 3817
213 246 217 253 ,
287 188 814 270 nna.n1sn.xxvn1,4.(o-1o.)
988 190 1045 251 163

71 362 154 431 gutur.
183 347 239 412 aas
256 352 331 411 baec
344 350 493 411 credamus
505 352 561 413 n‘te
576 353 649 428 lieri,
665 356 794 414 extranei
809 356 969 417 interventu
984 363 1042 430 aot,
1054 366 1088 420 39

71 439 93 497 si
106 437 244 496 dormiens
259 442 407 512 spectetur
419 435 527 513 inians,
548 455 565 496 a
578 438 690 496 nutrica
706 446 786 497 terna
802 438 922 518 adspui?
950 456 1046 519 quam·

71 536 146 600 quam
160 518 228 579 illos
244 518 387 594 religione
404 528 480 578 muta
501 528 608 579 tutatur
633 529 662 579 et
681 520 822 598 fascinus,
844 526 1046 601 imperatorum

2 647 3 653 κ
71 620 187 681 quoqne,
201 620 259 662 non
270 602 361 661 solnm
375 602 522 661 infantium
534 612 642 678 custos,
658 605 706 681 qui
722 603 793 663 dens
810 607 883 665 inter
894 624 976 666 sacra
987 607 1045 665 Ro-

51 704 143 746 smana
162 683 358 745 al'estalibos
373 684 478 743 colitur
500 695 530 744 et
553 688 660 746 curras
675 688 902 766 triumphantium
925 688 977 748 sub
1001 689 1047 748 bis

70 770 189 848 pendens
205 766 332 827 delendis
347 767 475 828 medicus
494 768 632 843 invidiae,
660 770 796 849 iubetque
822 773 939 841 cosdem
954 774 1045 850 respi-

70 871 132 912 cere
145 852 244 934 similis
259 850 400 911 medicina
416 851 540 929 linguae,
556 862 586 911 ut
601 854 638 911 sit
654 862 773 913 exorata
790 872 806 914 a
821 864 905 931 tergo
922 854 1044 914 Fortuna

67 936 173 1013 gloriae
191 934 331 994 carnifex.

124 1018 185 1096 (8.)
206 1017 322 1077 blorsas
335 1016 457 1077 bominis
470 1018 544 1078 inter
557 1020 732 1097 asperrimos
745 1037 860 1099 quoque
872 1028 1044 1081 numeratur.
1056 1030 1090 1082 40

40 1101 209 1162 comedentur
226 1099 329 1160 sordes
344 1118 381 1159 cx
396 1101 511 1179 auribus
526 1120 569 1179 ac,
583 1104 704 1181 nequis
718 1104 849 1180 miretur,
865 1106 951 1164 etiam
966 1121 1046 1164 scor·

67 1189 175 1265 piorum
191 1184 296 1245 ictibus
307 1186 539 1262 serpentiumque
555 1186 649 1245 statim
663 1188 817 1264 inpositae,
832 1186 963 1247 melinae
981 1206 1046 1265 per·

66 1269 137 1330 cossi
149 1266 275 1328 auribus.
296 1267 420 1344 produnt
434 1269 471 1327 ita
483 1277 513 1328 et
525 1269 658 1329 reduvias
670 1271 774 1345 sanari,
789 1271 963 1350 serpentium
974 1288 1045 1330 vero

65 1354 147 1413 ictum
163 1352 297 1411 contuosi
314 1350 406 1410 dentis
421 1350 533 1419 humani
547 1353 648 1413 farina.

123 1435 185 1513 (9.)
209 1432 338 1512 Capillus
361 1452 452 1512 puero
477 1437 524 1514 qui
546 1437 665 1514 primam
687 1436 802 1496 decisus
829 1445 873 1495 est
896 1438 1044 1516 podagrae
1055 1449 1087 1501 41

37 1521 183 1597 reimpetus
198 1518 302 1577 dicitur
322 1517 421 1576 levare
436 1519 665 1595 circumligatus,
696 1528 724 1577 et
743 1522 771 1577 in
793 1528 881 1579 totum
903 1521 1047 1599 inpubium

63 1602 195 1681 inposita.
226 1601 352 1659 virorum
375 1618 489 1679 quoqne
512 1602 632 1681 capillus
654 1603 732 1661 canis
754 1601 897 1661 morsibus
917 1603 1047 1663 medetur
1124 1600 1128 1611 ‘

62 1705 97 1745 ex
110 1695 196 1745 aceto
210 1692 240 1742 et
254 1685 378 1761 capitum
389 1684 555 1744 volneribus
570 1702 607 1744 ex
619 1685 686 1743 oleo
699 1693 746 1742 aut
760 1685 839 1759 vino,
855 1686 879 1742 si
893 1683 1046 1759 credimus,
1076 1688 1079 1695 '

2 1782 3 1812 l
61 1788 77 1830 a
92 1768 210 1828 revolso
226 1768 306 1826 cruci
320 1768 474 1846 quartanis,
491 1767 656 1825 combustus
670 1768 768 1843 utique
781 1766 902 1843 capillus
918 1768 1047 1827 carcino-

2 1851 3 1874 ¹
59 1852 138 1912 mati.
168 1852 250 1929 pueri
267 1852 314 1927 qui
335 1852 442 1927 primus
458 1849 596 1908 ceciderit
612 1850 698 1923 dens,
727 1858 755 1907 ut
776 1855 880 1908 terram
895 1866 952 1907 non
968 1850 1049 1909 attin-

30 1950 52 1989 co
62 1943 131 2011 gat,
144 1934 271 1992 inclusus
286 1934 315 1991 in
328 1932 466 1992 armillam
483 1941 512 1991 et
527 1931 644 1991 adsidue
664 1933 692 1990 in
704 1931 844 1992 'bracchio
859 1932 973 1992 babitus
990 1952 1047 1992 rnu-

60 2016 196 2077 liebrium
214 2016 341 2076 locorum
363 2015 482 2075 dolores
498 2014 642 2093 prohibet.
674 2014 778 2075 Pollex
799 2016 827 2075 in
851 2016 926 2094 pede
942 2016 1043 2094 pracli·
1056 2027 1090 2080 42

58 2110 147 2177 gatus
163 2116 301 2177 proxumo
317 2099 408 2175 digito
423 2108 550 2158 tumores
565 2099 709 2175 inguinum
726 2099 819 2173 sedat,
839 2100 866 2157 in
882 2117 962 2159 manu
979 2100 1055 2159 dex·v

59 2195 103 2243 tra
120 2183 179 2243 duo
194 2183 281 2242 medii
297 2182 356 2241 lino
371 2182 474 2241 leviter
485 2182 622 2259 conligati
637 2182 846 2255 destillationes
861 2192 946 2260 atque
963 2183 1046 2261 lippi·

60 2268 175 2327 tudincs
192 2274 301 2326 arcent.
333 2268 401 2343 quin
416 2276 446 2325 et
463 2267 573 2325 eiectus
588 2265 704 2344 lapillus
727 2266 874 2325 calculoso
890 2266 1044 2343 adligatus·

29 2362 119 2427 ²⁵qne
133 2366 221 2427 supra
239 2347 344 2427 pubem
367 2348 465 2408 levare
484 2358 600 2409 ceteros
623 2348 724 2409 dicitnr
743 2366 778 2407 ac
803 2349 940 2408 iocineris
961 2352 1047 2409 etiam

61 2433 182 2493 dolores
201 2441 232 2491 et
255 2431 432 2491 celeritatem
448 2441 545 2511 partus
563 2432 674 2492 iacere.
706 2431 791 2491 adicit
809 2430 929 2492 Granius
951 2433 1047 2491 eidca·

61 2518 171 2575 ciorem
182 2515 217 2575 ad
228 2514 287 2575 lnoc
298 2533 363 2575 esse
375 2515 453 2574 ferro
464 2524 635 2593 exemptum.
658 2524 756 2594 partas
770 2515 917 2575 adcelerat
930 2514 977 2574 hic
988 2530 1049 2571 mas

60 2618 97 2658 ex
112 2616 174 2678 quo
196 2616 329 2676 quaeque
351 2600 536 2675 conceperit,
563 2599 587 2658 si
609 2601 703 2658 cinctu
727 2615 780 2657 suo
800 2598 895 2658 soluto
916 2598 1048 2657 feminam

58 2684 193 2757 cinxerit,
208 2682 275 2740 dein
285 2681 406 2741 solverit
419 2681 530 2741 adiecta
545 2682 713 2760 precatione
728 2698 760 2739 se
773 2682 911 2755 vinxisse,
927 2679 1048 2738 cundem

27 2774 87 2824 oet
101 2765 277 2837 solatumm,
293 2773 379 2841 atque
393 2764 505 2824 abierit.

120 2848 211 2925 (10.)
237 2848 382 2923 Sanguine
411 2849 501 2926 ipsius
532 2847 653 2907 hominis
682 2863 720 2905 cx
749 2862 936 2924 quacumque·
958 2850 1038 2919 parte
1057 2853 1090 2905 43

57 2934 170 2991 emisso
192 2930 396 2990 efficacissimo
418 2932 549 3009 anginam
567 2930 647 2989 inlini
664 2930 777 2989 tradunt
793 2927 926 3005 Orpbeus
943 2933 977 2983 —ct
996 2924 1048 2981 Ar·

56 3013 198 3091 cbelaus,
220 3016 289 3073 item
304 3030 355 3072 ora
376 3015 508 3072 comitiali
528 3011 630 3073 morbo
653 3012 867 3089 conlapsornm,
890 3025 1049 3084 exsurgere

56 3100 135 3156 enirn
152 3099 296 3181 protinus.
323 3096 452 3172 quidam,
466 3098 490 3154 si
507 3094 629 3173 pollices
645 3093 745 3172 pe'dum
763 3100 923 3171 pungantur
938 3109 1048 3169 eaeque

23 3187 161 3254 ³⁵gratiae
178 3180 344 3241 referantur
358 3180 386 3237 ia
400 3179 513 3253 faciem,
528 3188 574 3237 aut
589 3179 612 3236 si
630 3178 713 3253 virgo
731 3175 831 3235 dextro
848 3175 953 3252 pollice
969 3176 1048 3235 attin·

55 3273 116 3340 gat,
132 3264 194 3324 hac
210 3265 378 3324 coniectura
392 3269 545 3321 censentes
558 3262 686 3335 virgines
707 3260 803 3317 carnis
822 3257 956 3317 edendas.
989 3258 1044 3315 Ae·
1058 3268 1091 3318 44

54 3347 182 3407 sebines
209 3347 394 3407 Atheniensis
420 3352 666 3407 excrementorum
691 3341 787 3399 cinere
816 3341 927 3416 anginis
954 3340 1048 3397 mede-

54 3427 148 3489 batur
162 3439 194 3489 et
207 3430 334 3491 tonsillis
354 3430 475 3505 uvisque
497 3435 526 3486 et
546 3424 753 3484 carcinomatis.
786 3421 1048 3561 boplrpedicamen-
