2484 3817
309 183 391 231 nnn.
409 183 500 232 aran.
515 185 598 233 xxv.
616 185 660 239 re
677 139 883 253 (roo-too.)x
928 174 932 184 '
1037 181 1083 242 9¹!

86 338 157 397 hras
182 336 351 411 deglutiant.
386 336 505 396 eaedem
526 288 629 418 capitis
653 338 803 401 doloribus
828 341 980 404 medentur
1007 362 1081 404 suco

86 421 135 480 vel
152 419 227 479 lolio
241 417 419 497 temporibus
436 419 534 480 inlitis.
578 422 765 482 adversantur
781 423 999 502 phalangiorum
1016 428 1080 486 icti·

86 504 155 579 hus,
172 504 289 562 aconito
305 519 377 560 vero
391 503 480 561 maius
495 505 604 563 aizoum
628 506 794 582 praecipue.
838 526 855 567 a
875 508 1079 587 scorpiourhus

87 603 205 664 quoque
220 584 371 645 habentem
386 585 414 644 id
427 585 507 644 leniri
519 595 636 663 negant.
678 587 828 648 medentur
845 601 875 649 et
888 595 996 651 aurium
1006 591 1058 652 do
1071 603 1125 658 164

65 670 158 743 niori,
174 669 244 728 item
258 685 345 726 sucus
359 668 528 742 hyoscyami
541 663 687 746 modicus,
708 673 778 730 item
788 671 940 734 Achilleae
963 683 993 733 et
1010 693 1078 735 cen·

85 753 158 812 tauri
174 752 295 811 minoris
312 759 343 808 et
356 750 540 828 plantaginis,
559 753 718 830 peucedani
731 771 795 816 cunr
804 773 929 816 rosaceo
940 765 971 816 et
982 775 1079 818 meco-

84 837 150 908 nio,
175 836 258 893 acori
273 851 360 894 sucus
380 850 443 892 cum
457 851 535 894 rosa.
565 838 656 894 omnis
676 846 771 896 autem
793 839 898 916 strigili
918 839 1082 900 calefactus

84 917 258 993 infunditur,
283 916 440 990 cotyledon
461 919 545 977 etiam
565 919 725 998 pumlentis
745 939 809 980 cum
822 921 946 982 medulla
961 924 1081 982 cervina

84 1001 238 1060 calefacta.
282 999 368 1059 libuli
382 999 488 1059 radicis
505 1001 589 1060 tritae
604 1019 691 1061 sucus
707 1003 796 1064 linteo
813 1006 943 1080 celatus,
966 1022 1037 1064 mox
1049 1007 1079 1064 in

53 1085 149 1144 rusole
162 1082 300 1143 densutns
315 1092 345 1142 et
365 1099 428 1141 cum
448 1100 522 1161 opus
541 1085 578 1143 sit
593 1102 719 1146 rosaceo
739 1086 844 1148 dilutus
866 1097 897 1148 et
919 1087 1081 1148 calefactus

83 1165 244 1246 parotidas,
261 1165 436 1242 verbenaca,
452 1166 518 1226 item
531 1167 670 1246 plantago
683 1177 775 1246 sanat,
791 1172 858 1232 item
873 1172 1001 1232 sideritis
1015 1189 1079 1231 cum

81 1251 210 1327 axungia
224 1258 336 1308 vetere.

146 1333 252 1410 (104.)
280 1331 397 1392 Narium
414 1349 549 1393 osannam
565 1334 698 1395 emendat
716 1337 901 1396 aristolochia
917 1354 982 1396 cum
1005 1354 1053 1413 cy·
1070 1347 1123 1403 len

81 1433 167 1494 pero.
789 1431 799 1452 ·

49 1516 72 1556 1⁵
145 1499 252 1576 (105.)
275 1497 414 1558 Dentibus
429 1499 557 1559 remedio
574 1509 639 1560 sunt
660 1502 778 1578 panacis
798 1501 881 1561 radin
903 1502 1078 1562 conmandu-

81 1591 159 1657 cata,
180 1582 338 1659 praccipue
354 1581 518 1658 Chironiae,
533 1585 601 1642 item
617 1601 703 1643 sucus
721 1583 892 1657 conlutihus,
906 1584 990 1643 radix
1006 1585 1078 1659 hyo-

79 1666 192 1741 scyami
217 1683 256 1724 ex
274 1674 359 1725 aceto
384 1665 566 1742 manducata,
592 1668 660 1725 item
677 1666 873 1725 Polemoniae.
906 1668 1078 1736 conmandu-

79 1757 185 1808 cantur
197 1757 228 1807 et
242 1747 419 1826 plantaginis
434 1747 526 1824 radix,
542 1757 590 1808 aut
608 1749 781 1808 conluantur
792 1749 821 1806 in
835 1756 920 1807 aceto
934 1747 1079 1808 decoctae

79 1847 168 1891 suco.
201 1839 229 1890 ct
249 1831 319 1890 lolia
341 1849 408 1891 esse
434 1832 520 1905 utile,
547 1831 596 1890 rel
622 1833 647 1890 si
667 1832 805 1908 sanguiue
821 1831 957 1907 gingdvm
981 1840 1079 1910 putre·

43 1931 71 1970 zo
82 1923 181 1974 scant.
215 1913 262 1972 vel
275 1931 377 1973 semen
392 1914 519 1973 eiusdem
535 1921 716 1993 apostemata
729 1923 759 1972 et
774 1913 966 1973 collectiones
980 1915 1078 1990 gingi-

78 2013 187 2056 varum
207 2005 291 2057 sanat.
322 1997 360 2057 lit
375 1996 560 2057 aristolochia
574 1997 708 2074 gingivas
730 1998 882 2078 dentisque
897 1999 1055 2072 coufirmat,
1068 2007 1123 2064 roc

79 2077 245 2140 verbenaca
264 2095 327 2140 com
343 2081 442 2140 radice
458 2080 682 2140 conmanducata
697 2089 727 2139 et
740 2081 881 2140 decoctae
896 2098 936 2140 ex
947 2083 1015 2140 vino
1030 2089 1079 2140 aut

4 2185 5 2216 1
80 2171 168 2223 aceto
183 2181 271 2222 aucus
290 2163 438 2238 conlutus,
461 2165 527 2222 item
549 2163 728 2244 quinqueioli
742 2164 858 2224 radices
878 2164 1021 2224 decoctae
1040 2164 1078 2224 ad

82 2247 184 2307 tertias
199 2247 267 2305 vino
283 2256 331 2307 aut
349 2255 446 2306 aceto.
478 2249 558 2324 prius
576 2262 659 2324 quam
679 2245 858 2325 decoquatur
874 2263 948 2325 aqua
967 2249 1079 2308 marina

45 2338 132 2387 etant
149 2331 227 2388 salsa
245 2330 366 2390 lavatur.
411 2330 565 2390 decoctum
580 2329 627 2388 diu
641 2330 795 2389 tenendum
808 2332 838 2389 in
853 2347 916 2394 ore.
962 2331 1078 2409 quidam

87 2413 183 2472 cinere
197 2413 378 2491 quinquefoli
392 2413 499 2472 fricare
514 2413 631 2472 malunt.
669 2412 708 2472 ldt
726 2412 860 2472 verbasci
879 2413 962 2472 radix
985 2414 1077 2472 deco·

84 2497 221 2573 quitario
236 2495 304 2556 vino
319 2497 355 2557 ad
372 2495 552 2556 conluendos
565 2496 669 2571 dentis,
686 2504 716 2554 et
730 2495 844 2572 hysopo
861 2496 1033 2556 conluantur
1045 2502 1077 2552 et

81 2578 243 2656 peucedani
260 2595 332 2638 suco
351 2596 414 2638 cum
429 2580 563 2638 meconio
584 2579 633 2638 vel
652 2579 783 2638 radicum
794 2578 964 2655 anagallidis
982 2578 1078 2652 magio

79 2661 206 2722 lemicae
222 2677 294 2720 suco
310 2661 347 2722 ah
364 2663 455 2722 altera
472 2680 541 2722 nare
558 2679 641 2740 quam
654 2661 754 2722 doleat
766 2663 871 2721 inluso.

38 2757 71 2798 ³⁰
145 2745 251 2824 (106.)
270 2743 560 2822 linigeronanostris
572 2753 693 2804 vocatur
703 2747 833 2804 senecio.
854 2742 1120 2806 reccurrendum

78 2828 331 2906 circumscriptam
349 2829 466 2888 effodiat
480 2829 586 2906 aliquis
598 2835 754 2904 tangatque
765 2845 800 2887 ea
811 2828 928 2887 dentem
944 2834 974 2885 et
989 2825 1077 2883 alter·

4 2907 6 2974 l
74 2911 126 2970 nis
141 2920 187 2970 ter
199 2911 322 2989 despuat
333 2921 499 2989 acrepouat
512 2914 542 2970 in
551 2910 672 2970 eundem
684 2910 779 2970 locum
789 2913 829 2970 ita
842 2917 873 2967 ut
884 2912 963 2968 vivat
974 2905 1075 2982 hecha,

4 2995 5 3002 ’
74 2996 162 3054 aiunt
178 2994 293 3054 dentem
308 3011 374 3053 eum
386 3004 489 3072 postca
505 3012 562 3053 uon
576 2992 739 3053 doliturum.
762 2992 852 3052 herha
867 3000 913 3050 est
926 2990 1078 3067 trixaginis

73 3079 184 3156 specie
200 3086 231 3136 et
246 3075 378 3152 mollitia,
397 3077 545 3138 cauliculis
560 3073 789 3135 suhrnhicuudis.
810 3074 936 3134 nascitur
949 3076 979 3132 in
992 3083 1077 3149 tegu-

35 3173 64 3215 ac
74 3161 117 3220 lis
136 3169 167 3220 et
183 3161 212 3218 iu
225 3162 324 3220 muris.
351 3158 409 3220 hoc
422 3177 528 3220 nornen
542 3159 645 3218 Graeci
659 3158 810 3232 dederunt,
827 3156 892 3235 quia
907 3174 978 3216 rere
991 3174 1078 3215 caue·

71 3244 147 3304 scit.
183 3254 270 3322 capnt
287 3245 350 3303 eius
365 3244 517 3303 numerosa
532 3241 667 3302 dividitur
680 3241 832 3318 lanugine,
853 3238 946 3317 qualis
960 3248 1005 3298 est
1017 3240 1074 3315 spi·

70 3343 146 3402 nae,
163 3327 237 3386 iuter
252 3327 394 3386 divisuras
411 3334 551 3400 exeunte,
572 3341 661 3402 quare
677 3321 868 3382 Callimachus
887 3337 950 3380 eam
971 3339 1055 3380 acan·
1067 3327 1120 3382 1⁶8

69 3409 339 3490 thidaappellavit,
354 3409 404 3469 alii
413 3427 546 3488 pappum.
562 3404 854 3468 necdeiudellraecis
865 3404 914 3545 de.1
908 3421 944 3464 ea
952 3407 1076 3462 constat

129 3511 204 3552 narn.
219 3514 282 3554 aar.
299 3515 368 3553 rursu.
383 3497 432 3552 IV.
