2484 3817
149 133 189 196 88
490 143 794 209 exemenonem

149 298 262 375 quidem
278 306 394 359 secutus
416 296 581 357 humilitatis
601 305 696 358 tamen
713 313 847 356 summam
863 295 984 374 adeptus
1011 305 1060 356 est
1081 297 1156 374 glo·

148 383 227 442 riam.
257 383 413 442 tonstrinas
432 380 613 456 sutrinasque
628 381 720 459 pinxit
740 387 770 439 et
790 378 896 439 asellos
912 387 943 438 et
959 381 1090 477 opsonia
1118 399 1156 440 ac

149 464 266 554 similia,
284 465 322 524 ob
336 464 409 523 haec
432 465 649 540 cognominatus
674 461 971 560 rhyparogrupbps,
962 480 991 520 ru
1012 463 1051 520 iis
1078 481 1156 522 con·

150 537 304 608 summalae
320 547 496 625 voluptatis,
520 547 628 625 quippe
650 563 703 606 eae
724 545 816 622 pluris
834 546 955 604 veniere
976 563 1067 622 quam
1090 563 1156 604 ma·

103 640 158 693 113
169 647 269 692 xumae
281 630 441 690 multorum
477 627 630 690 Edrverso
641 627 789 688 Maeniana
797 629 924 705 mqurt
925 627 1034 704 Varro,
1049 631 1176 688 omnies
1222 637 1223 690 l

150 714 302 790 operiebat
331 714 498 792 Serapionis
528 713 624 772 tabula
651 711 702 770 sub
728 711 895 770 Veteribus.
940 709 987 770 bic
1019 729 1155 771 scaenas
1222 699 1223 792 i

150 804 268 874 optume
301 799 411 875 pinxit,
437 795 489 855 sed
518 794 660 854 bominem
684 795 805 872 pingere
832 811 888 853 non
914 795 1010 872 potuit
1041 803 1156 854 contra
1222 801 1223 860 l

148 877 305 956 Dionysius
319 878 482 938 nihibaliud
497 896 579 955 quarn
594 878 725 938 homines
746 879 852 955 pinxit,
872 877 908 936 ob
931 877 959 935 id
983 877 1155 955 anthropo·
1222 861 1223 932 l

107 963 292 1061 litgrapbos
307 963 535 1038 cognominatus.
564 959 655 1020 Parva
670 969 700 1021 et
715 958 848 1020 Callicles
867 961 955 1034 iecit,
972 961 1046 1019 item
1066 958 1155 1020 Gula·
1222 955 1223 966 *

149 1055 194 1105 tes
211 1047 327 1105 comicis
343 1043 476 1119 tabellis,
497 1051 618 1119 utraque
634 1041 810 1123 Antiphilus.
847 1061 909 1104 uam
932 1050 962 1102 et
981 1041 1152 1102 Hesionam
1162 1061 1185 1099 ιι

149 1129 275 1187 nobilem
298 1127 390 1223 pinxit
412 1134 442 1185 et
457 1086 651 1184 Alexandrum
675 1144 709 1185 ac
728 1124 887 1203 Rbilippum
914 1143 977 1184 cum
998 1123 1155 1199 Minerva,

150 1212 197 1287 qui
215 1211 308 1268 sunt
299 1227 329 1267 ru
344 1207 473 1267 schola'
465 1225 495 1266 ru
512 1205 650 1268 Octaviae
663 1209 839 1286 porticibus,
858 1210 912 1269 et
904 1227 933 1267 m
948 1207 1084 1286 Philippi
1106 1207 1156 1267 Li-

148 1292 249 1350 berum
260 1299 382 1367 patrem,
389 1287 584 1349 Alexandrum
595 1308 727 1367 puerum,
739 1289 924 1368 Hippolytum
935 1298 1021 1349 tauro
1035 1293 1154 1350 emisso

148 1380 408 1451 expavescentem,
426 1374 455 1432 in
463 1371 601 1449 Pompeia
614 1390 687 1433 vero
700 1370 832 1432 Cadmum
844 1383 874 1434 et
889 1373 1040 1450 Europen.
1071 1374 1153 1433 idem

148 1457 256 1515 iocosis
283 1457 398 1516 nomine
421 1455 547 1532 Gryllum
571 1455 720 1515 deridiculi
743 1453 856 1515 babitus
874 1458 985 1534 pinxit,
1010 1456 1093 1516 unde
1123 1456 1183 1514 idn

147 1557 240 1615 genus
255 1541 383 1617 picturae
402 1539 489 1616 grylli
506 1547 653 1598 vocantur.
692 1540 756 1617 ipse
772 1539 801 1596 in
816 1539 953 1616 Aegypto
970 1547 1059 1598 natus
1076 1539 1153 1598 didi-

107 1625 207 1685 115111
223 1622 427 1684 aCtesidemo
456 1621 549 1681 Decet
563 1639 621 1681 non
638 1622 717 1682 sileri
734 1628 764 1680 et
778 1620 912 1681 Ardeatis
928 1620 1031 1698 templi
1049 1624 1150 1699 picto-

147 1723 226 1781 rem,
241 1707 414 1804 praesertim
430 1706 548 1771 civitate
562 1704 697 1766 donatum
716 1705 756 1764 ibi
772 1713 802 1764 et
816 1706 940 1763 carmine
955 1703 1036 1780 quod
1053 1714 1106 1764 est
1122 1707 1150 1763 in
1222 1753 1223 1784 ,

134 1790 213 1866 ipsa
229 1791 341 1866 pictura
352 1787 397 1846 bis
413 1787 562 1846 versibus.
745 1833 747 1840 ,

175 1871 318 1968 Digpis
340 1869 468 1945 dignu’
487 1870 570 1930 loco
593 1872 755 1967 picturis
779 1861 1053 1930 condecoravit
1157 1881 1179 1919 ²⁰

189 1970 346 2030 reginae
365 1951 512 2012 lunoni
536 1955 694 2031 supremi
714 1955 882 2029 coniugi’
903 1953 1088 2030 templum

188 2033 519 2114 Plautin’lilarcus,
534 2035 826 2095 cluetAsialata
844 2053 926 2094 esse
948 2024 1173 2112 oriundus,

190 2136 292 2197 quem
325 2136 416 2176 nunc
455 2129 488 2179 et
522 2127 606 2197 post
635 2136 780 2195 semper
819 2119 862 2178 ob
897 2125 1013 2177 artem
1053 2119 1150 2192 hanc
1222 2119 1223 2160 l

634 2200 756 2260 Ardea
779 2201 918 2277 laudat,

107 2296 157 2348 116
169 2301 260 2361 eaque
289 2291 354 2341 sunt
375 2285 481 2363 scripta
502 2285 625 2361 antiquis
646 2283 751 2343 litteris
775 2283 901 2358 latinis,
926 2299 984 2341 non
1005 2283 1179 2345 frundun-²⁵

149 2368 185 2426 do
215 2375 246 2425 et
277 2365 304 2424 S.
328 2364 417 2427 Tadio
444 2369 502 2428 divi
530 2366 654 2442 Augusti
683 2375 779 2427 aetate
807 2367 854 2443 qui
883 2366 989 2461 primps
1013 2367 1150 2428 instituit

148 2451 375 2509 amoenissimam
398 2453 539 2531 parietum
561 2450 716 2525 picturam,
736 2449 819 2508 villas
836 2456 865 2506 et
888 2449 1019 2544 porticus
1042 2468 1080 2510 uc
1104 2460 1150 2512 to·

148 2535 239 2610 piaris
265 2549 371 2610 opera,
403 2535 501 2607 lucos,
529 2547 663 2606 nemora,
694 2532 794 2626 collis,
826 2531 974 2607 piscinas,
1004 2536 1149 2612 euripos,

149 2618 237 2675 amnis
245 2614 372 2693 ,litora,
390 2615 483 2694 qualia
497 2614 561 2689 quis
577 2620 709 2690 optaret,
728 2615 820 2672 varias
836 2612 876 2671 ibi
893 2611 1149 2675 obambulantium
1222 2641 1223 2658 ι

149 2700 264 2776 species
295 2706 342 2757 ant
367 2698 558 2774 navigantium
582 2705 717 2792 terraque
737 2694 820 2752 villas
848 2693 1010 2758 adeuntium
1036 2699 1179 2757 asellisso

149 2788 197 2838 aut
221 2779 416 2857 vehiculis,
407 2798 463 2839 ram
488 2779 643 2856 piscantis,
668 2778 832 2853 aucupantis
855 2784 902 2834 aut
926 2778 1065 2842 venantis
1098 2789 1148 2840 ant

106 2872 156 2928 117
170 2864 254 2922 ciram
281 2862 508 2922 vindeminantis.
553 2867 618 2918 sunt
645 2859 673 2916 in
700 2860 762 2916 eius
784 2856 996 2955 exemplaribus
1018 2859 1149 2923 nobiles

148 2944 267 3024 palustri
295 2963 414 3004 accessu
438 2943 542 3019 villae,
581 2939 746 3004 succollatis
775 2942 931 3017 sponsione
962 2940 1149 3004 mulieribus

148 3028 279 3088 labantes
304 3028 424 3105 trepidis
448 3044 520 3104 quae
545 3026 691 3099 seruntur,
715 3023 861 3101 plurumae
881 3028 1038 3098 praeterea
1065 3027 1149 3087 tales

149 3113 278 3186 argutiae
297 3109 463 3170 facetissimi
481 3109 560 3168 salis
592 3107 667 3165 idem
686 3104 861 3166 subdialibus
880 3104 1038 3164 maritimas
1058 3110 1179 3170 1111111

149 3196 271 3268 pingere
295 3192 435 3264 instituit,
465 3189 649 3250 blandissimo
677 3197 796 3266 aspectu
827 3185 1008 3284 minumoque
1036 3190 1149 3269 inpen-

109 3275 231 3338 118dio.
285 3272 342 3333 Sed
371 3276 447 3335 nulla
484 3275 578 3352 gloria
607 3273 746 3332 artificum
779 3278 825 3332 est
853 3269 907 3327 nisi
937 3273 987 3346 qui
1019 3277 1145 3340 tabulas

150 3358 290 3434 pinxere,
325 3375 361 3417 eo
389 3356 586 3416 venerabilior
613 3356 789 3434 antiquitatis
815 3351 965 3429 prudentia
999 3357 1143 3436 adparet
