2484 3817
151 160 214 223 286
502 174 533 221 c.
549 174 644 221 acuns
661 173 809 221 sueonos

152 326 229 407 qnod
253 344 287 386 se
312 335 466 388 revocaret
486 326 814 406 quadringentorumque
833 330 973 405 remigum
998 326 1139 406 obsequio

122 420 251 473 econtra
270 429 302 470 se
322 410 524 470 intercederet.
555 408 706 470 constabat
725 411 908 489 peculiariter
927 413 1055 471 miratum
1070 428 1139 493 quo·

149 494 236 553 modo
256 494 417 553 adhaerens
431 495 570 554 tenuisset
586 510 641 553 neo
657 494 732 553 idem
749 494 876 573 polleret
891 496 920 553 in
937 496 1077 571 navigium
1093 512 1139 553 re·

151 586 262 655 ceptus.
283 578 404 655 quitune
415 586 577 656 posteaque
588 576 689 637 videre
702 596 765 637 eum
777 578 870 637 limaci
885 596 1006 655 magnae
1019 577 1140 638 similem

150 680 216 721 esse
237 661 341 720 dicunt.
360 678 415 720 nos
427 661 548 740 plurium
564 661 717 739 opiniones
733 662 880 739 posuimus
894 664 923 721 iu
938 670 1037 721 natura
1052 678 1166 739 aqua-s

107 765 188 807 aaa.
202 744 307 821 tilium,
324 763 387 804 cum
403 745 438 804 de
454 760 490 803 eo
506 744 675 803 diceremus.
706 764 761 805 nec
775 744 933 805 dubitamus
948 745 1023 805 idem
1039 744 1139 803 valere

149 830 241 888 omnia
256 845 290 887 ea
303 846 430 905 genera,
453 845 516 887 cunr
532 825 641 886 celebri
661 836 691 887 et
711 837 883 889 consecrato
904 829 989 887 etiam
1003 827 1139 908 exemplo

147 912 222 989 apud
236 910 362 971 Cnidiam
371 913 516 971 Venerem
533 909 661 969 conchas
679 930 795 991 quoque
811 930 877 971 esse
893 911 1020 971 eiusdem
1037 921 1138 989 poten·

118 998 203 1059 etiae
227 994 305 1054 credi
327 1012 450 1054 necesse
473 996 518 1053 sit.
551 992 576 1052 E
596 996 703 1055 nostris
720 996 832 1074 quidam
845 993 944 1055 Latine
964 1012 1072 1055 moram
1088 1012 1137 1073 ap·

146 1079 295 1161 pellavere
306 1096 379 1153 eunt,
389 1079 556 1156 mirumque,
570 1077 717 1138 eGraecis
733 1079 780 1140 alii
795 1079 922 1138 lubricos
939 1087 1038 1159 partus
1052 1087 1137 1156 atque
1147 1090 1174 1133 ro

105 1161 336 1239 n‚roprocidentis
348 1163 488 1220 contineri
506 1160 543 1221 ad
560 1162 750 1221 maturitatem
767 1162 937 1239 adalligato,
957 1172 988 1222 ut
1007 1161 1139 1239 diximus,

147 1244 341 1327 prodiderunt,
352 1244 399 1303 alii
415 1244 476 1304 sale
484 1245 665 1304 adservatum
677 1246 916 1324 adalligatumque
932 1244 1058 1322 gravidis
1074 1263 1138 1323 par·

145 1337 190 1386 tus
206 1327 333 1402 solvere,
345 1328 382 1386 oh
397 1327 427 1388 id
441 1327 499 1387 alio
513 1329 628 1387 nomine
645 1328 811 1404 odinolyten
831 1328 981 1408 appellari.
1003 1346 1138 1408 quocum·

146 1428 201 1488 que
211 1411 298 1470 modo
310 1411 365 1470 ista
375 1410 534 1488 sehabent,
550 1413 613 1489 quis
629 1411 664 1471 ab
677 1411 734 1472 hoc
742 1413 857 1473 tenendi
871 1413 986 1489 navigia
1002 1411 1137 1489 exemplo

145 1493 181 1552 de
200 1494 258 1554 ulla
278 1496 405 1572 potentia
424 1503 541 1555 naturae
560 1495 646 1572 vique
663 1503 693 1555 et
715 1497 820 1556 eliectu
836 1496 865 1555 in
880 1496 1016 1555 remedius
1031 1504 1136 1574 sponte
1148 1508 1173 1549 aa

144 1578 320 1637 nascentium
332 1596 427 1637 rernm
442 1575 572 1638 dubitet?

115 1668 131 1723 7
204 1660 266 1741 (2.)
282 1660 379 1737 Quid?
393 1679 451 1721 non
462 1672 492 1722 et
503 1664 567 1721 sine
577 1660 635 1728 boc
652 1663 788 1741 exemplo
803 1681 857 1741 per
872 1682 904 1724 se
919 1665 988 1724 satis
1005 1670 1085 1721 esset
1100 1680 1138 1721 ex

143 1745 246 1818 eodem
257 1748 327 1804 mari
337 1745 482 1823 torpedo?
494 1747 580 1806 etiam
591 1747 694 1823 procul
707 1755 736 1805 et
751 1766 767 1806 e
780 1746 948 1827 longinquo,
956 1746 1005 1806 vel
1019 1746 1044 1804 si
1055 1745 1137 1805 hasta

141 1832 260 1906 virgave
275 1831 439 1909 attingatur,
463 1831 591 1908 quamvis
608 1830 794 1908 praevalidos
810 1831 936 1891 lacertos
953 1839 1136 1908 torpescere,

142 1911 297 1991 quamlibet
310 1912 347 1973 ad
360 1929 473 1972 cursum
483 1912 597 1973 velocis
610 1913 735 1991 adligari
755 1911 867 1993 pedes?
883 1914 959 1993 quod
974 1914 999 1972 si
1010 1923 1172 1972 necessest

141 1995 280 2056 habemus
299 1995 385 2054 fateri
408 1994 467 2055 hoc
486 1996 622 2074 exemplo
644 2015 712 2057 esse
728 1998 784 2056 vim
806 1998 929 2076 aliquam
948 2014 1023 2076 quae
1043 1994 1135 2055 odore

140 2088 247 2138 tantum
261 2087 291 2136 et
301 2078 423 2156 quadam
437 2097 504 2139 aura
519 2080 653 2156 corporis
668 2083 711 2141 sui
724 2081 837 2142 adliciat
847 2081 985 2157 membra,
998 2078 1065 2157 quid
1078 2094 1135 2137 nou

141 2162 178 2221 de
192 2160 382 2220 remediorum
396 2164 519 2221 omnium
536 2166 688 2225 momentis
703 2164 874 2241 sperandum
892 2162 957 2225 esti

112 2252 131 2304 8
203 2243 266 2322 (3.)
286 2243 351 2303 Non
367 2255 433 2305 sunt
447 2247 539 2305 miuus
549 2247 619 2305 mira
636 2264 710 2324 quae
727 2247 763 2307 de
778 2248 881 2325 lepore
897 2248 1005 2307 marino
1021 2244 1135 2305 tradun-

140 2335 194 2386 tur.
224 2345 365 2387 venenum
383 2338 427 2388 est
442 2329 505 2389 aliis
520 2331 549 2388 in
571 2338 641 2407 potu
657 2340 704 2390 aut
725 2332 753 2390 iu
775 2330 840 2417 qibo
858 2331 953 2408 datus,
972 2330 1035 2389 aliis
1050 2329 1170 2389 etiamst

140 2413 214 2487 visu,
228 2410 367 2489 siquidem
378 2413 566 2488 gravidae,'si
580 2416 695 2473 omnino
708 2414 893 2494 adspexerint
903 2415 1036 2474 feminam
1048 2430 1086 2471 ex
1097 2428 1134 2471 eo

131 2498 249 2571 'genere
265 2494 425 2569 dumtaxat,
448 2497 541 2555 statim
563 2498 694 2557 nausiant
716 2506 745 2556 et
765 2497 972 2558 redundatione
995 2494 1135 2556 stomachi

139 2578 236 2636 vitium
251 2578 375 2637 fatentur
390 2596 426 2638 ao
445 2577 548 2639 deiude
562 2578 694 2639 abortum
714 2581 830 2641 iaciunt.
857 2581 987 2641 remedio
1010 2588 1055 2638 est
1073 2595 1134 2639 mas

139 2659 177 2718 ob
193 2661 220 2720 id
236 2660 382 2721 induratus
396 2661 458 2721 sale
474 2672 504 2722 ut
525 2664 553 2721 in
570 2662 784 2723 bracchialibus
802 2662 934 2725 habeant.
965 2662 1065 2723 eadem
1085 2679 1133 2721 res

139 2745 166 2803 in
181 2745 250 2803 mari
266 2764 303 2805 ne
318 2753 395 2805 tacto
408 2746 522 2823 quidem
537 2757 635 2807 nocet.
657 2748 785 2807 vescitur
801 2764 837 2807 eo
852 2767 936 2808 unum
953 2756 1060 2807 tautum
1074 2746 1131 2804 ani·
1141 2757 1168 2799 st

139 2828 253 2888 malium
268 2838 371 2889 utnon
391 2831 530 2905 intereat,
554 2828 761 2907 mulluspiscis.
792 2834 951 2893 tenerescit
975 2838 1084 2889 tantum
1105 2837 1135 2887 et

110 2914 257 2975 9inertior
277 2913 421 2991 viliorque
443 2913 483 2972 ut.
522 2913 653 2973 homines
678 2913 780 2991 quibus
801 2916 933 2994 inpactus
959 2923 1004 2973 est
1024 2912 1133 2989 piscem

138 2995 229 3070 olent,
241 2996 298 3054 hoc
314 2998 405 3073 primo
422 3006 590 3074 argumento
602 2997 773 3057 veneficium
787 2998 816 3057 id
828 2996 1061 3076 deprehenditur.
1085 3011 1133 3053 ce·

106 3140 108 3144 ,
136 3087 200 3139 tero
213 3079 369 3139 moriuntur
379 3080 498 3139 totidem
510 3083 539 3140 in
548 3079 648 3139 diebus
662 3091 733 3160 quot
743 3082 847 3142 vixerit
861 3082 956 3161 lepus,
972 3078 1133 3155 incertique

138 3164 277 3237 temporis
296 3164 466 3223 venalicium
489 3164 517 3223 id
541 3181 607 3222 esse
631 3173 798 3224 auctorest
820 3163 1074 3225 Liciniuslhacer.
1104 3161 1169 3221 ina

34 558 47 603 t

135 3242 215 3302 ludia
236 3244 383 3307 adfirmant
403 3264 461 3306 non
483 3247 549 3324 capi
571 3248 714 3307 viventem
735 3249 914 3327 invicemque
935 3247 974 3307 ibi
990 3244 1134 3305 hominem

137 3326 178 3385 illi
193 3344 246 3403 pro
258 3346 372 3389 veneno
383 3348 450 3390 esse
465 3349 500 3391 ac
513 3329 560 3389 vel
573 3330 661 3405 digito
677 3332 790 3390 omnino
803 3333 831 3390 in
845 3333 914 3391 mari
928 3340 1032 3391 tactum
1048 3332 1132 3407 rnori,

142 3428 210 3469 esse
225 3420 319 3471 autem
334 3414 501 3490 ampliorem
516 3412 605 3472 multo
619 3414 704 3473 sicuti
717 3414 827 3494 reliqna
843 3415 985 3477 animalia.
