2484 3817
279 142 359 190 sur.
382 142 474 191 men.
495 95 602 191 xxxv.
623 142 650 195 o.
675 128 890 212 1o·(35—oo.)
1023 91 1085 193 ’79

87 314 177 375 posse
198 296 327 374 diceret,
347 298 432 357 sicuti
448 296 615 357 Alcmenam
635 295 862 375 Agragentinis‚
881 297 957 358 Pana
974 297 1086 360 Arche-

87 380 144 440 lao.
185 381 256 440 lecit
271 389 301 441 et
321 380 491 459 Penelopen
514 383 543 440 in
559 398 614 458 qua
631 382 762 458 pinxisse
775 398 874 441 mores
891 380 1023 457 videtur,
1050 391 1081 442 et
1093 393 1129 447 63

86 464 239 540 athletam,
255 464 388 543 adeoque
400 467 429 524 in
444 464 495 524 illo
513 464 568 524 sibi
584 464 693 548 placuit
707 472 738 523 nt
754 483 871 524 versum
885 465 1085 526 subscriberet

87 547 235 607 celebrem
247 566 285 607 ex
299 566 352 625 eo,
368 550 525 607 invisurum
540 547 662 625 aliquem
677 547 791 607 facilius
807 565 890 625 quam
902 549 1083 609 imitaturum.

64 646 76 682 t·
86 629 254 709 Magnificus
274 641 320 691 est
341 640 371 692 et
385 631 516 710 luppiter
535 633 597 691 elus
613 632 643 690 in
661 630 766 691 throno
789 630 967 691 adstantibus
989 632 1032 691 dis
1054 642 1084 692 et

85 713 227 775 llercules
252 717 345 775 infans
361 715 503 775 dracones
519 714 703 792 strangulans
717 714 857 775 Alcmena
876 722 968 774 matre
988 733 1085 775 coram

86 802 211 877 pavente
227 808 258 858 et
273 799 494 878 Amphitryone.
525 796 750 876 reprehenditur
766 806 860 857 tamen
875 815 930 858 ceu
944 798 1082 875 grandior
1093 810 1128 863 64

86 885 115 942 in
137 882 281 962 capitibus
298 882 505 961 articulisque,
526 882 634 959 alioqui
651 889 745 957 tantus
768 881 919 958 diligentia
941 890 972 940 ut
989 881 1084 957 Agra-

84 968 213 1044 gentinis
230 966 358 1025 lecturus
384 966 509 1026 tabulam
531 983 614 1044 quam
636 965 791 1044 intemplo
812 965 929 1025 lunonis
950 963 1084 1025 Laciniae

48 1062 74 1103 so
85 1050 202 1129 publice
217 1048 347 1108 dicarent
364 1051 528 1128 inspexerit
542 1050 672 1127 virgines
690 1065 791 1107 eorum
807 1048 896 1108 nudas
911 1056 941 1109 et
958 1051 1085 1127 quinque

85 1134 228 1209 elegerit,
241 1140 274 1191 ut
291 1134 367 1209 quod
383 1136 412 1192 in
430 1150 543 1211 quaque
558 1133 701 1192 laudatum
712 1140 794 1191 esset
810 1135 919 1211 pictura
937 1132 1084 1192 redderet.

84 1217 178 1294 pinxit
193 1224 223 1276 et
237 1216 472 1276 monochromata
487 1236 525 1276 ex
537 1216 614 1276 albo.
635 1216 678 1294 {3}
687 1215 837 1294 Aequales
855 1217 917 1275 eius
933 1224 964 1276 et
980 1215 1085 1275 aemuli

83 1301 167 1359 luere
186 1298 368 1377 Timanthes,
384 1299 592 1377 Androcydes,
613 1299 799 1378 Eupompus,
821 1299 999 1360 Parrhasius.
1032 1302 1081 1362 10.
1093 1309 1127 1364 66

84 1382 282 1443 Descendisse
297 1383 344 1443 hic
368 1386 396 1443 in
417 1393 564 1445 certamen
581 1402 645 1443 cunr
660 1382 791 1443 Zeuxide
807 1383 936 1443 traditur.
968 1391 999 1443 et
1021 1401 1084 1442 cum

48 1482 74 1522 rs
84 1466 135 1525 ille
150 1465 305 1526 detulisset
320 1485 390 1526 uvas
406 1470 499 1546 pictas
514 1475 593 1529 tanto
610 1485 749 1527 successu
765 1474 796 1524 ut
816 1467 845 1523 in
861 1483 994 1527 scaenam
1014 1485 1083 1526 aves

84 1549 273 1626 advolarent,
298 1552 363 1629 ipse
387 1550 528 1611 detulisse
555 1551 674 1611 linteum
696 1551 804 1627 pictum
825 1551 865 1609 ita
889 1552 1016 1610 veritate
1037 1568 1084 1609 re-

84 1643 267 1712 praesentate
289 1643 319 1693 ut
342 1632 450 1694 Zeuxis
471 1635 569 1693 alitum
592 1634 699 1692 iudicio
721 1641 833 1692 tumens
856 1631 1000 1711 llagitaret
1023 1641 1084 1693 tan·

83 1718 148 1777 dem
163 1728 278 1777 remoto
295 1716 387 1776 linteo
412 1717 526 1776 ostendi
544 1718 686 1794 picturam
707 1724 793 1796 atque
811 1716 963 1776 intellecto
980 1734 1082 1777 errore

84 1801 261 1861 concederet
282 1800 402 1877 palmam
417 1801 546 1877 ingenuo
561 1800 690 1878 pudore,
712 1802 845 1878 quoniam
862 1802 927 1878 ipse
948 1800 1082 1861 volucres

48 1901 74 1940 ²0
83 1882 253 1959 fefellisset,
268 1881 438 1942 Parrhasius
454 1891 548 1943 autem
564 1902 598 1943 se
613 1885 764 1943 artificem.
782 1886 825 1963 [4]
839 1884 944 1944 Fertur
959 1893 989 1944 et
1001 1894 1081 1963 post·
1091 1895 1125 1949 66

85 1986 120 2027 ea
147 1965 253 2027 Zeuxis
279 1968 410 2044 pinxisse
434 1984 554 2045 puerum
583 1984 654 2031 uvas
680 1969 841 2044 ferentem,
875 1968 910 2028 ad
931 1985 1083 2046 quassum

84 2050 271 2110 advolassent
291 2068 378 2126 aves,
403 2050 502 2111 cadem
518 2052 699 2129 ingenuitate
719 2053 866 2129 processit
886 2054 976 2111 iratus
999 2053 1083 2130 operi

85 2144 115 2195 et
131 2134 219 2193 dixit:
235 2152 305 2193 uvas
321 2134 423 2194 melius
438 2136 518 2213 pinxi
534 2152 617 2213 quarn
633 2153 763 2214 puerum,
778 2154 841 2195 nam
859 2137 882 2195 si
899 2144 930 2195 et
943 2136 1000 2196 hoc
1015 2152 1083 2195 con·

85 2236 287 2294 summasscm,
307 2236 377 2278 aves
397 2220 500 2278 timere
515 2218 687 2279 debuerant.
714 2216 798 2279 Fecit
818 2228 849 2280 et
863 2220 961 2297 figlina
981 2237 1082 2298 opera,

48 2315 74 2354 2⁵
85 2320 159 2379 quae
177 2303 239 2363 sola
256 2304 286 2361 in
300 2301 453 2362 Ambracia
469 2302 570 2363 relicta
588 2311 672 2377 sunt,
688 2321 752 2363 curu
768 2302 834 2363 inde
851 2302 947 2364 llusas
963 2303 1082 2363 Fulvius
1166 2294 1170 2306 '

84 2385 221 2445 Nobilior
238 2385 357 2445 Romam
377 2387 558 2446 transferret.
589 2385 726 2446 zeuxidis
741 2406 824 2447 manu
839 2386 948 2447 Romae
971 2386 1082 2447 llelena

86 2470 174 2528 estin
191 2468 315 2548 Philippi
335 2469 513 2549 porticibus,
533 2478 562 2530 et
575 2472 604 2529 in
621 2468 803 2531 Concordiae
814 2471 937 2531 delubro
952 2469 1081 2546 Marsyas

85 2551 237 2628 religatus.
253 2553 296 2631 [5]
308 2552 477 2613 Parrhasius
492 2552 602 2633 Ephesi
621 2562 704 2613 natus
720 2557 829 2633 etipse
843 2555 931 2615 multa
947 2554 1076 2614 contulit.
1088 2562 1122 2618 67

9 2704 13 2712 ¹
86 2637 193 2713 primus
214 2640 396 2712 symmetrian
414 2640 545 2716 picturae
571 2636 667 2714 dedit,
688 2641 796 2717 primus
822 2638 949 2714 argutias
972 2637 1081 2714 voltus,

44 2722 78 2774 'so
88 2718 260 2796 elegantiam
276 2720 388 2797 capilli,
405 2730 586 2781 venustatem
601 2722 675 2790 oris,
693 2723 882 2782 confessione
896 2720 1035 2781 artificum
1051 2722 1081 2779 in

87 2804 164 2863 liniis
185 2804 323 2863 extremis
346 2803 465 2882 palmam
483 2805 616 2884 adeptus.
654 2804 733 2866 llaec
751 2813 797 2865 est
820 2806 950 2883 picturae
975 2822 1081 2864 summa

87 2886 241 2964 suptilitas.
272 2903 397 2964 corpora
413 2891 487 2947 enim
502 2890 626 2967 pingere
643 2898 673 2948 et
687 2889 780 2950 media
795 2906 891 2947 rerum
907 2896 953 2947 est
968 2888 1081 2966 quidem

85 2972 180 3047 magni
197 2971 296 3049 operis
311 2969 363 3029 sed
381 2972 481 3048 inquo
497 2973 577 3031 multi
589 2973 711 3051 gloriam
724 2971 853 3048 tulerint,
869 2979 999 3031 extrema
1015 2989 1079 3032 cor·

86 3069 187 3131 porum
202 3056 302 3115 lacere
318 3061 349 3113 et
367 3054 526 3115 desinentis
542 3058 672 3134 picturae
692 3054 806 3115 modurn
820 3055 968 3115 includere
985 3072 1080 3113 rarum

51 3138 115 3195 asin
130 3156 268 3199 successu
286 3138 357 3197 artis
379 3140 532 3197 invenitur.
562 3140 672 3199 ambire
688 3140 763 3198 enim
784 3156 818 3197 se
834 3140 897 3216 ipsa
920 3138 1010 3198 debet
1025 3155 1074 3197 ex·
1085 3147 1123 3201 68

87 3223 216 3282 tremitas
232 3231 263 3281 et
279 3223 322 3280 sic
330 3220 466 3280 desinere
482 3230 512 3278 ut
525 3224 673 3299 promittat
688 3222 742 3282 alia
760 3229 827 3300 post
842 3240 875 3281 se
890 3221 1081 3300 ostendatque

3 3302 4 3333 ³
87 3306 173 3364 etiem
189 3323 262 3384 quae
279 3304 413 3366 occultat.
448 3304 520 3364 hanc
542 3311 569 3365 ei
590 3306 714 3382 gloriam
729 3323 906 3366 concessere
921 3307 1080 3383 Antigonus

3 3382 4 3415 ³
87 3397 118 3448 et
140 3387 322 3475 Xenocrates
352 3388 453 3467 quide
476 3390 587 3466 pictura
608 3390 773 3470 scripsere,
795 3388 995 3468 praedicantes
1010 3406 1081 3467 quo·
