2484 3817
167 200 227 261 teo
504 205 808 258 cnnmsncnnnr

165 385 226 425 rum
240 365 331 424 luisse
346 382 410 424 eam
423 362 546 443 adparet
562 370 611 423 aut
625 370 706 421 certe
725 360 865 436 divinam,
883 359 968 419 etiam
984 376 1048 419 curn
1064 358 1150 421 homo

165 449 323 524 inveniret,
339 447 518 525 eandemque
536 445 659 505 omnium
677 454 823 523 parentem
838 452 868 505 et
883 443 1021 519 genuisse
1034 442 1107 503 haec
1122 453 1152 503 et

166 531 341 606 ostendisse,
358 530 436 589 nnllo
449 532 525 589 vitae
541 528 680 589 miraculo
694 529 819 602 maiore,
838 529 864 585 si
882 544 980 585 verum
993 527 1078 587 fateri
1100 545 1151 586 vo·

110 654 112 663 ·
165 616 266 674 lumus.
295 614 459 688 Scythicum
473 611 591 672 herbam
613 611 768 671 allocutis
783 604 952 689 paludibus,
975 618 1004 669 st
1018 608 1151 689 Euphor-

165 699 248 759 beam
269 716 285 757 e
306 706 405 756 moute
418 696 536 755 Atlante
555 697 688 773 ultraque
709 693 843 754 Herculis
865 692 1013 753 columnas
1037 702 1067 753 et
1087 694 1178 772 ipsos

164 799 259 842 rerum
273 789 391 840 naturae
406 778 538 853 deiectu,
559 786 642 857 parte
657 778 712 837 alia
726 777 915 837 Britannicam
932 794 970 836 ex
991 778 1093 838 oceani
1107 778 1151 837 in·

164 866 234 925 sulis
258 874 341 923 extra
360 872 454 922 terras
474 864 597 940 positis,
626 862 751 939 itemque
773 859 975 938 Aethiopidem
990 860 1026 919 ab
1048 869 1152 921 exusto

135 947 304 1014 asiderihus
320 964 392 1021 axe,
418 945 490 1006 alias
515 954 669 1023 praeterea
688 943 801 1004 aliunde
817 943 892 1004 ultro
909 943 1040 1020 citroque
1056 943 1151 1004 hnma-

164 1049 219 1091 nae
248 1030 332 1089 saluti
360 1029 389 1087 iu
416 1036 478 1088 toto
505 1026 577 1088 orhe
599 1028 725 1106 portari,
753 1029 880 1087 inmensa
901 1026 1048 1087 Romanae
1072 1028 1153 1106 pacis

163 1115 312 1173 maiestate
328 1129 386 1170 non
406 1110 537 1170 homines
556 1110 642 1171 modo
657 1111 780 1171 diversis
802 1111 876 1170 inter
896 1127 929 1170 se
952 1112 1037 1169 terris
1060 1110 1150 1187 genti·
1163 1135 1190 1175 ro

162 1199 275 1275 busque
295 1212 394 1253 verum
412 1196 496 1254 etiam
506 1194 610 1255 montis
632 1203 662 1253 et
677 1194 848 1254 excedentia
864 1192 989 1253 innubis
1005 1194 1071 1270 iuga
1086 1211 1150 1271 per·

163 1291 267 1357 trrsqne
280 1295 381 1337 eorum
392 1286 422 1336 et
434 1277 539 1337 herhas
547 1295 663 1356 quoque
675 1278 797 1337 invicem
807 1285 978 1337 ostentante.
995 1285 1152 1353 aeternum,

165 1378 291 1441 quaeso,
312 1360 432 1419 deorum
449 1362 487 1420 sit
500 1380 600 1421 munus
616 1360 705 1421 istud!
728 1360 801 1419 adeo
816 1360 962 1421 Romanos
979 1360 1060 1419 uelut
1082 1359 1153 1419 alte-

163 1464 223 1505 ram
240 1446 334 1504 lucem
349 1442 465 1504 dedisse
479 1444 569 1505 rebus
587 1444 714 1504 humanis
727 1443 869 1503 videntur.

136 1541 155 1592 4
223 1529 252 1587 2.
274 1527 337 1604 (2.)
361 1527 420 1586 Sed
435 1530 613 1605 antiquorum
629 1544 724 1587 curem
747 1526 980 1605 diligentiamque
998 1527 1060 1604 quis
1084 1544 1190 1606 pos-rs

164 1612 201 1672 sit
224 1613 295 1671 satis
314 1608 467 1670 venemrii
506 1620 618 1670 constat
643 1612 767 1670 omnium
794 1627 969 1671 venenorum
990 1611 1154 1671 ocissimum

165 1713 233 1755 esse
255 1696 398 1755 aconitum
422 1702 452 1753 et
475 1696 559 1753 tactis
582 1711 698 1772 quoque
718 1692 891 1770 genitalibus
917 1693 1044 1753 feminini
1065 1711 1154 1753 sexus

163 1779 323 1839 animalium
337 1778 441 1837 ecdem
456 1776 502 1837 die
517 1778 625 1837 inferre
641 1786 772 1837 mortem.
801 1776 858 1837 hoo
872 1776 924 1836 fuit
938 1794 1080 1835 venenum
1094 1794 1154 1855 qno

162 1864 349 1940 interemptas
365 1862 532 1921 dormientis
548 1880 564 1921 a
582 1860 738 1940 Calpurnio
753 1860 851 1919 Bestia
873 1878 979 1920 uxores
996 1860 1034 1919 lt.
1052 1858 1153 1921 Caeci-

163 1947 218 2006 lius
236 1950 389 2011 aocusator
403 1943 519 2003 obiecit.
551 1944 619 2004 hinc
629 1945 678 2005 illa
694 1954 777 2004 etrox
792 1944 1016 2022 peroratioeius
1037 1944 1065 2003 in
1080 1944 1152 2020 digi·
1162 1962 1189 2003 eo

128 2059 130 2063 ·
163 2039 230 2089 tum.
263 2036 355 2086 ortum
371 2026 487 2086 fabulae
500 2045 656 2087 narravere
672 2046 688 2087 e
702 2029 810 2107 spumis
827 2024 948 2086 Cerberi
961 2026 1040 2085 canis
1058 2036 1153 2086 extra-

163 2113 249 2171 hente
265 2109 301 2169 ah
321 2110 421 2168 inieris
435 2109 562 2169 Hercule
577 2109 702 2187 ideoque
718 2110 793 2189 apud
808 2110 978 2170 Heracleam
994 2110 1153 2186 Ponticam,

134 2195 211 2259 subi
224 2201 396 2251 monstratur
409 2193 433 2251 is
448 2191 484 2251 ad
499 2192 608 2252 inferos
620 2193 723 2271 editus,
740 2195 829 2270 gigni.
857 2194 914 2254 hoc
929 2211 1043 2272 quoqne
1058 2202 1154 2253 tamen

163 2280 191 2336 in
212 2294 279 2335 usus
300 2275 439 2334 humanae
462 2274 563 2334 salutis
586 2285 702 2336 vertere
726 2279 909 2355 scorpionum
930 2277 1033 2337 ictibus
1051 2277 1154 2337 adver·

163 2360 220 2419 sari
236 2357 414 2435 experiendo
431 2358 525 2418 datum
545 2355 574 2419 in
589 2361 656 2419 vino
673 2358 777 2419 calido.
813 2378 847 2421 ea
867 2368 912 2419 est
928 2368 1027 2419 natura
1049 2369 1079 2419 nt
1100 2359 1190 2420 hocs

163 2445 265 2501 minem
285 2441 399 2501 occidat
421 2442 475 2502 nisi
497 2442 638 2503 invenerit
658 2443 736 2523 qnod
755 2444 783 2502 in
799 2443 913 2504 homins
928 2445 1058 2521 perimat.
1088 2461 1155 2502 oum

164 2544 201 2586 eo
221 2526 285 2586 solo
310 2525 505 2600 conluctatur,
528 2526 617 2586 veluti
639 2530 701 2604 pari
723 2528 799 2587 intus
826 2528 952 2587 invento.
987 2526 1050 2585 sola
1078 2526 1155 2587 haec

163 2617 324 2688 pugnaest,
341 2626 403 2666 cum
415 2627 555 2668 vencnum
568 2610 597 2668 in
607 2608 769 2669 visceribus
779 2613 897 2687 reperit,
910 2611 1078 2687 mirumque,
1092 2611 1154 2670 exi·

162 2692 241 2753 tialie
253 2709 308 2770 per
319 2709 352 2749 se
360 2691 444 2750 ambo
459 2710 522 2750 cum
532 2694 598 2767 sint,
613 2692 788 2752 duoveneue
801 2693 830 2750 in
844 2691 958 2753 homine
970 2694 1154 2753 commoriun-

134 2788 151 2841 6
163 2786 209 2835 tnr
222 2784 252 2834 ut
263 2774 349 2833 homo
361 2777 495 2851 supersit.
512 2776 600 2835 lmmo
611 2793 683 2834 vero
699 2776 783 2835 etiem
796 2775 920 2835 ferarum
935 2776 1061 2836 remedia
1075 2778 1148 2837 euti·
1160 2794 1188 2835 oo

99 2917 102 2924 ,
163 2860 210 2937 qui
225 2857 411 2935 prodiderunt
425 2856 645 2918 demonstrando
660 2856 803 2936 quomodo
810 2868 950 2921 venenata
958 2876 1073 2938 quoque
1088 2861 1156 2937 ipsa

163 2949 340 3002 sanarentur.
368 2950 536 3018 torpescunt
554 2942 726 3019 scorpiones
747 2943 853 3010 aconiti
875 2951 952 3003 tactu
976 2952 1156 3021 stupentque

163 3025 308 3103 pallentes
320 3032 350 3082 et
363 3023 439 3083 vinci
457 3042 489 3083 se
511 3025 691 3085 confitentur.
729 3024 881 3085 auxiliatur
900 3026 943 3085 his
968 3025 1157 3086 helleborum

162 3106 257 3167 album
272 3116 350 3178 tactu
365 3106 542 3183 resolvente,
559 3108 694 3185 ceditque
707 3108 849 3168 aconitum
861 3107 973 3168 duohus
986 3109 1080 3185 malis,
1097 3129 1156 3171 suo

164 3198 193 3249 et
212 3192 344 3249 omniurn.
380 3192 500 3269 quaesi
525 3192 589 3269 qnis
607 3192 668 3251 ullo
688 3191 764 3252 iorte
789 3190 824 3251 ah
849 3192 961 3251 homine
986 3195 1196 3271 excogitariss

134 3275 292 3353 7potuisse
306 3274 414 3349 credit,
436 3276 550 3351 ingrate
570 3274 690 3334 deorum
711 3293 827 3335 munere
848 3275 999 3351 intellegit.
1032 3284 1158 3354 tangunt

163 3358 257 3416 carnis
278 3360 392 3418 aconito
406 3368 565 3437 necantque
585 3368 699 3435 gustatu
721 3377 816 3420 earum
830 3360 1000 3439 pantheras,
1020 3361 1074 3419 nisi
1093 3361 1157 3420 hoo

163 3441 256 3518 lieret,
271 3442 434 3520 repleturas
447 3443 515 3503 illos
529 3442 611 3502 sitne.
646 3442 682 3505 ob
697 3443 725 3504 id
737 3443 847 3522 quidam
865 3441 1084 3521 pardalianches
1100 3462 1157 3524 op·
