2484 3817
222 231 304 279 unu.
320 231 411 280 rursu.
428 231 527 280 xxm.
541 227 568 280 ε.
589 228 835 296 (am—xnus
858 225 882 284 1.
902 226 960 306 (1.)
1047 226 1088 290 83

143 383 227 465 (82.)
245 385 436 463 Myrtidnnum
451 388 575 448 diximus
591 389 844 466 quomodoiieret.
859 392 968 454 voivre
981 394 1132 472 prod-164

85 480 128 530 est
141 471 296 554 adpositu,
311 471 376 530 ictu
390 479 421 529 et
437 471 540 548 inlitu,
554 473 646 532 inuito
661 473 810 535 cibandus
829 484 861 536 et
881 479 995 538 cortice
1009 486 1130 540 ettcru.
1230 550 1231 553 Ἴ

84 555 152 615 ioiio
169 562 201 615 et
216 557 337 615 semino.
355 553 535 632 Exprimitur
550 564 581 616 et
593 557 675 618 foliis
691 559 972 623 sneusrnollissinis
983 563 1012 622 in
1030 562 1088 640 pila

86 641 185 715 tunsis,
202 638 307 698 adfuso
324 638 460 717 paulatim
475 641 544 699 nno
561 649 700 717 austero,
717 640 790 700 alias
809 661 882 721 aqna
896 646 1032 722 molesti,
1046 655 1088 707 at·

65 741 138 802 sque
155 725 244 783 etiam
262 739 409 800 expresso
426 731 545 782 utuntur
560 724 595 784 ad
612 726 692 802 oris,
706 725 786 785 sedis
800 726 916 804 ulcera,
935 730 1043 790 volvae
1057 739 1090 790 ot

84 809 191 866 ventris
200 851 210 883 ,
227 806 401 886 capillorum
417 809 574 886 nigritiam,
590 808 700 868 alarum
717 809 920 889 perfusiones,
939 817 1088 891 purgatio·

83 911 131 951 nes
145 891 320 968 lentiginum
340 898 370 950 et
386 890 435 949 ubi
451 891 708 969 constringendum
723 891 833 971 aliquid
844 902 900 954 est.

141 975 227 1054 (83.)
256 973 369 1050 Myrtus
386 973 549 1053 silvestris,
569 979 633 1036 sire
651 979 842 1052 oxymyrsine
858 980 923 1039 sire
937 979 1131 1048 chamae-165

81 1061 218 1136 myrsine,
236 1059 318 1118 bacis
337 1059 510 1119 rubentibus
525 1069 556 1120 et
571 1061 752 1120 brevitates
774 1064 866 1121 satira
886 1063 983 1124 distat.
1007 1065 1090 1126 radix

53 1145 139 1207 ocius
155 1144 186 1202 in
204 1143 321 1203 honora
338 1151 401 1220 est,
418 1143 540 1203 dococta
557 1145 627 1204 vino
644 1143 680 1202 ad
695 1145 807 1205 renium
831 1146 953 1208 doiorcs
971 1158 1044 1227 pota
1058 1159 1089 1210 et

80 1227 187 1290 difficili
209 1229 312 1286 urinae
341 1229 561 1306 praecipuaque
581 1245 700 1287 crassae
717 1236 749 1288 et
762 1231 961 1309 graveolenti,
982 1235 1088 1294 morbo

79 1313 182 1389 regio,
199 1319 231 1371 et
245 1309 396 1370 volvarum
411 1313 578 1389 purgationi
595 1314 664 1371 trita
679 1329 744 1370 cum
759 1314 846 1389 rino,
863 1315 999 1377 cauliculi
1018 1335 1089 1397 quo·

80 1413 132 1473 que
152 1397 333 1474 incipientes
355 1412 564 1473 asparagorum
586 1397 673 1455 modo
697 1398 728 1455 in
748 1397 817 1457 cibo
835 1401 941 1478 sumpti
957 1411 987 1460 et
1003 1405 1032 1462 in
1048 1406 1087 1463 ci·

80 1497 147 1539 nere
166 1479 255 1540 cocti.
286 1497 387 1538 samen
403 1495 468 1538 cum
478 1481 548 1538 vino
564 1487 666 1559 potam
679 1487 729 1539 aut
741 1481 813 1541 oieo
826 1491 858 1542 ct
874 1493 961 1544 aceto
973 1487 1132 1554 calcu-166

51 1563 121 1622 relos
138 1564 266 1642 frangit,
289 1563 360 1622 itam
382 1564 412 1622 in
435 1571 520 1623 aceto
542 1573 572 1639 et
592 1578 720 1624 rosaceo
735 1567 833 1625 tritum
848 1570 952 1645 capitis
966 1569 1088 1632 dolores

9 1713 10 1722 χ
79 1647 176 1722 sedat,
195 1657 226 1708 et
241 1653 343 1726 potum
356 1647 487 1706 morbum
502 1650 624 1726 regium
655 1646 763 1707 Castor
778 1653 986 1725 oxymyrsinen
1002 1659 1088 1731 myrei

79 1731 155 1790 ibliis
176 1733 283 1808 acutis,
311 1749 350 1790 ex
377 1748 433 1809 qua
456 1732 526 1791 [iunt
546 1733 608 1791 ruri
626 1747 753 1808 scopae,
772 1748 887 1792 ruscum
903 1739 1036 1813 vocarit,
1052 1740 1088 1798 ad

80 1815 197 1875 eosdem
210 1834 291 1876 usus.
324 1813 362 1873 Et
378 1815 518 1874 hactenus
541 1815 652 1874 habent
678 1833 712 1873 se
731 1815 894 1875 medicinae
915 1817 1089 1880 urbanarum

9 1909 12 1986 i
81 1899 225 1976 arborum,
241 1909 424 1960 transeamus
441 1899 476 1958 ad
494 1899 651 1959 silvestris.
894 1900 895 1903 ’
1074 1910 1079 1918 ’

507 2153 702 2162 -υ--κ--ι-ι

371 2383 580 2468 britii
606 2384 844 2470 trebiri

187 2553 582 2650 triburiis
625 2554 1014 2650 nrtrtnlni

419 2735 796 2801 alamannum.

530 2901 683 2912 -ι--ι-

138 2987 209 3069 Cap.
222 2993 249 3050 i.
264 2989 361 3068 (Sect.
379 2990 423 3067 1.)
437 2988 483 3049 Ne
500 2989 593 3049 silvae
610 2988 726 3066 quidem
740 2987 947 3065 horridiorque
967 2991 1087 3044 naturae
1100 2995 1115 3046 1

78 3072 167 3134 iacies
180 3074 335 3135 medicinis
352 3081 464 3149 carent,
481 3091 563 3134 sacra
577 3071 627 3132 illa
645 3070 1006 3152 parcntererumomnium
1020 3085 1087 3130 nus·
1145 3072 1148 3079 “

78 3173 159 3233 quam
186 3177 249 3218 non
275 3157 403 3217 remedia
433 3158 610 3235 disponente
637 3157 764 3234 homiui,
790 3164 821 3216 ut
838 3153 979 3213 medicina
1001 3151 1087 3212 beret

50 3243 162 3301 aetiam
184 3240 318 3303 solitudo
343 3241 424 3319 ipsa,
453 3242 505 3302 sed
526 3240 561 3300 ad
578 3241 692 3317 singula
714 3241 793 3301 illius
815 3236 979 3298 discordiae
1000 3243 1086 3311 atque

78 3326 254 3386 concordiae
284 3323 431 3384 miraculis
468 3323 699 3385 occursantibus.
731 3341 856 3402 quercus
881 3328 911 3381 et
941 3321 1007 3380 olea
1029 3325 1087 3377 tarn

10 3415 12 3438 '
80 3411 223 3482 pertinaci
248 3409 317 3470 odio
334 3407 476 3469 dissident
490 3417 521 3467 ut
535 3409 629 3469 altera
644 3408 674 3466 in
689 3406 809 3466 alterius
826 3404 931 3465 scrobe
946 3404 1085 3480 depactas

78 3485 256 3571 moriantur,
273 3510 400 3570 quercus
417 3500 535 3553 verost
550 3494 630 3552 iuxta
653 3507 756 3550 nucem
776 3487 948 3566 iuglandem.
990 3485 1087 3560 perni-

123 3581 428 3638 aurn.nnr.n1sr.lV.
902 3567 921 3627 3
954 3640 956 3647 Ι
