2484 3817
100 165 103 175 ‹
128 130 166 192 te
467 140 497 188 c.
513 141 610 189 anum
628 141 799 189 saccum*

126 295 244 369 scenio,
264 292 321 353 boc
344 301 389 353 est
409 301 486 354 terra
502 296 567 355 alba
581 296 681 356 similis
695 264 824 371 argillae.
858 311 952 370 neque
967 295 1043 353 enim
1057 294 1115 357 alia

83 386 119 443 70
129 377 222 461 flatum
236 378 389 454 ignemque
405 385 434 436 et
450 378 597 438 ardentem
611 378 756 437 materiam
777 376 892 437 tolerat.
923 376 1022 436 Tertia
1036 380 1113 438 ratio

127 478 219 539 opera
242 461 345 519 vicerit
364 458 523 537 Gigantum.
566 461 704 522 cuniculis
724 478 777 537 per
799 478 901 536 magna
922 461 1015 536 spatia
1039 463 1112 521 actis

125 551 260 605 cavantur
276 551 390 603 montes
406 543 586 605 lucernarum
604 543 639 603 ad
657 544 769 603 lumina.
806 542 905 603 eadem
923 561 1057 602 mensura
1073 546 1114 604 vi-

125 627 255 705 giliarum
279 634 341 701 est,
364 626 517 705 multisque
540 627 687 687 mensibus
702 644 759 685 non
778 627 905 686 cernitur
921 626 996 686 dies.
1032 626 1132 686 arra-⁵

124 710 187 788 gias
203 708 231 769 id
245 727 337 787 genus
354 717 474 785 vocant,
495 710 647 787 siduntque
668 710 756 772 rimae
778 709 874 769 subito
898 716 929 769 et
948 711 1113 787 opprimunt

126 800 280 870 operatos,
298 794 396 851 utiam
412 794 503 853 minus
519 793 702 853 temerarium
715 792 846 852 rideatur
862 811 879 851 e
894 791 1039 870 profundo
1055 809 1113 853 nra·

124 877 165 935 ris
181 884 285 953 petere
299 878 467 952 margaritas
489 884 574 954 atque
589 893 742 954 purpuras.
769 882 848 934 tanto
865 876 1053 935 nocentiores
1070 876 1113 935 fe·

125 961 213 1019 cimus
236 958 344 1017 terras!
375 958 576 1036 relinquentur
589 961 687 1036 itaque
701 959 829 1018 fornices
844 958 940 1018 crebri
966 959 1112 1018 montibus

83 1050 116 1107 ⁷1
128 1041 314 1103 sustinendis.
349 1051 501 1102 occursant
522 1044 551 1102 in
567 1051 691 1119 utroque
707 1059 818 1118 genere
839 1041 948 1101 silices.
975 1040 1029 1101 bos
1043 1044 1113 1119 igne
1123 1041 1147 1081 ¹⁰

125 1133 155 1185 et
171 1133 256 1184 aceto
281 1133 432 1201 rumpunt,
457 1128 571 1203 saepius
592 1143 682 1200 vero,
703 1126 836 1204 qnoniam
854 1124 882 1183 id
902 1123 1050 1185 cuniculos
1066 1144 1115 1186 va-

124 1225 198 1285 pore
220 1215 251 1265 et
272 1208 349 1266 fumo
371 1208 548 1285 strangulat,
572 1208 694 1267 caedunt
709 1208 851 1267 fractariis
871 1205 915 1267 CL
934 1207 1023 1267 libras
1040 1210 1113 1269 ferri
1134 1252 1139 1265 .

124 1288 314 1366 habentibus,
329 1300 509 1369 egeruntque
527 1293 632 1351 umeris
647 1290 780 1349 noctibus
796 1308 829 1349 ac
846 1291 948 1351 diebus
963 1308 1017 1369 per
1032 1300 1114 1351 tene·

62 1371 65 1379 “
125 1372 192 1432 bras
209 1375 356 1450 proxumis
373 1374 539 1450 tradentes,
560 1373 655 1434 lucem
675 1375 824 1433 novissimi
840 1383 971 1434 cernunt.
1009 1377 1033 1433 si
1049 1374 1111 1433 lon-

124 1455 191 1532 gior
205 1454 320 1516 videtur
335 1457 432 1533 silex,
459 1457 533 1516 latus
557 1458 689 1534 sequitur
712 1458 810 1515 fossor
830 1457 994 1535 ambitque,
1020 1466 1058 1517 et·
1070 1466 1111 1517 ta·
1121 1457 1146 1496 ¹⁵

82 1547 192 1603 famen
208 1540 236 1599 in
253 1538 334 1600 silice
354 1541 467 1600 facilior
482 1540 663 1599 existimatur
684 1556 784 1617 opera.
821 1547 868 1599 est
888 1558 1008 1619 namque
1030 1548 1111 1601 terra

125 1638 163 1681 ex
175 1622 296 1699 quodam
307 1623 426 1701 argillae
441 1641 552 1699 genere
564 1622 665 1700 glarea
675 1624 763 1681 mixta
774 1656 810 1667 -
824 1623 990 1700 gangadiam
1005 1632 1110 1683 vocant

123 1723 267 1784 —prope
282 1706 521 1785 inexpugnabilis.
545 1708 644 1766 cuneis
663 1725 725 1766 eam
739 1706 844 1767 ferreis
862 1706 1064 1785 adgrediuntur
1079 1716 1111 1766 et

124 1788 225 1848 iisdem
241 1790 363 1865 malleis,
380 1789 506 1867 nihilque
524 1789 629 1873 durius¹
639 1797 748 1869 putant,
763 1790 818 1849 nisi
832 1790 910 1869 quod
923 1792 996 1849 inter
1014 1792 1110 1850 omnia

124 1874 185 1934 auri
204 1874 294 1933 fames
316 1873 464 1932 durissima
483 1881 537 1933 est.
575 1881 696 1950 peracto
712 1891 804 1951 opere
826 1874 955 1933 cervices
969 1874 1145 1934 fornicumro

124 1954 159 2015 ab
181 1956 279 2015 ultimo
296 1954 408 2015 cadunt.
441 1956 488 2015 dat
503 1957 613 2031 signum
634 1958 732 2032 ruina,
753 1974 872 2034 eamque
893 1955 973 2015 solus
996 1955 1110 2018 intelle·

82 2044 170 2115 figit
191 2041 220 2098 in
242 2038 386 2098 cacumine
408 2040 471 2098 eius
489 2040 595 2119 montis
623 2038 704 2113 vigil.
737 2037 782 2098 bic
799 2057 891 2115 voce,
909 2048 977 2098 nutu
993 2042 1109 2099 evocari

124 2122 204 2182 iubet
219 2139 324 2200 operas
339 2122 504 2199 pariterque
524 2122 586 2198 ipse
602 2120 730 2181 devolat.
765 2140 846 2181 mons
862 2122 967 2181 fractus
983 2122 1057 2182 cadit
1072 2123 1108 2182 ab

124 2224 193 2265 sese
214 2205 302 2281 longe
321 2205 440 2281 fragore
467 2205 515 2282 qui
537 2205 650 2281 concipi
672 2203 792 2264 bumana
810 2213 905 2265 mente
925 2223 983 2264 non
1003 2208 1108 2283 possit,

124 2306 198 2364 eque
226 2288 324 2347 efflatu
354 2287 512 2348 incredibili
540 2296 672 2365 spectant
696 2288 823 2349 victores
848 2289 955 2348 ruinam
980 2297 1145 2349 naturaers

124 2389 177 2429 nec
193 2378 286 2429 tamen
301 2369 390 2429 adbuc
407 2388 504 2429 aurum
521 2379 584 2446 est,
604 2389 659 2430 nec
673 2372 769 2431 sciere
784 2390 869 2447 esse,
885 2371 1108 2446 confoderent,

125 2452 257 2530 tantaque
279 2452 313 2511 ad
333 2453 461 2529 pericula
483 2462 512 2513 et
535 2454 670 2530 inpendia
697 2456 767 2513 satis
787 2472 889 2513 causae
913 2456 967 2513 fuit
987 2473 1109 2534 sperare

82 2536 204 2614 taquod
219 2544 368 2612 cuperent.
405 2537 476 2595 alius
494 2554 547 2615 par
566 2536 650 2595 labor
666 2555 700 2596 ac
719 2537 767 2596 rel
780 2537 895 2596 maioris
908 2537 1041 2615 inpendi:
1059 2539 1109 2599 flu·

123 2622 196 2679 mina
213 2616 247 2677 ad
262 2617 408 2678 lavandam
422 2619 493 2679 banc
509 2621 617 2679 ruinam
639 2620 712 2697 iugis
732 2621 868 2679 montium
887 2621 983 2682 obiter
998 2622 1109 2683 duxere

124 2722 139 2761 a
155 2702 311 2761 centesimo
327 2701 494 2780 plerumque
510 2701 604 2780 lapide
625 2737 667 2747 -
685 2721 825 2780 corrugos
843 2712 963 2780 vocant,
980 2724 996 2764 a
1015 2707 1143 2764 couri-ao

28 2826 30 2831 .
123 2786 239 2844 vatione
255 2784 342 2844 credo
357 2817 409 2845 -.
424 2784 502 2858 mille
518 2794 549 2845 et
565 2785 611 2845 bic
628 2787 761 2847 labores:
778 2804 919 2865 praeceps
939 2806 1007 2847 essa
1023 2787 1108 2847 libra·

37 2943 40 2952 f
57 2918 62 2927 .
124 2876 247 2927 mentum
264 2877 398 2946 oportet,
416 2877 446 2927 ut
460 2878 523 2927 ruat
540 2871 638 2929 verius
653 2887 735 2945 quam
750 2869 832 2945 fluat,
849 2872 945 2948 itaque
960 2870 1105 2930 altissimis

124 2952 251 3028 partibus
265 2950 385 3012 ducitur.
410 2952 555 3025 convalles
569 2960 598 3011 et
612 2951 763 3011 intervalla
778 2952 947 3013 substructis
959 2954 1104 3013 canalibus

124 3036 286 3111 iunguntur.
321 3034 387 3094 alibi
404 3053 490 3113 rupes
509 3036 602 3095 inviae
626 3034 781 3094 caeduntur
801 3035 956 3113 sedemque
977 3037 1105 3097 trabibus

124 3118 230 3175 cavatis
252 3117 393 3192 praebere
415 3126 565 3193 coguntur.
605 3118 653 3195 qui
677 3119 769 3179 caedit
787 3119 901 3178 funibus
926 3119 1052 3197 pendet,
1075 3129 1140 3181 utas

125 3197 224 3275 procul
249 3198 369 3259 intuenti
390 3200 505 3276 species
527 3218 564 3259 ne
585 3201 709 3260 ferarum
729 3201 842 3278 quidem
861 3202 914 3263 sed
933 3202 1030 3263 alitum
1045 3205 1104 3263 flat.

81 3279 287 3356 rependentes
302 3285 411 3341 maiore
429 3298 467 3339 ex
487 3290 569 3360 parte
595 3283 699 3342 librant
718 3293 748 3344 et
770 3282 852 3341 linias
874 3286 969 3345 itineri
983 3288 1106 3364 praedu-

125 3370 201 3437 cunt,
213 3379 323 3439 quaque
336 3364 494 3423 insistentis
507 3366 638 3443 vestigiis
651 3366 771 3425 bominis
784 3364 865 3425 locus
877 3377 992 3451 nonest
1006 3388 1105 3431 amnes
1146 3386 1152 3399 ·
