2484 3817
316 205 397 253 nun.
414 205 503 258 mun.
520 207 631 256 xxnu.
648 201 692 254 15.
708 202 750 254 uo.
764 191 915 279 (to-an.)
1059 196 1102 260 ht

167 359 216 419 16.
239 356 322 436 (91.)
351 358 506 436 Aegyptus
517 360 590 420 haue
600 377 731 420 maxume
740 363 846 438 giguit,
861 378 938 440 qnae
952 370 984 422 et
997 374 1144 439 mounes

100 441 137 502 de
156 459 214 517 qua
232 443 310 500 inter
324 441 430 501 bulbos
447 441 585 518 diximus,
600 459 721 520 magnae
735 461 799 502 oum
812 445 964 504 dracontio
984 445 1053 506 litis,
1063 467 1095 507 ss,
1105 468 1131 503 a

101 523 218 602 quddam
233 525 309 583 enim
327 524 445 584 eandem
467 543 535 586 esse
557 524 668 585 dixere.
701 525 835 586 Glaucias
857 536 922 587 satu
943 527 1097 603 discrevit,

100 607 282 666 dracontium
307 607 473 666 silvestrem
497 625 576 668 arum
599 609 820 686 pronuntiando.
853 610 941 686 aliqui
969 611 1097 671 radicem

77 706 182 748 sarum
197 689 396 766 appellarunt,
412 691 524 750 caulem
537 707 609 750 vero
625 691 819 768 massaliam,
836 694 866 752 in
885 700 979 752 totum
998 694 1097 770 alium,

101 771 230 830 simodo
248 771 295 831 bic
309 781 355 831 est
370 773 419 849 qui
432 773 507 850 apud
528 791 581 832 nos
601 773 791 834 dracunculus
808 782 941 833 vocatur.
971 793 1096 854 namque

102 871 171 912 aros
186 853 313 913 radicem
334 857 443 930 nigram
463 857 492 914 in
505 855 697 952 Nlatitudinem
718 857 869 916 rotundam
889 855 978 916 babet
991 857 1097 918 multo·

102 954 159 1013 que
176 939 315 996 maiorem
327 946 357 996 et
369 955 424 1014 qua
439 953 536 998 manus
551 937 707 1016 inpleatur,
719 939 907 999 dracunculus
923 938 1095 1000 subrutilam

102 1027 132 1080 et
149 1018 285 1078 draconis
303 1019 449 1080 convoluti
460 1019 562 1096 modo,
581 1020 657 1080 unde
672 1030 703 1080 et
716 1039 830 1081 nomeu.

66 1127 92 1169 ιο
165 1101 248 1179 (92.)
267 1101 306 1161 111
321 1104 369 1178 qui
384 1105 456 1180 ipsis
475 1103 601 1181 {Graeci}
617 1105 775 1163 inmensam
792 1123 921 1182 posuere
935 1103 1138 1172 differem-143

100 1186 171 1244 tiam
186 1202 288 1244 semen
298 1184 461 1245 dracunculi
474 1187 592 1246 fervens
608 1185 785 1264 mordaxque
803 1186 955 1262 tradendo,
971 1195 1093 1248 tautum·

100 1285 159 1344 que
176 1268 204 1326 ei
224 1269 302 1326 m'rus
319 1276 350 1325 ut
366 1267 501 1328 olfactum
515 1268 642 1345 gravidis
656 1269 788 1329 abortum
801 1271 935 1344 inferret,
954 1287 1027 1330 arou
1042 1273 1096 1330 mi-

99 1353 141 1410 ris
159 1349 291 1408 laudibus
311 1349 404 1410 tulere
428 1353 545 1428 primum
566 1353 596 1421 ip
622 1350 695 1411 cibis
721 1353 856 1412 feminam
876 1354 1095 1432 praeferentes,

101 1435 239 1509 quoniam
255 1449 315 1492 mas
330 1432 429 1494 durior
445 1443 526 1494 esset
544 1443 574 1494 et
590 1435 621 1494 in
639 1434 791 1512 coquendo
809 1435 926 1496 lentior.
959 1438 1093 1513 pectoris

63 1532 91 1572 15
100 1517 432 1593 vitiapurgare,aridum
444 1519 472 1576 in
481 1518 628 1594 potionem
639 1519 803 1595 inspersum
813 1529 861 1577 aut
874 1519 1029 1599 ecligmate
1035 1519 1094 1577 uri-

99 1615 166 1657 nam
182 1606 213 1656 et
227 1615 343 1657 menses
361 1599 449 1658 ciere.
482 1601 524 1658 sic
537 1607 568 1658 et
583 1600 612 1658 in
630 1599 789 1674 oxymelite
809 1609 907 1677 potum
921 1601 1072 1660 stomacho
1085 1611 1138 1665 114

97 1681 320 1756 interaneisque
337 1681 511 1740 exulceratis
529 1701 567 1740 ex
580 1681 657 1740 lacte
673 1681 763 1740 ovillo
785 1680 960 1757 hibendum,
980 1681 1016 1740 ad
1031 1692 1092 1741 tus·

98 1764 202 1822 simin
220 1765 320 1822 cinere
338 1772 450 1824 coctum
471 1765 579 1824 dedere
604 1782 643 1823 ex
658 1763 735 1822 oleo.
769 1762 818 1821 alii
838 1780 951 1822 coxere
967 1765 998 1822 in
1014 1761 1092 1823 laete

97 1855 132 1904 ut
149 1843 298 1904 decoctum
318 1845 476 1906 biberetur.
508 1845 666 1924 Epiphoris
687 1845 794 1904 elixum
815 1847 992 1922 inposuere,
1021 1847 1092 1904 item

60 1950 91 1990 ao
104 1927 284 2004 suggillatis,
301 1928 436 1988 tonsillis.
472 1948 510 1988 ex
524 1929 592 1988 oleo
610 1926 862 1986 haemorrhoidum
877 1929 950 1986 vitio
965 1927 1072 1986 infudit
1083 1938 1136 1992 145

102 2008 323 2086 cleophantus,
339 2011 494 2089 lentigines
520 2030 558 2070 ex
574 2010 660 2070 melle
684 2010 817 2070 inlinens.
848 2009 972 2070 laudavit
986 2018 1018 2070 et
1034 2028 1091 2088 pro

100 2092 234 2152 antidoto
250 2103 351 2154 contra
376 2113 505 2170 venena,
538 2093 714 2173 pleuriticis,
747 2093 1006 2172 peripleumonicis
1031 2111 1091 2171 quo

99 2175 292 2236 tussientibus
306 2177 401 2236 modo.
426 2195 525 2238 semen
536 2179 664 2236 intritum
677 2195 741 2236 cum
756 2176 824 2236 oleo
841 2184 891 2235 aut
904 2194 1029 2236 rosaceo
1048 2179 1092 2235 in-

100 2258 229 2318 funditur
256 2262 363 2320 aurium
389 2259 492 2319 dolori.
521 2259 666 2320 Dieuches
687 2260 894 2335 tussientibus,
917 2260 1090 2338 suspiriosis

66 2351 133 2402 raet
160 2341 360 2419 orthopnoicis
390 2351 420 2402 et
450 2360 520 2420 pura
537 2342 757 2402 exscreantibus
778 2343 888 2402 farinae
915 2345 1091 2420 permixtum

102 2442 177 2502 pane
191 2432 277 2484 cocto
295 2424 380 2486 dedit.
412 2423 553 2486 Diodotus
571 2426 721 2502 phthisicis
744 2424 863 2485 emelle
884 2425 1038 2501 ecligmate
1059 2431 1091 2482 et

101 2507 244 2584 pulmonis
256 2509 347 2584 vitiis,
359 2508 475 2568 ossibus
486 2511 571 2568 etiam
580 2509 679 2568 fractis
691 2501 827 2586 inposuit,
843 2516 943 2586 partus
951 2508 1074 2566 omnium
1082 2515 1134 2568 116

103 2590 263 2650 animalium
285 2592 411 2651 extrahit
433 2599 550 2653 naturae
575 2591 769 2652 circumlitum.
794 2609 881 2648 sucus
901 2588 1006 2648 radicis
1026 2604 1091 2646 eum

101 2671 188 2732 melle
204 2673 305 2732 Attico
323 2675 471 2734 oculorum
488 2674 639 2750 caligines,
651 2672 790 2732 stomachi
802 2674 872 2732 vitia
886 2671 1015 2746 discutit,
1030 2678 1092 2728 tus-

64 2769 92 2810 eo
102 2757 157 2814 sim
177 2755 293 2816 decocti
316 2757 360 2814 ius
382 2775 445 2817 cnm
469 2757 563 2816 melle.
595 2756 693 2816 ulcera
711 2757 833 2815 omnium
853 2771 1010 2832 generum,
1025 2753 1091 2810 sive

101 2837 309 2914 phagedaenae
330 2841 387 2898 siut
405 2841 468 2900 sive
487 2842 692 2914 carcinomata,
713 2840 777 2897 sive
795 2845 930 2915 serpant,
949 2838 1015 2894 sire
1037 2851 1091 2911 po·

100 2919 163 2997 lppi
177 2922 206 2979 in
220 2922 359 2998 naribus,
385 2941 469 2982 sucus
490 2924 561 2982 mire
582 2929 672 2981 sanat.
703 2921 773 2980 lolia
791 2919 930 2979 ambustis
946 2923 1069 2994 prosunt
1080 2927 1133 2981 14⁷

102 3021 142 3062 ex
156 3005 223 3062 vino
240 3012 271 3064 et
289 3004 357 3064 oleo
371 3013 462 3064 coctu.
495 3005 588 3065 alvom
603 3005 731 3063 inaniunt
747 3022 784 3064 ex
796 3001 857 3061 sale
872 3010 902 3059 et
919 3007 1089 3060 acetosum·

102 3094 169 3163 pta,
184 3095 214 3146 et
229 3085 335 3146 luxatis
349 3105 412 3146 cum
426 3087 512 3147 melle
527 3095 610 3147 cocta
622 3095 758 3163 prosunt,
773 3088 844 3145 item
856 3081 986 3142 articulis
1000 3081 1090 3160 poda·

65 3170 191 3243 ssgricis
206 3168 350 3228 cum'sale
365 3171 494 3230 recentia
509 3171 556 3230 vel
571 3171 656 3230 sicca.
687 3168 879 3247 Hippocrates
901 3164 1039 3226 utralibet
1053 3164 1090 3222 ad

101 3249 295 3322 collectiones
313 3269 376 3310 cum
388 3253 474 3312 melle
486 3254 620 3330 inposuit.
649 3251 685 3309 ad
698 3269 815 3310 menses
830 3245 986 3306 trahendos
1003 3248 1090 3306 semi·

102 3333 150 3390 nis
167 3333 214 3394 vel
235 3333 341 3394 radicis
363 3335 512 3394 drachmae
530 3334 601 3395 duae
624 3336 654 3392 in
670 3335 728 3392 vini
751 3330 861 3405 cyathis
882 3329 997 3389 duobus
1009 3327 1089 3386 suib-

103 3415 190 3473 eiunt.
220 3416 322 3477 eadem
338 3419 438 3495 potio,
453 3421 477 3478 si
493 3435 509 3478 a
524 3427 605 3495 partu
620 3432 678 3476 non
697 3421 874 3491 purgentur,
894 3421 926 3470 et
944 3409 1088 3469 secundas
