2484 3817
142 198 181 259 10
490 209 520 257 c.
535 210 632 257 enirn
646 208 796 257 account
872 181 874 185 ’

141 364 261 425 deorum
282 364 412 441 potentia
432 381 522 441 posse
541 364 746 441 pronuntiarit.
776 370 861 422 vetus
876 364 1044 442 copiosiore
1059 381 1132 441 aqua

139 449 277 507 miscetur
290 448 438 524 magisque
454 448 561 506 urinam
576 445 715 523 expellit,
731 448 824 505 minus
838 446 887 505 siti
900 447 1021 507 resistit.
1048 446 1147 508 dulce.

139 532 230 589 minus
244 528 384 604 inebriat,
405 530 458 590 sed
473 529 620 589 stomacho
636 530 761 606 innatat,
774 537 920 589 austerum
933 529 1046 589 facilius
1064 546 1131 589 con·

95 623 132 677 39
142 614 282 690 coquitur.
314 611 490 673 levissimum
504 620 551 671 est
565 611 642 689 quod
659 609 810 672 celerrime
828 612 1013 673 inveteratur.
1039 613 1131 671 minus

139 697 257 755 infestat
281 712 387 755 nervos
413 695 490 773 quod
510 702 656 755 vetustate
680 694 829 755 dulcescit.
872 694 1020 755 stomacho
1040 697 1157 756 minues

140 779 211 838 utile
233 785 280 837 est
301 778 427 855 pingue,
448 780 576 855 nigrum,
597 777 650 838 sed
667 795 792 858 corpora
806 780 896 856 magis
911 778 970 839 alit.
997 779 1086 839 'tenue
1102 787 1135 854 et

139 870 285 921 austerum
304 863 395 921 minus
417 860 484 939 alit,
504 862 594 938 magis
621 860 797 922 stomachum
810 863 906 921 nutrit.
936 859 1062 921 celerius
1079 879 1133 940 per

140 947 248 1005 urinam
268 945 388 1020 transit,
411 953 491 1004 tanto
515 946 606 1021 magis
624 947 718 1021 capita
729 953 862 1023 temptat.
895 945 952 1005 hoc
966 944 1041 1003 etin
1056 946 1131 1004 omni

95 1028 197 1089 duolio
219 1045 290 1088 succ
311 1026 403 1088 semel
424 1026 529 1087 dictum
552 1030 598 1087 sit.
630 1029 725 1087 vinum
746 1029 823 1088 inmo
848 1029 1038 1087 inveteratum
1059 1030 1133 1087 insa·

140 1110 333 1171 luberrimum.
375 1127 532 1192 mangones
546 1112 602 1170 ista
618 1115 649 1169 in
662 1111 813 1190 apothecis
829 1112 1053 1189 excogitavere,
1075 1111 1165 1175 lamro

67 1192 75 1207 '
141 1202 171 1254 et
199 1193 419 1271 patresfamilias
444 1202 568 1253 aetatem
593 1193 699 1253 addunt
721 1193 766 1253 bis
792 1211 866 1271 quae
893 1212 946 1271 per
972 1212 1005 1253 se
1026 1194 1134 1253 cariem

139 1286 264 1337 traxere.
296 1293 355 1354 qno
371 1285 453 1337 certe
465 1276 607 1337 vocabulo
623 1278 692 1337 satis
708 1276 811 1337 consili
823 1276 932 1337 dedere
944 1278 1045 1355 prisci,
1062 1294 1133 1354 quo·

139 1361 213 1419 niam
233 1368 262 1419 et
284 1361 314 1418 iu
337 1362 464 1420 materiis
486 1362 593 1421 carlom
613 1361 706 1420 lumus
724 1360 836 1437 erodit,
867 1368 896 1418 at
911 1377 966 1419 nos
982 1378 998 1419 e
1014 1358 1131 1420 diverso

139 1442 206 1501 lumi
222 1443 408 1503 amaritudine
422 1452 597 1503 vetustatem
609 1443 686 1503 indui
698 1461 867 1522 persuasum
877 1442 1024 1502 habemus.
1049 1440 1131 1513 Quae

140 1534 204 1585 sunt
225 1525 373 1587 admodum
393 1527 542 1604 exalbida,
564 1527 636 1586 haec
652 1534 797 1587 vetustate
819 1526 945 1586 salubria
962 1527 1041 1585 liunt.
1072 1543 1129 1603 quo
1143 1547 1165 1586 rc

71 1678 79 1691 ⁶
138 1612 311 1685 generosius
331 1612 427 1669 vinum
450 1619 512 1686 est,
539 1609 595 1669 hoc
613 1611 704 1687 magis
719 1617 865 1669 vetustate
886 1611 1041 1669 crassescit
1056 1617 1086 1667 et
1101 1610 1131 1668 in

139 1693 355 1753 amaritudinem
374 1696 493 1773 corpori
513 1695 636 1753 minume
651 1693 751 1753 utilem
766 1695 833 1753 coit.
864 1692 984 1753 condire
1001 1710 1039 1752 eo
1055 1690 1131 1751 aliud

138 1777 230 1846 miuus
251 1794 388 1838 annosum
412 1778 559 1838 insalubre
581 1785 636 1837 est.
666 1793 717 1837 sua
739 1778 841 1855 cuique
858 1778 927 1836 vinc
945 1776 1036 1837 saliva
1050 1776 1131 1834 innc-

139 1862 319 1939 certissima,
337 1880 387 1921 sua
399 1864 507 1939 cuique
526 1870 606 1921 aetas
626 1862 806 1938 gratissima,
822 1859 878 1920 hoc
894 1869 940 1920 est
957 1858 1074 1924 media<

94 1953 129 2006 41
204 1943 282 2022 (23.)
312 1941 424 2021 Corpus
446 1963 555 2021 augere
569 1945 735 2005 volentibus
756 1953 804 2004 aut
824 1944 937 2005 mollire
956 1943 1049 2002 alvom
1064 1955 1166 2001 con-ro

140 2027 218 2087 ducit
233 2028 309 2086 inter
326 2027 409 2085 cibos
424 2027 547 2103 bibere,
562 2037 663 2087 contra
677 2029 870 2089 minuentibus
886 2027 1037 2104 alvomque
1053 2023 1132 2085 cobi-

139 2109 274 2171 bentibus
302 2111 383 2167 sitire
412 2110 441 2167 in
467 2108 599 2186 edendo,
624 2119 729 2187 postea
755 2129 854 2189 parum
881 2110 992 2169 bibere.
1036 2110 1133 2167 vinum

137 2195 251 2253 ieiunos
272 2190 375 2251 bibere
398 2193 514 2251 novicio
536 2193 654 2251 invento
669 2193 881 2255 inutilissimum
897 2200 943 2250 est
957 2192 1034 2250 curis
1049 2192 1132 2268 vigo·

138 2292 258 2351 remque
281 2274 364 2333 animi
393 2274 428 2334 ad
450 2275 628 2353 procinctum
648 2274 849 2349 tendentibus,
880 2290 981 2333 somno
1004 2290 1076 2332 vero
1098 2291 1132 2333 ac

138 2356 342 2416 securitatibus
362 2358 521 2417 iamdudum
540 2357 596 2417 hoc
616 2358 671 2416 luit
687 2357 763 2433 quod
779 2355 932 2416 Homerica
952 2355 1004 2415 illa
1019 2354 1168 2417 llelenat⁵

139 2448 205 2499 ante
221 2440 315 2500 cibum
329 2442 508 2501 ministravit.
544 2442 588 2500 sic
602 2457 717 2518 quoque
736 2442 765 2498 in
780 2439 967 2517 proverbium
980 2440 1070 2498 cessit
1085 2456 1131 2497 sa·

94 2531 130 2583 42
140 2525 276 2601 pientiam
293 2525 362 2583 vinc
384 2523 556 2584 obumbrari.
589 2523 667 2582 Viuo
686 2522 823 2583 debemus
837 2522 967 2583 homines
984 2521 1060 2598 quod
1074 2519 1132 2580 suli

139 2606 298 2665 animalium
319 2624 377 2666 nou
400 2608 534 2667 sitientes
557 2606 689 2666 bibimus.
721 2624 812 2683 aquae
826 2614 925 2685 potum
941 2606 1132 2682 interponere

139 2689 334 2765 utilissimum,
360 2691 487 2767 itemque
509 2691 569 2767 iugi
589 2688 790 2768 superbibere.
828 2689 1000 2749 ebrietatem
1017 2685 1133 2765 quidem

95 2780 130 2833 43
140 2770 263 2847 frigidae
288 2780 373 2849 potus
401 2774 547 2853 extemplo
576 2773 700 2833 discutit.
743 2773 865 2832 meracis
887 2771 1053 2851 potionibus
1076 2783 1168 2848 pereo

139 2856 241 2931 viginti
261 2855 324 2915 dies
348 2864 413 2916 ante
435 2860 513 2917 canis
536 2865 630 2918 ortum
644 2857 819 2933 totidemque
836 2863 941 2933 postea
956 2854 1057 2915 suadet
1073 2852 1132 2912 lle·

139 2938 238 2998 siodus
250 2941 302 2999 uti.
336 2958 445 3000 merum
459 2940 573 3017 quidem
587 2940 717 3000 remedio
732 2947 778 2999 est
793 2947 893 2999 contra
908 2940 1033 3015 cicutas,
1056 2937 1131 3003 coti-

138 3021 255 3082 andrum
261 3065 271 3099 ‚
286 3026 414 3099 aconita,
430 3025 554 3099 viscum,
569 3024 746 3097 meconium,
762 3031 913 3098 argentum
926 3023 1040 3098 vivom,
1055 3020 1131 3099 apis,

138 3121 260 3182 vespas,
292 3107 466 3183 crabrones,
493 3105 662 3184 phalangia,
686 3107 864 3184 serpentium
888 3106 1131 3184 scorpionumque

137 3190 211 3247 ictus
232 3198 391 3268 contraque
414 3191 506 3250 omnia
530 3206 604 3266 quae
626 3190 825 3267 refrigerando
850 3197 972 3265 nocent,
997 3187 1168 3266 pavetinas
1225 3219 1226 3246 r

137 3280 238 3331 contra
259 3271 510 3349 haemorrhoidas,
536 3281 704 3351 presteras,
731 3273 856 3350 fungos,
880 3274 951 3332 item
969 3277 1069 3331 contra
1089 3270 1133 3327 in·

139 3354 271 3416 dationes
286 3359 480 3435 rosionesque
495 3357 732 3435 praecordiorum
745 3364 776 3416 et
791 3374 912 3435 quorum
929 3350 1090 3415 stomachus
1103 3353 1134 3411 in

141 3439 315 3499 vomitiones
337 3440 507 3530 ebnnditw,
532 3442 603 3501 etsi
620 3449 725 3502 venter
740 3449 787 3501 aut
801 3443 951 3502 interanea
965 3436 1134 3497 rheumatis·
1224 3493 1225 3516 ἦ
