<?xml version="1.0" encoding="UTF-8"?>
<!DOCTYPE html PUBLIC "-//W3C//DTD XHTML 1.0 Transitional//EN"
    "http://www.w3.org/TR/xhtml1/DTD/xhtml1-transitional.dtd">
<html xmlns="http://www.w3.org/1999/xhtml" xml:lang="en" lang="en">
 <head>
  <title>
</title>
<meta http-equiv="Content-Type" content="text/html;charset=utf-8" />
  <meta name='ocr-system' content='tesseract 3.04.00' />
  <meta name='ocr-capabilities' content='ocr_page ocr_carea ocr_par ocr_line ocrx_word'/>
</head>
<body>
  <div class='ocr_page' id='page_1' title='image "./cplinisecundina24plingoog_0217.png"; bbox 0 0 2484 3817; ppageno 0'>
   <div class='ocr_carea' id='block_1_1' title="bbox 284 147 1075 266">
    <p class='ocr_par' dir='ltr' id='par_1_1' title="bbox 284 147 1075 266">
     <span class='ocr_line' id='line_1_1' title="bbox 284 147 1075 266; baseline 0.01 -25"><span class='ocrx_word' id='word_1_1' title='bbox 284 196 364 243; x_wconf 74' lang='lat' dir='ltr'><strong>aar.</strong></span> <span class='ocrx_word' id='word_1_2' title='bbox 380 196 470 243; x_wconf 79' lang='lat' dir='ltr'><strong>urar.</strong></span> <span class='ocrx_word' id='word_1_3' title='bbox 487 147 597 243; x_wconf 73' lang='lat' dir='ltr'><strong>xxvrs.</strong></span> <span class='ocrx_word' id='word_1_4' title='bbox 613 198 657 249; x_wconf 88' lang='lat' dir='ltr'><strong>ro.</strong></span> <span class='ocrx_word' id='word_1_5' title='bbox 672 198 715 250; x_wconf 91' lang='lat'><strong>11.</strong></span> <span class='ocrx_word' id='word_1_6' title='bbox 732 185 879 266; x_wconf 77' lang='lat' dir='ltr'><strong>(to—70.)</strong></span> <span class='ocrx_word' id='word_1_7' title='bbox 1018 187 1075 249; x_wconf 78' lang='grc'><strong>146</strong></span> 
     </span>
    </p>
   </div>
   <div class='ocr_carea' id='block_1_2' title="bbox 52 349 1186 3582">
    <p class='ocr_par' dir='ltr' id='par_1_2' title="bbox 62 349 1077 761">
     <span class='ocr_line' id='line_1_2' title="bbox 87 349 1076 429; baseline 0 -18"><span class='ocrx_word' id='word_1_8' title='bbox 87 350 186 429; x_wconf 90' lang='lat' dir='ltr'><strong>capite</strong></span> <span class='ocrx_word' id='word_1_9' title='bbox 201 349 351 409; x_wconf 89' lang='lat' dir='ltr'><strong>inhaereat</strong></span> <span class='ocrx_word' id='word_1_10' title='bbox 364 349 456 409; x_wconf 90' lang='lat' dir='ltr'><strong>simile</strong></span> <span class='ocrx_word' id='word_1_11' title='bbox 472 368 541 411; x_wconf 89' lang='lat' dir='ltr'><strong>oro.</strong></span> <span class='ocrx_word' id='word_1_12' title='bbox 576 353 605 410; x_wconf 93' lang='lat' dir='ltr'><strong>in</strong></span> <span class='ocrx_word' id='word_1_13' title='bbox 624 351 682 411; x_wconf 91' lang='lat' dir='ltr'><strong>hoc</strong></span> <span class='ocrx_word' id='word_1_14' title='bbox 703 360 854 411; x_wconf 75' lang='lat' dir='ltr'><strong>crescente</strong></span> <span class='ocrx_word' id='word_1_15' title='bbox 878 360 990 413; x_wconf 78' lang='lat' dir='ltr'><strong>aestate</strong></span> <span class='ocrx_word' id='word_1_16' title='bbox 1011 370 1076 413; x_wconf 85' lang='lat' dir='ltr'><strong>ver·</strong></span> 
     </span>
     <span class='ocr_line' id='line_1_3' title="bbox 86 432 1076 514; baseline 0.001 -20"><span class='ocrx_word' id='word_1_17' title='bbox 86 433 212 494; x_wconf 88' lang='lat' dir='ltr'><strong>miculos</strong></span> <span class='ocrx_word' id='word_1_18' title='bbox 236 434 317 492; x_wconf 89' lang='lat' dir='ltr'><strong>nasci</strong></span> <span class='ocrx_word' id='word_1_19' title='bbox 345 432 430 492; x_wconf 83' lang='lat' dir='ltr'><strong>tradit</strong></span> <span class='ocrx_word' id='word_1_20' title='bbox 455 452 529 511; x_wconf 84' lang='lat' dir='ltr'><strong>quos</strong></span> <span class='ocrx_word' id='word_1_21' title='bbox 554 435 662 513; x_wconf 78' lang='lat' dir='ltr'><strong>pyxide</strong></span> <span class='ocrx_word' id='word_1_22' title='bbox 683 435 814 495; x_wconf 88' lang='lat' dir='ltr'><strong>conditos</strong></span> <span class='ocrx_word' id='word_1_23' title='bbox 836 436 986 514; x_wconf 87' lang='lat' dir='ltr'><strong>adalligari</strong></span> <span class='ocrx_word' id='word_1_24' title='bbox 1013 454 1076 497; x_wconf 89' lang='lat' dir='ltr'><strong>cum</strong></span> 
     </span>
     <span class='ocr_line' id='line_1_4' title="bbox 87 516 1075 597; baseline 0.003 -21"><span class='ocrx_word' id='word_1_25' title='bbox 87 535 166 596; x_wconf 86' lang='lat' dir='ltr'><strong>pane</strong></span> <span class='ocrx_word' id='word_1_26' title='bbox 181 516 320 575; x_wconf 90' lang='lat' dir='ltr'><strong>bracchio</strong></span> <span class='ocrx_word' id='word_1_27' title='bbox 341 516 378 575; x_wconf 90' lang='lat' dir='ltr'><strong>ab</strong></span> <span class='ocrx_word' id='word_1_28' title='bbox 401 534 437 575; x_wconf 93' lang='lat' dir='ltr'><strong>ea</strong></span> <span class='ocrx_word' id='word_1_29' title='bbox 459 528 542 596; x_wconf 91' lang='lat' dir='ltr'><strong>parte</strong></span> <span class='ocrx_word' id='word_1_30' title='bbox 563 536 620 595; x_wconf 87' lang='lat' dir='ltr'><strong>qua</strong></span> <span class='ocrx_word' id='word_1_31' title='bbox 637 518 708 577; x_wconf 90' lang='lat' dir='ltr'><strong>dens</strong></span> <span class='ocrx_word' id='word_1_32' title='bbox 723 517 834 596; x_wconf 88' lang='lat' dir='ltr'><strong>doleat,</strong></span> <span class='ocrx_word' id='word_1_33' title='bbox 854 522 985 597; x_wconf 89' lang='lat' dir='ltr'><strong>mireque</strong></span> <span class='ocrx_word' id='word_1_34' title='bbox 1007 521 1075 580; x_wconf 89' lang='lat' dir='ltr'><strong>ilico</strong></span> 
     </span>
     <span class='ocr_line' id='line_1_5' title="bbox 87 599 1077 665; baseline 0.002 -4"><span class='ocrx_word' id='word_1_35' title='bbox 87 599 223 661; x_wconf 92' lang='lat' dir='ltr'><strong>dolorem</strong></span> <span class='ocrx_word' id='word_1_36' title='bbox 238 600 313 659; x_wconf 89' lang='lat' dir='ltr'><strong>tolli.</strong></span> <span class='ocrx_word' id='word_1_37' title='bbox 340 600 440 659; x_wconf 80' lang='lat' dir='ltr'><strong>valere</strong></span> <span class='ocrx_word' id='word_1_38' title='bbox 459 618 517 660; x_wconf 90' lang='lat' dir='ltr'><strong>non</strong></span> <span class='ocrx_word' id='word_1_39' title='bbox 538 602 641 661; x_wconf 88' lang='lat' dir='ltr'><strong>diutins</strong></span> <span class='ocrx_word' id='word_1_40' title='bbox 664 618 737 661; x_wconf 89' lang='lat' dir='ltr'><strong>anno</strong></span> <span class='ocrx_word' id='word_1_41' title='bbox 757 603 838 663; x_wconf 89' lang='lat' dir='ltr'><strong>etita</strong></span> <span class='ocrx_word' id='word_1_42' title='bbox 859 606 1002 665; x_wconf 89' lang='lat' dir='ltr'><strong>siterram</strong></span> <span class='ocrx_word' id='word_1_43' title='bbox 1018 621 1077 663; x_wconf 94' lang='lat' dir='ltr'><strong>non</strong></span> 
     </span>
     <span class='ocr_line' id='line_1_6' title="bbox 62 684 249 761; baseline -0.037 -13"><span class='ocrx_word' id='word_1_44' title='bbox 62 684 249 761; x_wconf 83' lang='lat' dir='ltr'><strong>sattigerint.</strong></span> 
     </span>
    </p>

    <p class='ocr_par' dir='ltr' id='par_1_3' title="bbox 89 766 1119 1095">
     <span class='ocr_line' id='line_1_7' title="bbox 153 766 1119 847; baseline 0.006 -20"><span class='ocrx_word' id='word_1_45' title='bbox 153 766 238 844; x_wconf 88' lang='grc'><strong>(63.)</strong></span> <span class='ocrx_word' id='word_1_46' title='bbox 260 766 370 826; x_wconf 89' lang='lat' dir='ltr'><strong>llolcus</strong></span> <span class='ocrx_word' id='word_1_47' title='bbox 390 766 420 824; x_wconf 87' lang='lat' dir='ltr'><strong>in</strong></span> <span class='ocrx_word' id='word_1_48' title='bbox 438 767 518 825; x_wconf 86' lang='lat' dir='ltr'><strong>saxis</strong></span> <span class='ocrx_word' id='word_1_49' title='bbox 536 770 661 847; x_wconf 84' lang='lat' dir='ltr'><strong>pascitur</strong></span> <span class='ocrx_word' id='word_1_50' title='bbox 683 769 779 827; x_wconf 88' lang='lat' dir='ltr'><strong>siccis.</strong></span> <span class='ocrx_word' id='word_1_51' title='bbox 815 769 916 831; x_wconf 81' lang='lat' dir='ltr'><strong>aristas</strong></span> <span class='ocrx_word' id='word_1_52' title='bbox 937 768 1026 829; x_wconf 89' lang='lat' dir='ltr'><strong>habet</strong></span> <span class='ocrx_word' id='word_1_53' title='bbox 1046 771 1119 833; x_wconf 84' lang='lat' dir='ltr'><strong>in9⁰</strong></span> 
     </span>
     <span class='ocr_line' id='line_1_8' title="bbox 89 849 1077 927; baseline 0.002 -16"><span class='ocrx_word' id='word_1_54' title='bbox 89 850 250 924; x_wconf 83' lang='lat' dir='ltr'><strong>cacumine,</strong></span> <span class='ocrx_word' id='word_1_55' title='bbox 267 852 345 908; x_wconf 90' lang='lat' dir='ltr'><strong>tenui</strong></span> <span class='ocrx_word' id='word_1_56' title='bbox 362 849 468 925; x_wconf 88' lang='lat' dir='ltr'><strong>culmo,</strong></span> <span class='ocrx_word' id='word_1_57' title='bbox 484 850 569 927; x_wconf 86' lang='lat' dir='ltr'><strong>quale</strong></span> <span class='ocrx_word' id='word_1_58' title='bbox 584 850 722 911; x_wconf 83' lang='lat' dir='ltr'><strong>hordeum</strong></span> <span class='ocrx_word' id='word_1_59' title='bbox 737 850 878 911; x_wconf 79' lang='lat' dir='ltr'><strong>restibile.</strong></span> <span class='ocrx_word' id='word_1_60' title='bbox 910 851 983 913; x_wconf 88' lang='lat' dir='ltr'><strong>haec</strong></span> <span class='ocrx_word' id='word_1_61' title='bbox 998 854 1077 913; x_wconf 90' lang='lat' dir='ltr'><strong>circa</strong></span> 
     </span>
     <span class='ocr_line' id='line_1_9' title="bbox 89 933 1076 1013; baseline 0.001 -19"><span class='ocrx_word' id='word_1_62' title='bbox 89 943 177 1012; x_wconf 90' lang='lat' dir='ltr'><strong>capnt</strong></span> <span class='ocrx_word' id='word_1_63' title='bbox 195 933 322 1009; x_wconf 84' lang='lat' dir='ltr'><strong>adligata</strong></span> <span class='ocrx_word' id='word_1_64' title='bbox 343 933 393 991; x_wconf 88' lang='lat' dir='ltr'><strong>vel</strong></span> <span class='ocrx_word' id='word_1_65' title='bbox 413 934 490 992; x_wconf 86' lang='lat' dir='ltr'><strong>circa</strong></span> <span class='ocrx_word' id='word_1_66' title='bbox 508 933 648 993; x_wconf 90' lang='lat' dir='ltr'><strong>lacertum</strong></span> <span class='ocrx_word' id='word_1_67' title='bbox 663 935 758 995; x_wconf 81' lang='lat' dir='ltr'><strong>educit</strong></span> <span class='ocrx_word' id='word_1_68' title='bbox 778 953 795 993; x_wconf 94' lang='lat' dir='ltr'><strong>e</strong></span> <span class='ocrx_word' id='word_1_69' title='bbox 813 952 940 1013; x_wconf 88' lang='lat' dir='ltr'><strong>corpore</strong></span> <span class='ocrx_word' id='word_1_70' title='bbox 962 937 1076 995; x_wconf 86' lang='lat' dir='ltr'><strong>aristas.</strong></span> 
     </span>
     <span class='ocr_line' id='line_1_10' title="bbox 89 1015 561 1095; baseline -0.004 -18"><span class='ocrx_word' id='word_1_71' title='bbox 89 1018 206 1095; x_wconf 86' lang='lat' dir='ltr'><strong>qnidam</strong></span> <span class='ocrx_word' id='word_1_72' title='bbox 221 1015 260 1076; x_wconf 94' lang='lat' dir='ltr'><strong>ob</strong></span> <span class='ocrx_word' id='word_1_73' title='bbox 275 1017 305 1075; x_wconf 92' lang='lat' dir='ltr'><strong>id</strong></span> <span class='ocrx_word' id='word_1_74' title='bbox 318 1016 435 1077; x_wconf 83' lang='lat' dir='ltr'><strong>aristida</strong></span> <span class='ocrx_word' id='word_1_75' title='bbox 446 1026 561 1076; x_wconf 72' lang='lat' dir='ltr'><strong>vocant,</strong></span> 
     </span>
    </p>

    <p class='ocr_par' dir='ltr' id='par_1_4' title="bbox 54 1099 1077 1263">
     <span class='ocr_line' id='line_1_11' title="bbox 54 1099 1077 1182; baseline 0.003 -24"><span class='ocrx_word' id='word_1_76' title='bbox 54 1119 82 1158; x_wconf 76' lang='lat' dir='ltr'><strong>so</strong></span> <span class='ocrx_word' id='word_1_77' title='bbox 157 1102 241 1179; x_wconf 88' lang='grc'>(64.)</span> <span class='ocrx_word' id='word_1_78' title='bbox 264 1099 405 1173; x_wconf 75' lang='lat' dir='ltr'><strong>Hposeris</strong></span> <span class='ocrx_word' id='word_1_79' title='bbox 419 1100 518 1160; x_wconf 87' lang='lat' dir='ltr'><strong>intubo</strong></span> <span class='ocrx_word' id='word_1_80' title='bbox 533 1100 649 1175; x_wconf 88' lang='lat' dir='ltr'><strong>similis,</strong></span> <span class='ocrx_word' id='word_1_81' title='bbox 671 1101 722 1159; x_wconf 89' lang='lat' dir='ltr'><strong>sed</strong></span> <span class='ocrx_word' id='word_1_82' title='bbox 743 1100 882 1161; x_wconf 90' lang='lat' dir='ltr'><strong>minoret</strong></span> <span class='ocrx_word' id='word_1_83' title='bbox 902 1109 978 1161; x_wconf 89' lang='lat' dir='ltr'><strong>tactu</strong></span> <span class='ocrx_word' id='word_1_84' title='bbox 994 1118 1077 1182; x_wconf 76' lang='lat' dir='ltr'><strong>aspa·</strong></span> 
     </span>
     <span class='ocr_line' id='line_1_12' title="bbox 88 1182 815 1263; baseline -0.001 -19"><span class='ocrx_word' id='word_1_85' title='bbox 88 1186 159 1260; x_wconf 85' lang='lat' dir='ltr'><strong>rior,</strong></span> <span class='ocrx_word' id='word_1_86' title='bbox 175 1182 343 1242; x_wconf 89' lang='lat' dir='ltr'><strong>volneribus</strong></span> <span class='ocrx_word' id='word_1_87' title='bbox 358 1193 496 1243; x_wconf 85' lang='lat' dir='ltr'><strong>contunsa</strong></span> <span class='ocrx_word' id='word_1_88' title='bbox 511 1184 663 1263; x_wconf 89' lang='lat' dir='ltr'><strong>praeclare</strong></span> <span class='ocrx_word' id='word_1_89' title='bbox 678 1183 815 1243; x_wconf 91' lang='lat' dir='ltr'><strong>medetur.</strong></span> 
     </span>
    </p>

    <p class='ocr_par' dir='ltr' id='par_1_5' title="bbox 88 1266 1118 1513">
     <span class='ocr_line' id='line_1_13' title="bbox 154 1266 1118 1346; baseline 0.002 -19"><span class='ocrx_word' id='word_1_90' title='bbox 154 1266 237 1346; x_wconf 84' lang='grc'>(65.)</span> <span class='ocrx_word' id='word_1_91' title='bbox 258 1266 422 1327; x_wconf 87' lang='lat' dir='ltr'><strong>Holosteon</strong></span> <span class='ocrx_word' id='word_1_92' title='bbox 439 1270 501 1326; x_wconf 87' lang='lat' dir='ltr'><strong>sine</strong></span> <span class='ocrx_word' id='word_1_93' title='bbox 520 1268 620 1327; x_wconf 88' lang='lat' dir='ltr'><strong>duritia</strong></span> <span class='ocrx_word' id='word_1_94' title='bbox 637 1276 696 1345; x_wconf 88' lang='lat' dir='ltr'><strong>est,</strong></span> <span class='ocrx_word' id='word_1_95' title='bbox 722 1267 812 1327; x_wconf 91' lang='lat' dir='ltr'><strong>herba</strong></span> <span class='ocrx_word' id='word_1_96' title='bbox 834 1286 870 1327; x_wconf 84' lang='lat' dir='ltr'><strong>ex</strong></span> <span class='ocrx_word' id='word_1_97' title='bbox 886 1268 1010 1327; x_wconf 90' lang='lat' dir='ltr'><strong>adverso</strong></span> <span class='ocrx_word' id='word_1_98' title='bbox 1024 1284 1074 1344; x_wconf 88' lang='lat' dir='ltr'><strong>ap·</strong></span> <span class='ocrx_word' id='word_1_99' title='bbox 1086 1277 1118 1331; x_wconf 85' lang='lat'><strong>91</strong></span> 
     </span>
     <span class='ocr_line' id='line_1_14' title="bbox 88 1350 1077 1432; baseline 0.001 -22"><span class='ocrx_word' id='word_1_100' title='bbox 88 1352 198 1432; x_wconf 87' lang='lat' dir='ltr'><strong>pellata</strong></span> <span class='ocrx_word' id='word_1_101' title='bbox 213 1370 230 1411; x_wconf 93' lang='lat' dir='ltr'><strong>a</strong></span> <span class='ocrx_word' id='word_1_102' title='bbox 246 1350 382 1426; x_wconf 87' lang='lat' dir='ltr'><strong>Graecis,</strong></span> <span class='ocrx_word' id='word_1_103' title='bbox 411 1353 484 1410; x_wconf 90' lang='lat' dir='ltr'><strong>sicut</strong></span> <span class='ocrx_word' id='word_1_104' title='bbox 506 1351 549 1409; x_wconf 91' lang='lat' dir='ltr'><strong>lel</strong></span> <span class='ocrx_word' id='word_1_105' title='bbox 564 1350 665 1427; x_wconf 90' lang='lat' dir='ltr'><strong>dulce,</strong></span> <span class='ocrx_word' id='word_1_106' title='bbox 689 1352 781 1411; x_wconf 89' lang='lat' dir='ltr'><strong>tenuis</strong></span> <span class='ocrx_word' id='word_1_107' title='bbox 797 1369 888 1429; x_wconf 87' lang='lat' dir='ltr'><strong>usque</strong></span> <span class='ocrx_word' id='word_1_108' title='bbox 909 1353 937 1411; x_wconf 90' lang='lat' dir='ltr'><strong>in</strong></span> <span class='ocrx_word' id='word_1_109' title='bbox 958 1350 1077 1428; x_wconf 88' lang='lat' dir='ltr'><strong>capilla-</strong></span> 
     </span>
     <span class='ocr_line' id='line_1_15' title="bbox 89 1433 1077 1513; baseline -0.002 -18"><span class='ocrx_word' id='word_1_110' title='bbox 89 1438 177 1495; x_wconf 84' lang='lat' dir='ltr'><strong>menti</strong></span> <span class='ocrx_word' id='word_1_111' title='bbox 195 1436 336 1513; x_wconf 88' lang='lat' dir='ltr'><strong>speciem,</strong></span> <span class='ocrx_word' id='word_1_112' title='bbox 353 1433 529 1511; x_wconf 86' lang='lat' dir='ltr'><strong>longitudine</strong></span> <span class='ocrx_word' id='word_1_113' title='bbox 544 1444 678 1511; x_wconf 88' lang='lat' dir='ltr'><strong>quattuor</strong></span> <span class='ocrx_word' id='word_1_114' title='bbox 693 1434 861 1513; x_wconf 83' lang='lat' dir='ltr'><strong>digitorum,</strong></span> <span class='ocrx_word' id='word_1_115' title='bbox 882 1453 934 1495; x_wconf 89' lang='lat' dir='ltr'><strong>ceu</strong></span> <span class='ocrx_word' id='word_1_116' title='bbox 948 1450 1077 1511; x_wconf 67' lang='lat' dir='ltr'><strong>gramen</strong></span> 
     </span>
    </p>

    <p class='ocr_par' dir='ltr' id='par_1_6' title="bbox 55 1517 1077 1766">
     <span class='ocr_line' id='line_1_16' title="bbox 55 1517 1077 1595; baseline -0.002 -16"><span class='ocrx_word' id='word_1_117' title='bbox 55 1538 81 1579; x_wconf 78' lang='lat' dir='ltr'><strong>is</strong></span> <span class='ocrx_word' id='word_1_118' title='bbox 91 1520 170 1581; x_wconf 86' lang='lat' dir='ltr'><strong>loliis</strong></span> <span class='ocrx_word' id='word_1_119' title='bbox 186 1518 331 1595; x_wconf 88' lang='lat' dir='ltr'><strong>angustis,</strong></span> <span class='ocrx_word' id='word_1_120' title='bbox 344 1517 525 1595; x_wconf 79' lang='lat' dir='ltr'><strong>adstringens</strong></span> <span class='ocrx_word' id='word_1_121' title='bbox 539 1527 634 1593; x_wconf 86' lang='lat' dir='ltr'><strong>gustu.</strong></span> <span class='ocrx_word' id='word_1_122' title='bbox 663 1521 788 1577; x_wconf 90' lang='lat' dir='ltr'><strong>nascitur</strong></span> <span class='ocrx_word' id='word_1_123' title='bbox 802 1518 831 1576; x_wconf 89' lang='lat' dir='ltr'><strong>in</strong></span> <span class='ocrx_word' id='word_1_124' title='bbox 849 1517 973 1578; x_wconf 89' lang='lat' dir='ltr'><strong>collibus</strong></span> <span class='ocrx_word' id='word_1_125' title='bbox 987 1527 1077 1577; x_wconf 75' lang='lat' dir='ltr'><strong>terre</strong></span> 
     </span>
     <span class='ocr_line' id='line_1_17' title="bbox 88 1600 1077 1679; baseline -0.005 -16"><span class='ocrx_word' id='word_1_126' title='bbox 88 1606 143 1663; x_wconf 89' lang='lat' dir='ltr'><strong>nis.</strong></span> <span class='ocrx_word' id='word_1_127' title='bbox 172 1620 242 1661; x_wconf 86' lang='lat' dir='ltr'><strong>nsua</strong></span> <span class='ocrx_word' id='word_1_128' title='bbox 257 1602 319 1659; x_wconf 90' lang='lat' dir='ltr'><strong>eins</strong></span> <span class='ocrx_word' id='word_1_129' title='bbox 336 1601 370 1660; x_wconf 91' lang='lat' dir='ltr'><strong>ad</strong></span> <span class='ocrx_word' id='word_1_130' title='bbox 387 1603 485 1678; x_wconf 87' lang='lat' dir='ltr'><strong>volsa,</strong></span> <span class='ocrx_word' id='word_1_131' title='bbox 505 1611 589 1679; x_wconf 89' lang='lat' dir='ltr'><strong>rupta</strong></span> <span class='ocrx_word' id='word_1_132' title='bbox 607 1602 636 1661; x_wconf 90' lang='lat' dir='ltr'><strong>in</strong></span> <span class='ocrx_word' id='word_1_133' title='bbox 655 1603 721 1661; x_wconf 85' lang='lat' dir='ltr'><strong>vino</strong></span> <span class='ocrx_word' id='word_1_134' title='bbox 743 1610 840 1678; x_wconf 89' lang='lat' dir='ltr'><strong>potae.</strong></span> <span class='ocrx_word' id='word_1_135' title='bbox 869 1600 988 1660; x_wconf 85' lang='lat' dir='ltr'><strong>volnera</strong></span> <span class='ocrx_word' id='word_1_136' title='bbox 1006 1616 1077 1677; x_wconf 88' lang='lat' dir='ltr'><strong>quo·</strong></span> 
     </span>
     <span class='ocr_line' id='line_1_18' title="bbox 89 1682 884 1766; baseline -0.006 -20"><span class='ocrx_word' id='word_1_137' title='bbox 89 1705 147 1766; x_wconf 85' lang='lat' dir='ltr'><strong>qne</strong></span> <span class='ocrx_word' id='word_1_138' title='bbox 163 1685 349 1761; x_wconf 81' lang='lat' dir='ltr'><strong>conglutinat.</strong></span> <span class='ocrx_word' id='word_1_139' title='bbox 380 1702 444 1745; x_wconf 89' lang='lat' dir='ltr'><strong>nam</strong></span> <span class='ocrx_word' id='word_1_140' title='bbox 460 1694 490 1743; x_wconf 87' lang='lat' dir='ltr'><strong>et</strong></span> <span class='ocrx_word' id='word_1_141' title='bbox 504 1702 607 1744; x_wconf 89' lang='lat' dir='ltr'><strong>carnes</strong></span> <span class='ocrx_word' id='word_1_142' title='bbox 624 1692 766 1761; x_wconf 85' lang='lat' dir='ltr'><strong>coguntur</strong></span> <span class='ocrx_word' id='word_1_143' title='bbox 780 1682 884 1747; x_wconf 82' lang='lat' dir='ltr'><strong>addita.</strong></span> 
     </span>
    </p>

    <p class='ocr_par' dir='ltr' id='par_1_7' title="bbox 91 1764 1140 1926">
     <span class='ocr_line' id='line_1_19' title="bbox 155 1764 1120 1848; baseline -0.006 -17"><span class='ocrx_word' id='word_1_144' title='bbox 155 1770 240 1848; x_wconf 88' lang='grc'>(66.)</span> <span class='ocrx_word' id='word_1_145' title='bbox 261 1768 502 1846; x_wconf 79' lang='lat' dir='ltr'><strong>hippophaeston</strong></span> <span class='ocrx_word' id='word_1_146' title='bbox 522 1770 649 1826; x_wconf 89' lang='lat' dir='ltr'><strong>nascitur</strong></span> <span class='ocrx_word' id='word_1_147' title='bbox 667 1770 697 1825; x_wconf 86' lang='lat' dir='ltr'><strong>r&#39;n</strong></span> <span class='ocrx_word' id='word_1_148' title='bbox 717 1766 808 1844; x_wconf 88' lang='lat' dir='ltr'><strong>spinis</strong></span> <span class='ocrx_word' id='word_1_149' title='bbox 828 1784 865 1824; x_wconf 84' lang='lat' dir='ltr'><strong>ex</strong></span> <span class='ocrx_word' id='word_1_150' title='bbox 885 1764 986 1842; x_wconf 89' lang='lat' dir='ltr'><strong>quibus</strong></span> <span class='ocrx_word' id='word_1_151' title='bbox 1007 1766 1120 1831; x_wconf 74' lang='grc'>666196</span> 
     </span>
     <span class='ocr_line' id='line_1_20' title="bbox 91 1847 1140 1926; baseline -0.006 -13"><span class='ocrx_word' id='word_1_152' title='bbox 91 1870 186 1914; x_wconf 88' lang='lat' dir='ltr'><strong>aenae</strong></span> <span class='ocrx_word' id='word_1_153' title='bbox 199 1853 351 1926; x_wconf 84' lang='lat' dir='ltr'><strong>fulloniae,</strong></span> <span class='ocrx_word' id='word_1_154' title='bbox 372 1853 434 1917; x_wconf 87' lang='lat' dir='ltr'><strong>sine</strong></span> <span class='ocrx_word' id='word_1_155' title='bbox 450 1850 609 1926; x_wconf 85' lang='lat' dir='ltr'><strong>cauliculo,</strong></span> <span class='ocrx_word' id='word_1_156' title='bbox 631 1851 693 1909; x_wconf 90' lang='lat' dir='ltr'><strong>sine</strong></span> <span class='ocrx_word' id='word_1_157' title='bbox 716 1850 808 1922; x_wconf 86' lang='lat' dir='ltr'><strong>tiore,</strong></span> <span class='ocrx_word' id='word_1_158' title='bbox 824 1848 956 1924; x_wconf 91' lang='lat' dir='ltr'><strong>capitulis</strong></span> <span class='ocrx_word' id='word_1_159' title='bbox 973 1856 1079 1907; x_wconf 90' lang='lat' dir='ltr'><strong>tantum</strong></span> <span class='ocrx_word' id='word_1_160' title='bbox 1137 1847 1140 1861; x_wconf 77' lang='grc'><strong>“</strong></span> 
     </span>
    </p>

    <p class='ocr_par' dir='ltr' id='par_1_8' title="bbox 52 1930 1078 2346">
     <span class='ocr_line' id='line_1_21' title="bbox 52 1930 1078 2014; baseline -0.007 -18"><span class='ocrx_word' id='word_1_161' title='bbox 52 1936 226 1996; x_wconf 77' lang='grc'>6616661666</span> <span class='ocrx_word' id='word_1_162' title='bbox 245 1944 274 1994; x_wconf 90' lang='lat' dir='ltr'><strong>et</strong></span> <span class='ocrx_word' id='word_1_163' title='bbox 293 1934 372 1993; x_wconf 89' lang='lat' dir='ltr'><strong>loliis</strong></span> <span class='ocrx_word' id='word_1_164' title='bbox 386 1936 485 2014; x_wconf 84' lang='lat' dir='ltr'><strong>parvis</strong></span> <span class='ocrx_word' id='word_1_165' title='bbox 500 1933 611 2009; x_wconf 89' lang='lat' dir='ltr'><strong>multis,</strong></span> <span class='ocrx_word' id='word_1_166' title='bbox 632 1932 769 1993; x_wconf 88' lang='lat' dir='ltr'><strong>herbacei</strong></span> <span class='ocrx_word' id='word_1_167' title='bbox 790 1931 914 2005; x_wconf 88' lang='lat' dir='ltr'><strong>coloris,</strong></span> <span class='ocrx_word' id='word_1_168' title='bbox 936 1930 1078 1991; x_wconf 89' lang='lat' dir='ltr'><strong>radiculas</strong></span> 
     </span>
     <span class='ocr_line' id='line_1_22' title="bbox 93 2014 1079 2095; baseline -0.004 -16"><span class='ocrx_word' id='word_1_169' title='bbox 93 2018 208 2079; x_wconf 85' lang='lat' dir='ltr'><strong>habens</strong></span> <span class='ocrx_word' id='word_1_170' title='bbox 217 2018 304 2095; x_wconf 90' lang='lat' dir='ltr'><strong>albas</strong></span> <span class='ocrx_word' id='word_1_171' title='bbox 318 2018 424 2078; x_wconf 87' lang='lat' dir='ltr'><strong>mollis.</strong></span> <span class='ocrx_word' id='word_1_172' title='bbox 453 2036 540 2077; x_wconf 89' lang='lat' dir='ltr'><strong>sucus</strong></span> <span class='ocrx_word' id='word_1_173' title='bbox 555 2035 653 2076; x_wconf 88' lang='lat' dir='ltr'><strong>earum</strong></span> <span class='ocrx_word' id='word_1_174' title='bbox 667 2018 833 2095; x_wconf 85' lang='lat' dir='ltr'><strong>exprimitur</strong></span> <span class='ocrx_word' id='word_1_175' title='bbox 844 2024 954 2075; x_wconf 87' lang='lat' dir='ltr'><strong>aestate</strong></span> <span class='ocrx_word' id='word_1_176' title='bbox 970 2014 1006 2075; x_wconf 90' lang='lat' dir='ltr'><strong>ad</strong></span> <span class='ocrx_word' id='word_1_177' title='bbox 1020 2015 1079 2075; x_wconf 92' lang='lat' dir='ltr'><strong>sol·</strong></span> 
     </span>
     <span class='ocr_line' id='line_1_23' title="bbox 92 2098 1078 2176; baseline -0.004 -13"><span class='ocrx_word' id='word_1_178' title='bbox 92 2101 216 2163; x_wconf 85' lang='lat' dir='ltr'><strong>rendam</strong></span> <span class='ocrx_word' id='word_1_179' title='bbox 231 2102 325 2162; x_wconf 84' lang='lat' dir='ltr'><strong>alvom</strong></span> <span class='ocrx_word' id='word_1_180' title='bbox 340 2102 431 2161; x_wconf 90' lang='lat' dir='ltr'><strong>tribus</strong></span> <span class='ocrx_word' id='word_1_181' title='bbox 449 2100 561 2176; x_wconf 91' lang='lat' dir='ltr'><strong>obolis,</strong></span> <span class='ocrx_word' id='word_1_182' title='bbox 577 2118 708 2161; x_wconf 84' lang='lat' dir='ltr'><strong>maxume</strong></span> <span class='ocrx_word' id='word_1_183' title='bbox 722 2101 750 2158; x_wconf 95' lang='lat' dir='ltr'><strong>in</strong></span> <span class='ocrx_word' id='word_1_184' title='bbox 765 2099 955 2159; x_wconf 87' lang='lat' dir='ltr'><strong>comitialibus</strong></span> <span class='ocrx_word' id='word_1_185' title='bbox 970 2098 1078 2159; x_wconf 90' lang='lat' dir='ltr'><strong>morbis</strong></span> 
     </span>
     <span class='ocr_line' id='line_1_24' title="bbox 92 2182 1078 2303; baseline -0.004 -56"><span class='ocrx_word' id='word_1_186' title='bbox 92 2186 265 2247; x_wconf 88' lang='lat' dir='ltr'><strong>ettremulis</strong></span> <span class='ocrx_word' id='word_1_187' title='bbox 266 2185 462 2264; x_wconf 58' lang='lat' dir='ltr'><strong>,hydropicis</strong></span> <span class='ocrx_word' id='word_1_188' title='bbox 479 2194 579 2244; x_wconf 90' lang='lat' dir='ltr'><strong>contra</strong></span> <span class='ocrx_word' id='word_1_189' title='bbox 590 2185 757 2261; x_wconf 86' lang='lat' dir='ltr'><strong>vertigines,</strong></span> <span class='ocrx_word' id='word_1_190' title='bbox 774 2182 982 2303; x_wconf 86' lang='lat' dir='ltr'><strong>orthopnoeas,</strong></span> <span class='ocrx_word' id='word_1_191' title='bbox 995 2200 1078 2261; x_wconf 90' lang='lat' dir='ltr'><strong>para·</strong></span> 
     </span>
     <span class='ocr_line' id='line_1_25' title="bbox 92 2261 354 2346; baseline -0.004 -17"><span class='ocrx_word' id='word_1_192' title='bbox 92 2261 165 2345; x_wconf 74' lang='lat' dir='ltr'><strong>lysis</strong></span> <span class='ocrx_word' id='word_1_193' title='bbox 180 2269 354 2346; x_wconf 88' lang='lat' dir='ltr'><strong>incipientis.</strong></span> 
     </span>
    </p>

    <p class='ocr_par' dir='ltr' id='par_1_9' title="bbox 57 2342 1150 2596">
     <span class='ocr_line' id='line_1_26' title="bbox 57 2342 1122 2431; baseline 0.001 -20"><span class='ocrx_word' id='word_1_194' title='bbox 57 2370 86 2411; x_wconf 73' lang='lat' dir='ltr'><strong>aa</strong></span> <span class='ocrx_word' id='word_1_195' title='bbox 158 2355 208 2412; x_wconf 91' lang='lat'><strong>11.</strong></span> <span class='ocrx_word' id='word_1_196' title='bbox 231 2353 316 2450; x_wconf 88' lang='grc'>(67.)</span> <span class='ocrx_word' id='word_1_197' title='bbox 338 2351 523 2430; x_wconf 74' lang='lat' dir='ltr'><strong>proglossa</strong></span> <span class='ocrx_word' id='word_1_198' title='bbox 537 2351 606 2411; x_wconf 91' lang='lat' dir='ltr'><strong>lolia</strong></span> <span class='ocrx_word' id='word_1_199' title='bbox 621 2350 707 2411; x_wconf 86' lang='lat' dir='ltr'><strong>habat</strong></span> <span class='ocrx_word' id='word_1_200' title='bbox 723 2350 813 2426; x_wconf 86' lang='lat' dir='ltr'><strong>ligura</strong></span> <span class='ocrx_word' id='word_1_201' title='bbox 827 2342 969 2410; x_wconf 77' lang='lat' dir='ltr'><strong>silvestris</strong></span> <span class='ocrx_word' id='word_1_202' title='bbox 981 2353 1075 2425; x_wconf 78' lang='lat' dir='ltr'><strong>myrti,</strong></span> <span class='ocrx_word' id='word_1_203' title='bbox 1087 2361 1122 2413; x_wconf 80' lang='lat'><strong>93</strong></span> 
     </span>
     <span class='ocr_line' id='line_1_27' title="bbox 94 2434 1150 2533; baseline -0.005 -37"><span class='ocrx_word' id='word_1_204' title='bbox 94 2452 224 2496; x_wconf 84' lang='lat' dir='ltr'><strong>concava</strong></span> <span class='ocrx_word' id='word_1_205' title='bbox 230 2438 383 2533; x_wconf 80' lang='lat' dir='ltr'><strong>,spinosa</strong></span> <span class='ocrx_word' id='word_1_206' title='bbox 399 2445 428 2495; x_wconf 90' lang='lat' dir='ltr'><strong>et</strong></span> <span class='ocrx_word' id='word_1_207' title='bbox 450 2438 478 2494; x_wconf 94' lang='lat' dir='ltr'><strong>in</strong></span> <span class='ocrx_word' id='word_1_208' title='bbox 503 2436 547 2495; x_wconf 90' lang='lat' dir='ltr'><strong>his</strong></span> <span class='ocrx_word' id='word_1_209' title='bbox 563 2454 617 2494; x_wconf 87' lang='lat' dir='ltr'><strong>ceu</strong></span> <span class='ocrx_word' id='word_1_210' title='bbox 634 2434 746 2510; x_wconf 83' lang='lat' dir='ltr'><strong>linguas</strong></span> <span class='ocrx_word' id='word_1_211' title='bbox 760 2434 831 2493; x_wconf 88' lang='lat' dir='ltr'><strong>lolio</strong></span> <span class='ocrx_word' id='word_1_212' title='bbox 847 2449 937 2511; x_wconf 88' lang='lat' dir='ltr'><strong>parvo</strong></span> <span class='ocrx_word' id='word_1_213' title='bbox 956 2443 1079 2493; x_wconf 84' lang='lat' dir='ltr'><strong>exeunte</strong></span> <span class='ocrx_word' id='word_1_214' title='bbox 1149 2480 1150 2485; x_wconf 59' lang='grc'>,</span> 
     </span>
     <span class='ocr_line' id='line_1_28' title="bbox 93 2517 986 2596; baseline -0.006 -17"><span class='ocrx_word' id='word_1_215' title='bbox 93 2519 130 2581; x_wconf 88' lang='lat' dir='ltr'><strong>de</strong></span> <span class='ocrx_word' id='word_1_216' title='bbox 144 2519 233 2579; x_wconf 84' lang='lat' dir='ltr'><strong>loliis.</strong></span> <span class='ocrx_word' id='word_1_217' title='bbox 257 2520 362 2596; x_wconf 89' lang='lat' dir='ltr'><strong>capitis</strong></span> <span class='ocrx_word' id='word_1_218' title='bbox 378 2519 498 2578; x_wconf 89' lang='lat' dir='ltr'><strong>dolores</strong></span> <span class='ocrx_word' id='word_1_219' title='bbox 509 2536 617 2579; x_wconf 86' lang='lat' dir='ltr'><strong>corona</strong></span> <span class='ocrx_word' id='word_1_220' title='bbox 632 2536 669 2577; x_wconf 87' lang='lat' dir='ltr'><strong>ex</strong></span> <span class='ocrx_word' id='word_1_221' title='bbox 682 2517 750 2577; x_wconf 76' lang='lat' dir='ltr'><strong>his¹</strong></span> <span class='ocrx_word' id='word_1_222' title='bbox 742 2518 866 2594; x_wconf 87' lang='lat' dir='ltr'><strong>mposita</strong></span> <span class='ocrx_word' id='word_1_223' title='bbox 880 2518 986 2577; x_wconf 90' lang='lat' dir='ltr'><strong>minuit.</strong></span> 
     </span>
    </p>

    <p class='ocr_par' dir='ltr' id='par_1_10' title="bbox 92 2600 1078 2763">
     <span class='ocr_line' id='line_1_29' title="bbox 155 2600 1078 2700; baseline -0.007 -37"><span class='ocrx_word' id='word_1_224' title='bbox 155 2601 240 2700; x_wconf 87' lang='grc'>(68.)</span> <span class='ocrx_word' id='word_1_225' title='bbox 258 2602 449 2680; x_wconf 77' lang='lat' dir='ltr'><strong>hypecoon</strong></span> <span class='ocrx_word' id='word_1_226' title='bbox 440 2621 469 2661; x_wconf 90' lang='lat' dir='ltr'><strong>rn</strong></span> <span class='ocrx_word' id='word_1_227' title='bbox 488 2601 638 2678; x_wconf 86' lang='lat' dir='ltr'><strong>segetibus</strong></span> <span class='ocrx_word' id='word_1_228' title='bbox 659 2601 784 2685; x_wconf 79' lang='lat' dir='ltr'><strong>nascitur</strong></span> <span class='ocrx_word' id='word_1_229' title='bbox 805 2600 883 2660; x_wconf 86' lang='lat' dir='ltr'><strong>loliis</strong></span> <span class='ocrx_word' id='word_1_230' title='bbox 905 2609 1078 2659; x_wconf 73' lang='grc'>6616666-</span> 
     </span>
     <span class='ocr_line' id='line_1_30' title="bbox 92 2674 716 2763; baseline 0.005 -17"><span class='ocrx_word' id='word_1_231' title='bbox 92 2696 158 2746; x_wconf 88' lang='lat' dir='ltr'><strong>tura</strong></span> <span class='ocrx_word' id='word_1_232' title='bbox 172 2687 236 2745; x_wconf 89' lang='lat' dir='ltr'><strong>eins</strong></span> <span class='ocrx_word' id='word_1_233' title='bbox 251 2686 351 2744; x_wconf 92' lang='lat' dir='ltr'><strong>eadem</strong></span> <span class='ocrx_word' id='word_1_234' title='bbox 366 2703 438 2763; x_wconf 85' lang='lat' dir='ltr'><strong>qnae</strong></span> <span class='ocrx_word' id='word_1_235' title='bbox 452 2687 607 2763; x_wconf 89' lang='lat' dir='ltr'><strong>papaveris</strong></span> <span class='ocrx_word' id='word_1_236' title='bbox 621 2674 716 2759; x_wconf 67' lang='grc'>661616.</span> 
     </span>
    </p>

    <p class='ocr_par' dir='ltr' id='par_1_11' title="bbox 55 2760 1186 3097">
     <span class='ocr_line' id='line_1_31' title="bbox 55 2760 1186 2867; baseline -0.009 -37"><span class='ocrx_word' id='word_1_237' title='bbox 55 2795 86 2837; x_wconf 75' lang='lat' dir='ltr'><strong>ao</strong></span> <span class='ocrx_word' id='word_1_238' title='bbox 159 2770 250 2867; x_wconf 86' lang='grc'>(69.)</span> <span class='ocrx_word' id='word_1_239' title='bbox 267 2768 371 2829; x_wconf 88' lang='lat' dir='ltr'><strong>Idaeae</strong></span> <span class='ocrx_word' id='word_1_240' title='bbox 390 2767 498 2827; x_wconf 88' lang='lat' dir='ltr'><strong>herbae</strong></span> <span class='ocrx_word' id='word_1_241' title='bbox 520 2769 590 2829; x_wconf 90' lang='lat' dir='ltr'><strong>lolia</strong></span> <span class='ocrx_word' id='word_1_242' title='bbox 608 2760 773 2847; x_wconf 69' lang='grc'>66616666</span> <span class='ocrx_word' id='word_1_243' title='bbox 795 2768 1004 2841; x_wconf 79' lang='lat' dir='ltr'><strong>oxymyrsines.</strong></span> <span class='ocrx_word' id='word_1_244' title='bbox 1032 2760 1079 2821; x_wconf 90' lang='lat' dir='ltr'><strong>ad·</strong></span> <span class='ocrx_word' id='word_1_245' title='bbox 1184 2826 1186 2830; x_wconf 58' lang='grc'>,</span> 
     </span>
     <span class='ocr_line' id='line_1_32' title="bbox 93 2850 1078 2949; baseline -0.01 -36"><span class='ocrx_word' id='word_1_246' title='bbox 93 2854 250 2913; x_wconf 86' lang='lat' dir='ltr'><strong>haerent”</strong></span> <span class='ocrx_word' id='word_1_247' title='bbox 231 2871 267 2911; x_wconf 91' lang='lat' dir='ltr'><strong>ns</strong></span> <span class='ocrx_word' id='word_1_248' title='bbox 278 2851 358 2911; x_wconf 90' lang='lat' dir='ltr'><strong>velut</strong></span> <span class='ocrx_word' id='word_1_249' title='bbox 371 2853 507 2929; x_wconf 90' lang='lat' dir='ltr'><strong>pampini,</strong></span> <span class='ocrx_word' id='word_1_250' title='bbox 523 2851 665 2949; x_wconf 79' lang='lat' dir='ltr'><strong>inquibus</strong></span> <span class='ocrx_word' id='word_1_251' title='bbox 680 2850 752 2921; x_wconf 73' lang='lat' dir='ltr'><strong>dot.-</strong></span> <span class='ocrx_word' id='word_1_252' title='bbox 744 2852 829 2947; x_wconf 69' lang='lat' dir='ltr'><strong>ipsa</strong></span> <span class='ocrx_word' id='word_1_253' title='bbox 844 2850 939 2907; x_wconf 87' lang='lat' dir='ltr'><strong>alvom</strong></span> <span class='ocrx_word' id='word_1_254' title='bbox 953 2863 1078 2906; x_wconf 87' lang='lat' dir='ltr'><strong>menses·</strong></span> 
     </span>
     <span class='ocr_line' id='line_1_33' title="bbox 95 2918 1079 3043; baseline -0.009 -47"><span class='ocrx_word' id='word_1_255' title='bbox 95 2954 153 3014; x_wconf 85' lang='lat' dir='ltr'><strong>qne</strong></span> <span class='ocrx_word' id='word_1_256' title='bbox 167 2945 197 2995; x_wconf 90' lang='lat' dir='ltr'><strong>et</strong></span> <span class='ocrx_word' id='word_1_257' title='bbox 211 2952 324 2995; x_wconf 89' lang='lat' dir='ltr'><strong>omnem</strong></span> <span class='ocrx_word' id='word_1_258' title='bbox 339 2934 538 2995; x_wconf 84' lang='lat' dir='ltr'><strong>abundantiam</strong></span> <span class='ocrx_word' id='word_1_259' title='bbox 557 2935 706 3010; x_wconf 84' lang='lat' dir='ltr'><strong>sanguinis</strong></span> <span class='ocrx_word' id='word_1_260' title='bbox 721 2918 827 3013; x_wconf 66' lang='lat' dir='ltr'><strong>sistra</strong></span> <span class='ocrx_word' id='word_1_261' title='bbox 826 2930 978 3043; x_wconf 81' lang='lat' dir='ltr'><strong>spissandi</strong></span> <span class='ocrx_word' id='word_1_262' title='bbox 1001 2926 1079 2988; x_wconf 92' lang='lat' dir='ltr'><strong>cohi·</strong></span> 
     </span>
     <span class='ocr_line' id='line_1_34' title="bbox 94 3018 842 3097; baseline -0.009 -18"><span class='ocrx_word' id='word_1_263' title='bbox 94 3019 240 3097; x_wconf 83' lang='lat' dir='ltr'><strong>bsadique</strong></span> <span class='ocrx_word' id='word_1_264' title='bbox 254 3028 382 3078; x_wconf 89' lang='lat' dir='ltr'><strong>naturam</strong></span> <span class='ocrx_word' id='word_1_265' title='bbox 394 3018 490 3077; x_wconf 91' lang='lat' dir='ltr'><strong>habet.</strong></span> <span class='ocrx_word' id='word_1_266' title='bbox 734 3021 799 3083; x_wconf 92' lang='grc'>6,...</span> <span class='ocrx_word' id='word_1_267' title='bbox 840 3052 842 3057; x_wconf 68' lang='lat'><strong>,</strong></span> 
     </span>
    </p>

    <p class='ocr_par' dir='ltr' id='par_1_12' title="bbox 57 3091 1122 3513">
     <span class='ocr_line' id='line_1_35' title="bbox 158 3091 1122 3197; baseline -0.002 -35"><span class='ocrx_word' id='word_1_268' title='bbox 158 3102 242 3180; x_wconf 87' lang='grc'>(71).)</span> <span class='ocrx_word' id='word_1_269' title='bbox 264 3101 408 3179; x_wconf 79' lang='lat' dir='ltr'><strong>lsopyron</strong></span> <span class='ocrx_word' id='word_1_270' title='bbox 421 3102 507 3179; x_wconf 85' lang='lat' dir='ltr'><strong>aliqui</strong></span> <span class='ocrx_word' id='word_1_271' title='bbox 522 3099 674 3177; x_wconf 88' lang='lat' dir='ltr'><strong>phasiolon</strong></span> <span class='ocrx_word' id='word_1_272' title='bbox 687 3108 821 3197; x_wconf 74' lang='lat' dir='ltr'><strong>vocaat,</strong></span> <span class='ocrx_word' id='word_1_273' title='bbox 825 3091 956 3173; x_wconf 76' lang='grc'>66661666</span> <span class='ocrx_word' id='word_1_274' title='bbox 976 3092 1094 3155; x_wconf 88' lang='lat' dir='ltr'><strong>lolium</strong></span> <span class='ocrx_word' id='word_1_275' title='bbox 1087 3105 1122 3159; x_wconf 78' lang='lat'><strong>94</strong></span> 
     </span>
     <span class='ocr_line' id='line_1_36' title="bbox 57 3181 1079 3342; baseline -0.01 -11"><span class='ocrx_word' id='word_1_276' title='bbox 57 3181 1079 3342; x_wconf 64' lang='lat' dir='ltr'><strong>³⁵ulti”htltllthtlthl‘&#39;liltllllihdtl</strong></span> 
     </span>
     <span class='ocr_line' id='line_1_37' title="bbox 94 3343 1081 3428; baseline -0.01 -14"><span class='ocrx_word' id='word_1_277' title='bbox 94 3362 198 3414; x_wconf 92' lang='lat' dir='ltr'><strong>contra</strong></span> <span class='ocrx_word' id='word_1_278' title='bbox 219 3352 319 3411; x_wconf 87' lang='lat' dir='ltr'><strong>tussim</strong></span> <span class='ocrx_word' id='word_1_279' title='bbox 339 3360 369 3409; x_wconf 92' lang='lat' dir='ltr'><strong>et</strong></span> <span class='ocrx_word' id='word_1_280' title='bbox 386 3359 484 3409; x_wconf 89' lang='lat' dir='ltr'><strong>cetera</strong></span> <span class='ocrx_word' id='word_1_281' title='bbox 508 3352 639 3428; x_wconf 92' lang='lat' dir='ltr'><strong>pectoris</strong></span> <span class='ocrx_word' id='word_1_282' title='bbox 660 3348 728 3407; x_wconf 85' lang='lat' dir='ltr'><strong>vitia</strong></span> <span class='ocrx_word' id='word_1_283' title='bbox 751 3362 815 3407; x_wconf 88' lang='lat' dir='ltr'><strong>cum</strong></span> <span class='ocrx_word' id='word_1_284' title='bbox 836 3343 922 3405; x_wconf 87' lang='lat' dir='ltr'><strong>melle</strong></span> <span class='ocrx_word' id='word_1_285' title='bbox 945 3356 992 3407; x_wconf 89' lang='lat' dir='ltr'><strong>aut</strong></span> <span class='ocrx_word' id='word_1_286' title='bbox 1008 3362 1081 3424; x_wconf 87' lang='lat' dir='ltr'><strong>aqua</strong></span> 
     </span>
     <span class='ocr_line' id='line_1_38' title="bbox 92 3434 587 3513; baseline -0.018 -15"><span class='ocrx_word' id='word_1_287' title='bbox 92 3436 222 3513; x_wconf 88' lang='lat' dir='ltr'><strong>mulsa,</strong></span> <span class='ocrx_word' id='word_1_288' title='bbox 212 3445 280 3494; x_wconf 90' lang='lat' dir='ltr'><strong>rtem</strong></span> <span class='ocrx_word' id='word_1_289' title='bbox 294 3435 416 3493; x_wconf 79' lang='lat' dir='ltr'><strong>iocineri</strong></span> <span class='ocrx_word' id='word_1_290' title='bbox 409 3434 587 3493; x_wconf 89' lang='lat' dir='ltr'><strong>utilissima.</strong></span> 
     </span>
    </p>

    <p class='ocr_par' dir='ltr' id='par_1_13' title="bbox 141 3510 923 3582">
     <span class='ocr_line' id='line_1_39' title="bbox 141 3510 923 3582; baseline -0.014 -1"><span class='ocrx_word' id='word_1_291' title='bbox 141 3539 215 3582; x_wconf 77' lang='lat' dir='ltr'><strong>num.</strong></span> <span class='ocrx_word' id='word_1_292' title='bbox 232 3538 296 3581; x_wconf 79' lang='lat' dir='ltr'><strong>aar.</strong></span> <span class='ocrx_word' id='word_1_293' title='bbox 314 3538 384 3579; x_wconf 87' lang='lat' dir='ltr'><strong>arar.</strong></span> <span class='ocrx_word' id='word_1_294' title='bbox 400 3521 449 3577; x_wconf 90' lang='lat' dir='ltr'><strong>IV.</strong></span> <span class='ocrx_word' id='word_1_295' title='bbox 884 3510 923 3570; x_wconf 88' lang='grc'><strong>10</strong></span> 
     </span>
    </p>
   </div>
   <div class='ocr_carea' id='block_1_3' title="bbox 0 0 1246 3817">
    <p class='ocr_par' dir='ltr' id='par_1_14' title="bbox 0 0 1246 3817">
     <span class='ocr_line' id='line_1_40' title="bbox 0 0 1246 3817; baseline 0 6"><span class='ocrx_word' id='word_1_296' title='bbox 0 0 1246 3817; x_wconf 95' lang='lat' dir='ltr'><strong> </strong></span> 
     </span>
    </p>
   </div>
  </div>
 </body>
</html>
