2484 3817
185 202 247 264 194
518 210 825 261 c.auru1sncunn1

182 369 331 446 inponere.
368 382 470 426 caseus
486 382 590 424 recens
604 363 740 423 vaccinus
755 363 900 421 inmittitur
915 360 950 420 ad
964 368 1110 438 utrumque
1123 362 1160 418 vi·

180 452 258 524 tium,
277 452 344 509 item
359 449 489 524 butyrum
506 448 625 507 heminis
641 456 773 525 quattuor
794 464 857 505 cum
872 445 986 503 resinae
1001 443 1160 503 terebinthi·

138 543 253 598 bosnae
268 542 399 592 sextante
417 542 465 593 aut
481 550 545 591 cnm
558 531 651 590 malva
667 530 790 589 decocta
805 538 852 589 aut
874 546 937 587 cum
953 543 1086 587 rosaceo.
1116 528 1160 586 da·
1233 530 1235 539 '

179 626 223 676 tur
238 625 268 675 et
284 616 384 675 sebum
399 614 546 675 vitulinum
558 623 607 673 ant
619 612 770 688 bubulum,
786 614 852 673 item
867 610 1009 670 medullae
1025 627 1161 670 excocun-

178 708 223 759 tur
238 716 301 758 cnm
317 698 407 759 iarina
423 714 566 775 ceraeque
583 697 689 773 exiguo
708 706 736 755 et
757 697 842 771 cleo,
866 704 896 753 nt
911 694 1025 753 sorberi
1045 696 1182 772 possiunt

177 782 302 842 medulla
319 791 349 840 et
363 783 476 859 inpane
491 780 640 855 subigitur.
664 779 710 839 lac
725 780 869 856 caprinum
881 778 915 837 ad
933 777 1063 837 dimidias
1078 779 1162 856 partis

179 865 343 925 decoctum.
374 866 399 924 si
420 866 476 923 sint
496 873 526 922 et
543 864 681 938 tormina,
704 863 815 923 additur
828 870 1007 940 protropum.
1043 862 1163 919 tormini-

179 948 234 1007 bus
254 951 323 1007 satis
339 966 407 1007 esse
422 947 531 1006 remedi
553 947 581 1004 in
601 946 710 1023 leporis
727 946 851 1022 coagulo
868 953 937 1023 poto
955 962 971 1003 e
985 946 1053 1002 vino
1069 943 1163 1023 tepido

180 1031 228 1091 vel
250 1031 341 1091 semel
363 1030 536 1089 arbitrantur
550 1029 647 1107 aliqui.
679 1032 823 1090 cautiores
845 1038 874 1087 et
893 1029 1030 1104 sauguine
1049 1028 1163 1104 caprino

138 1124 265 1179 totunm
293 1114 385 1172 iariua
417 1113 581 1172 hordeacea
613 1119 643 1170 et
672 1114 766 1172 resina
791 1122 919 1170 ventrem
945 1112 1071 1169 inlinunt.
1120 1110 1196 1169 hdru

181 1199 272 1255 omnis
290 1196 447 1274 epiphoras
463 1198 571 1255 ventris
586 1196 664 1253 inlini
682 1212 795 1255 caseum
810 1194 926 1253 mollem
941 1193 1071 1268 suadent,
1088 1202 1185 1252 vete--

153 1317 155 1320 ψ
179 1297 240 1338 rem
263 1279 396 1338 autemin
421 1280 539 1337 farinam
559 1280 654 1338 tritum
679 1279 817 1338 coeliacis
837 1287 866 1338 et
886 1277 1070 1352 dysintericis
1094 1277 1164 1351 dari,

181 1361 286 1435 cyatho
303 1363 381 1420 casei
396 1363 425 1420 in
447 1363 557 1435 cyathis
571 1363 629 1419 vini
645 1360 743 1421 cibarii
758 1361 858 1420 tribus.
896 1361 1015 1436 sanguis
1035 1362 1166 1437 caprinus

180 1445 320 1503 decoctus
337 1461 400 1502 cnm
416 1444 540 1504 medulla
557 1445 756 1518 dysintericis,
770 1447 853 1504 iocur
868 1462 963 1503 assum
979 1460 1084 1521 caprae
1100 1460 1165 1501 cce-

180 1527 264 1586 liacis
279 1526 428 1603 subvenit,
444 1530 594 1605 magisque
617 1530 701 1587 etiam
715 1527 803 1603 hirci,
822 1530 850 1587 in
865 1530 932 1587 vino
948 1535 1064 1586 austero
1081 1527 1199 1586 deco-15

126 1665 128 1671 ,
181 1618 255 1669 ctum
275 1619 430 1687 potumque
443 1612 490 1670 vel
509 1630 546 1670 ex
560 1610 629 1669 oleo
644 1620 753 1685 myrteo
768 1610 901 1670 umbilico
921 1611 1083 1687 inpositum.
1107 1611 1166 1687 qui·

181 1692 245 1753 dam
267 1693 410 1753 decocunt
432 1712 447 1753 a
467 1694 556 1753 tribus
580 1696 714 1753 sextariis
736 1712 828 1771 aquae
856 1694 891 1754 ad
912 1693 1054 1753 heminam
1074 1691 1168 1752 addita

139 1785 273 1841 uosruta.
311 1784 424 1836 utuntur
440 1786 469 1836 et
485 1778 561 1836 liene
577 1795 645 1837 asso
663 1795 769 1855 caprae
784 1778 894 1839 hircive
910 1786 939 1841 at
955 1775 1027 1835 sebo
1046 1776 1119 1835 hirci
1140 1778 1168 1834 iu

180 1877 254 1937 pane
268 1861 314 1937 qui
325 1863 425 1919 cinere
440 1871 541 1919 coctus
553 1862 599 1937 sit,
616 1878 734 1939 caprae,
750 1879 766 1920 a
781 1860 896 1920 renibus
913 1877 1051 1935 maxume,
1070 1869 1100 1917 ut
1117 1877 1168 1937 per
1234 1846 1235 1877 ¹

182 1960 215 2001 se
231 1942 375 2002 hauriatur
391 1946 536 2022 protinus,
560 1946 647 2021 inqne
668 1944 780 2003 modice
804 1944 906 2019 frigida
926 1942 1039 2002 sorberi
1060 1942 1168 2017 iubent,
1177 1966 1202 2002 cc

182 2025 269 2101 aliqui
285 2033 314 2083 et
327 2026 356 2083 iu
372 2042 445 2102 aqna
461 2026 613 2086 decoctum
625 2026 725 2086 sebum
741 2027 863 2086 admixta
877 2026 993 2104 polenta
1010 2035 1039 2084 et
1055 2028 1168 2085 cumino

182 2115 212 2165 et
225 2124 315 2165 aneso
338 2116 490 2185 acetoque.
519 2110 639 2169 inlinunt
659 2120 688 2169 et
708 2118 836 2169 ventrem
857 2110 994 2170 coeliacis
1017 2110 1083 2168 iimo
1104 2127 1169 2167 cum

139 2200 190 2253 209
201 2188 288 2247 melle
302 2190 436 2249 decocto.
459 2201 572 2251 utuntur
584 2194 620 2252 ad
633 2202 780 2270 utrumqne
793 2194 888 2253 vitium
906 2202 936 2251 et
947 2191 1071 2268 coagulo
1083 2192 1170 2251 haedi
1233 2244 1234 2251 ,

182 2274 210 2331 iu
224 2272 292 2329 vino
307 2274 420 2347 myrtite
435 2274 520 2334 labne
534 2276 728 2351 magnitudine
744 2286 814 2353 poto
837 2286 865 2335 et
885 2277 1021 2350 sanguine
1039 2275 1169 2334 eiusdem
1233 2276 1234 2279 ’

181 2357 210 2414 in
232 2354 324 2414 cibum
344 2356 466 2415 formato
485 2375 568 2435 quem
586 2359 781 2434 sanguiculum
795 2369 908 2419 vocant.
938 2358 1085 2417 infundunt
1099 2359 1167 2431 dys·
1179 2382 1204 2419 aa

181 2438 311 2497 ictericis
330 2448 360 2497 et
380 2440 517 2515 glutinum
540 2444 676 2501 taurinum
699 2460 771 2520 aqua
787 2441 1058 2502 calidaresolutum.
1084 2441 1169 2501 lulla-

181 2522 276 2581 tioues
292 2520 407 2581 discutit
425 2524 570 2582 vitulinum
585 2526 678 2584 limum
695 2528 723 2584 in
744 2527 811 2585 vino
826 2526 985 2585 decoctum.
1013 2523 1170 2585 Intestino·

181 2622 244 2663 rum
259 2606 335 2663 vitiis
350 2623 527 2683 magnopere
543 2608 664 2684 prodest
681 2608 832 2685 coagulum
850 2624 1000 2667 cervorum
1016 2606 1171 2666 decoctum

182 2705 246 2746 cum
266 2687 345 2746 lente
360 2687 483 2765 betaque
504 2699 590 2768 atque
611 2693 640 2749 in
663 2693 728 2751 cibo
744 2700 905 2769 sumptum,
919 2690 1028 2767 leporis
1043 2691 1172 2767 pilorum

182 2770 254 2828 cinis
284 2789 347 2829 cum
381 2772 467 2831 melle
496 2773 650 2850 decoctus,
688 2776 770 2835 lactis
797 2776 905 2853 caprini
934 2782 1018 2851 potus
1050 2773 1207 2833 decoctius

139 2862 191 2916 210
203 2870 265 2913 cnm
290 2854 383 2914 malva
409 2858 515 2932 exigno
536 2858 597 2916 sale
620 2858 728 2917 addito.
765 2860 789 2917 si
813 2866 842 2917 et
862 2857 1012 2933 coagulum
1035 2856 1171 2934 addatur,

181 2936 334 2995 maioribus
353 2938 550 2998 emolumentis
570 2942 628 2999 liat.
665 2941 765 3000 eadem
791 2942 835 2999 vis
861 2950 905 2999 est
924 2949 952 2999 et
975 2940 1002 2998 in
1021 2939 1096 3000 sebo
1122 2958 1172 2999 ca·

182 3021 265 3097 prino
281 3021 309 3078 iu
320 3022 476 3081 sorbitione
488 3022 592 3100 aliqua,
609 3025 648 3082 uti
664 3025 793 3102 protinus
806 3022 948 3083 hauriatur
962 3022 1066 3099 frigida
1083 3041 1172 3101 aqua.

180 3104 247 3160 item
262 3101 393 3163 feminum
404 3104 487 3164 haedi
505 3108 576 3164 cinis
590 3116 672 3185 rupta
689 3107 821 3167 intestina
833 3109 942 3165 sarcire
953 3108 1024 3164 mire
1035 3106 1173 3183 traditur,

182 3184 277 3242 dmum
291 3185 402 3263 leporis
418 3205 480 3247 cnm
493 3168 579 3248 mblle
594 3190 745 3249 decoctum
761 3198 790 3248 et
805 3190 911 3249 cotidie
926 3188 1009 3248 iabae
1025 3190 1161 3266 maguitu
1185 3204 1231 3245 aa,

181 3266 247 3325 dine
263 3280 401 3348 sumptum
416 3273 453 3330 ita
466 3281 496 3330 nt
510 3272 676 3349 deploratos
688 3274 860 3333 sanaverint.
881 3271 996 3332 laudant
1010 3280 1041 3331 ct
1057 3274 1175 3350 caprini

183 3351 285 3428 capitis
301 3370 363 3412 cnm
380 3356 438 3413 suis
453 3356 519 3433 pilis
535 3355 656 3414 discocti
672 3374 779 3415 sucum.

141 3441 190 3495 nrt
255 3434 338 3514 (59.)
361 3437 534 3515 Teuasmos,
561 3438 590 3497 id
611 3448 656 3498 est
674 3439 775 3503 crebra
799 3448 829 3501 et
849 3440 939 3499 inanis
961 3438 1097 3501 voluntas
1120 3438 1176 3499 de·
