2484 3817
178 181 221 246 60
495 177 524 224 ο.
540 173 634 222 Pom
652 165 799 218 succum

133 341 287 411 manabit.
316 313 503 412 Hippocrates
524 334 554 386 et
575 323 698 383 radicem
721 323 812 398 ipsam
834 321 975 400 adposuit.
1005 323 1100 383 dicunt
1117 335 1146 384 et

175 432 204 486 tn
222 419 385 502 pestilentia
405 413 554 471 salutarem
573 423 642 464 esse
661 406 692 463 in
708 405 790 463 cibis.
831 405 1002 465 ebrietatem
1025 406 1144 467 discutit.

173 501 318 582 serpentis
336 497 453 570 nidore,
469 509 530 552 cum
544 497 701 563 crematur,
717 489 850 566 privatim
863 489 978 566 aspidas
1001 490 1082 564 lugat
1101 499 1146 549 ant

138 593 140 598 '
171 587 295 649 inebriat
328 585 366 640 ita
391 586 421 636 ut
446 580 594 651 torpentes
622 573 810 631 inveniantur.
847 581 1005 648 perunctos
1035 589 1145 650 quoque

170 688 223 730 aro
240 687 257 728 e
275 668 373 726 laureo
388 661 454 721 oleo
469 657 586 730 fugiunt.
619 653 687 713 ideo
704 663 734 714 et
754 661 854 714 contra
866 656 939 713 ictus
959 654 1020 713 dari
1034 657 1063 714 in
1081 659 1170 715 vinos

170 755 255 828 nigro
287 752 384 828 putant
419 741 495 798 utile.
528 739 556 794 in
590 736 670 796 loliis
690 739 731 797 ari
757 755 860 796 caseus
894 746 1009 815 optume
1039 741 1146 816 servari

128 832 322 991 upradrppq.)
349 902 541 966 llracunculus
564 919 649 978 quem
670 901 728 961 dixi
751 901 864 962 lrordeo
879 911 1092 962 maturescente
1106 905 1146 964 ei·

128 998 280 1058 ¹⁴²ioditm
296 993 357 1049 luna
375 993 536 1044 crescente.
557 987 672 1044 omnino
689 985 842 1045 habentem
857 995 1012 1063 serpentes
1027 986 1145 1062 lugiunt.

170 1081 243 1139 adeo
261 1069 404 1152 percussis
420 1068 563 1143 prodesse
579 1075 679 1145 potum
694 1071 782 1141 aiunt,
803 1071 912 1128 maiore
934 1070 961 1126 ri
978 1071 1007 1126 in
1021 1087 1182 1145 menses,1o

170 1165 194 1220 si
208 1159 287 1218 ferro
303 1167 359 1211 non
375 1151 538 1226 attingatur.
571 1169 656 1209 sueus
679 1154 741 1212 eius
762 1160 793 1210 et
814 1154 923 1210 aurium
948 1150 1041 1210 dolori
1064 1152 1147 1228 prod-

127 1257 181 1310 150
191 1247 243 1299 est.
272 1234 299 1293 id
314 1241 408 1290 autem
424 1233 500 1310 quod
517 1232 618 1293 Graeci
635 1234 804 1293 dracontion
813 1243 917 1293 uocant
928 1234 1033 1311 triplici
1050 1235 1147 1311 effigie

167 1322 388 1382 demonstratum
402 1315 469 1374 mibi
486 1325 548 1392 est,
568 1317 646 1376 loliis
662 1318 764 1393 betae,
785 1333 842 1376 non
859 1319 922 1376 sine
937 1316 1054 1392 thyrso,
1075 1318 1148 1398 dore

168 1415 330 1482 purpureo,
352 1396 408 1456 hoc
432 1407 477 1456 est
498 1400 591 1458 simile
613 1417 673 1459 aro.
706 1399 753 1458 alii
775 1399 871 1459 radice
893 1400 979 1476 longa
999 1401 1087 1459 ueluti
1110 1404 1148 1460 si·

166 1490 251 1560 gnata
271 1479 484 1556 articulosaque
500 1491 714 1558 monstravere,
730 1483 822 1542 tribus
848 1485 962 1542 omnino
990 1483 1148 1560 cauliculis,
1158 1503 1186 1544 1⁵

165 1565 235 1625 lolia
250 1560 372 1637 decoqui
389 1579 427 1620 ex
441 1572 525 1622 aceto
539 1573 638 1623 contra
653 1567 830 1643 serpentium
841 1567 916 1625 ictus
928 1566 1070 1624 iubentes.
1093 1574 1151 1626 ter·

164 1649 203 1704 tia
216 1643 422 1704 demonstratio
435 1646 489 1706 fuit
500 1646 572 1707 lolio
585 1650 694 1707 maiore
705 1664 787 1725 qnam
799 1665 917 1724 cornus,
932 1649 1037 1706 radicis
1049 1648 1151 1708 barun-

165 1727 284 1802 dineae,
301 1727 432 1804 totidem,
448 1738 479 1787 ut
494 1730 694 1808 adfirmabant,
709 1731 988 1807 geniculataetnodis
1010 1740 1080 1807 quot
1102 1731 1150 1790 ha-

162 1809 248 1868 beret
272 1825 380 1887 annos,
406 1813 584 1890 totidemque
609 1834 678 1874 esse
700 1814 780 1874 lolia.
809 1813 836 1872 hi
860 1833 898 1874 ex
918 1816 986 1872 vino
1006 1813 1055 1871 vel
1076 1831 1150 1890 aqua

163 1898 264 1949 contra
280 1897 426 1970 serpentis
442 1894 553 1955 dabant.
1159 1922 1187 1962 ao

121 1983 171 2038 151
234 1973 316 2052 (94.)
352 1975 406 2035 Est
433 1985 462 2036 et
492 1981 548 2037 aris
573 1997 646 2056 quae
674 1983 703 2040 in
726 1980 826 2041 eadem
847 1981 985 2057 Aegypto
1011 1981 1150 2055 nascitur,

164 2054 266 2114 similis
294 2073 363 2134 aro,
393 2060 486 2117 minor
504 2068 610 2120 tautum
637 2064 853 2140 minoribusque
882 2063 961 2121 toliis
991 2070 1021 2121 et
1048 2063 1151 2137 utique

167 2136 282 2213 radice,
308 2156 381 2215 quae
407 2149 501 2200 tamen
522 2143 617 2202 olivae
643 2145 758 2220 grandis
785 2143 1007 2221 magnitudinem
1026 2143 1152 2220 inpleat,

162 2218 227 2277 alba
242 2224 386 2296 geminum
401 2224 522 2300 caulem,
535 2225 625 2284 altera
642 2245 725 2285 unum
747 2235 853 2285 tantuna
878 2228 1022 2285 emittens.
1051 2225 1152 2285 mede·

161 2308 208 2357 tur
224 2311 345 2381 utraque
361 2304 507 2365 ulceribus
524 2309 718 2384 manantibus,
732 2311 801 2368 item
818 2309 975 2368 combustis
995 2325 1028 2366 ac
1043 2308 1190 2368 tistulisss

161 2382 285 2458 collyrio
318 2387 446 2446 inmisso.
490 2407 589 2449 nomas
620 2394 724 2450 sistunt
753 2392 933 2450 decoctarum
962 2393 992 2450 in
1018 2407 1092 2466 aque
1120 2399 1153 2452 et

160 2473 265 2542 postea
285 2471 415 2528 tritarum
429 2489 553 2531 rosaceo
571 2472 679 2549 addito,
696 2475 747 2534 sed
771 2491 854 2533 unum
866 2473 1030 2532 miraculum
1043 2475 1152 2550 ingens

160 2557 296 2609 contacto
324 2552 443 2628 genitali
470 2556 607 2632 cuiusque
633 2556 761 2615 feminini
789 2573 877 2615 sexus
903 2554 1004 2614 animal
1027 2554 1056 2614 iu
1082 2575 1153 2634 per·

159 2631 266 2690 niciam
280 2635 337 2708 agi.

116 2721 172 2774 152
231 2714 312 2792 (95.)
343 2715 576 2797 bl'yriophyllon,
610 2721 686 2796 quod
711 2723 803 2780 nostri
836 2721 996 2781 milifolium
1028 2715 1194 2800 vocant,ad

159 2795 250 2855 caulis
273 2805 319 2857 est
337 2808 430 2877 tener,
448 2802 548 2862 similis
562 2803 691 2880 feniculi,
706 2805 843 2881 plurumis
860 2805 949 2882 loliis,
965 2804 1083 2865 undeet
1096 2823 1155 2867 uo·

157 2893 225 2936 men
243 2883 363 2957 accepit.
391 2886 518 2943 nascitur
533 2887 560 2943 in
574 2886 765 2962 palustribus,
780 2889 921 2964 magniliei
940 2905 1007 2947 usus
1028 2887 1062 2946 ad
1084 2889 1155 2948 vol·

159 2977 231 3020 nera
247 2979 309 3021 eum
335 2972 427 3024 aceto.
458 2966 567 3026 bibitur
593 2968 628 3027 ad
650 2968 832 3030 dillieultates
856 2973 955 3030 urinae
976 2979 1006 3029 et
1027 2974 1155 3032 vesicae

158 3049 208 3100 aut
223 3045 347 3122 suspiria
363 3049 618 3126 praecipitatisque
635 3069 673 3110 ex
688 3052 756 3111 alto.
784 3053 884 3114 eadem
898 3054 1100 3114 efficacissima
1113 3055 1155 3114 ad

157 3123 284 3185 dentium
297 3128 424 3190 dolores.
441 3129 556 3190 Etruria
570 3133 626 3192 hoc
635 3137 749 3194 nomine
765 3137 891 3214 appellat
905 3136 1022 3196 barbanu
1035 3138 1065 3196 in
1081 3155 1156 3216 pra·
1166 3163 1194 3206 ss

157 3207 197 3264 tis
212 3215 329 3269 tenuem
354 3229 369 3270 a
390 3212 530 3274 lateribus
552 3215 743 3294 capillamenti
765 3219 851 3279 modo
870 3219 1019 3293 foliosum,
1044 3223 1155 3280 eximii

157 3307 227 3349 usus
245 3291 281 3350 ad
300 3293 438 3373 volnera,
459 3298 544 3358 boum
563 3316 670 3358 neruos
683 3301 814 3361 abscisos
835 3318 953 3360 vomere
973 3301 1094 3363 solidari
1108 3323 1157 3364 ea

156 3389 316 3453 rursusque
330 3379 410 3455 iungi
425 3379 519 3441 addita
534 3385 656 3459 axungia
671 3385 828 3444 adfirmans.
