2484 3817
158 190 220 251 204
508 200 811 251 commereamur

157 357 221 416 lieri
235 356 304 417 dioit
316 354 474 431 Osthanes,
497 356 572 415 idem
593 355 698 414 amoris
719 363 789 435 potu
811 352 883 413 hirei
899 354 998 414 urinae
1021 354 1141 415 admixto

159 449 282 518 propter
296 438 441 500 fastidium
457 438 558 498 nardo.

116 528 168 587 25⁷
233 521 317 600 (78.)
338 521 495 582 infantibus
509 520 579 580 nihil
589 520 693 595 butyro
706 520 801 580 utilius
812 538 865 597 per
880 538 912 579 se
925 528 953 579 et
968 536 1030 579 oum
1045 520 1141 595 melle,

157 606 288 684 privatim
300 614 329 665 et
339 606 368 663 in
379 606 535 665 dentitione
548 613 578 663 et
590 604 627 663 ad
638 605 772 681 gingivas
783 612 812 662 et
823 603 857 665 ad
870 605 929 663 oris
939 603 1048 663 uloera.
1064 602 1142 663 Deus

157 689 218 767 lupi
230 689 400 765 adalligatus
416 688 562 748 infantium
572 704 699 765 pavores
711 685 847 765 prohibet
856 686 1058 765 dentiendique
1069 704 1140 745 mor·
1153 705 1166 744 a

156 771 223 848 bos,
237 772 315 849 quod
331 780 361 830 et
376 772 463 851 pellis
476 771 573 849 lupina
588 779 724 847 praestat,
742 769 898 830 -dentes
914 770 1028 847 quidem
1045 788 1144 831 eornm

155 856 279 915 maxumi
301 856 383 932 equis
398 872 513 933 quoque
533 853 679 931 adalligati
699 852 906 929 infatigabilem
924 871 1037 913 eorsum
1060 871 1143 931 prae·
1239 906 1240 917 ,

77 959 79 962 ·
157 948 234 999 stare
250 938 388 998 dieantur.
402 971 445 984 -
464 938 597 1015 leporum
619 936 744 1013 coagulo
766 935 856 995 ubere
875 936 955 996 inlito
974 938 1083 997 sistitur
1103 939 1142 996 iu·
1239 1002 1240 1009 χ

114 1022 293 1086 metantium
307 1020 399 1081 alvos.
433 1020 521 1080 loour
539 1021 611 1078 asini
626 1020 749 1080 admixta
764 1019 878 1079 modion
894 1036 1004 1099 panaoe
1025 1020 1142 1079 instilla·
1239 1032 1240 1107 ξ

57 1102 59 1106 ’
155 1111 215 1164 tum
228 1107 258 1163 in
273 1121 308 1163 os
323 1120 340 1162 a
357 1102 548 1164 comitialibus
561 1102 669 1162 morbis
690 1111 719 1162 et
739 1103 801 1163 aliis
820 1104 935 1163 infantis
955 1112 1066 1180 tuetur,
1086 1103 1176 1163 huam
1239 1122 1240 1159 i

155 1188 205 1247 XL
218 1185 320 1246 diebus
335 1187 398 1246 beri
412 1188 603 1266 praecipiunt.
635 1196 663 1245 et
679 1185 764 1264 pellis
786 1188 857 1245 asini
871 1188 976 1246 inieota
991 1183 1142 1265 inpavidos
1239 1178 1240 1243 I

155 1271 269 1330 iniantis
284 1270 363 1330 iaoit.
392 1269 492 1329 dentes
507 1271 555 1347 qni
571 1270 654 1347 equis
669 1269 787 1347 primum
806 1270 910 1330 eadunt
924 1270 1038 1334 iaoilem
1053 1270 1143 1330 denti·
1239 1264 1240 1273 ’

155 1355 263 1412 tionem
282 1361 430 1432 praestant
444 1352 596 1429 adalligati
616 1352 787 1429 infantibus,
810 1353 973 1429 eilioaoios,
994 1354 1018 1413 si
1038 1362 1143 1413 terram

120 1446 172 1501 259
182 1453 239 1494 non
252 1437 386 1511 attigere.
413 1436 484 1496 Lien
499 1435 622 1495 bubulus
633 1438 661 1494 in
674 1436 761 1495 melle
782 1445 810 1495 et
830 1438 912 1497 datur
927 1446 956 1496 et
970 1437 1094 1496 inlinitur
1108 1436 1144 1497 ad
1239 1434 1240 1439 ’

155 1520 239 1578 lienis
259 1518 395 1596 dolores,
418 1519 454 1579 ad
468 1518 567 1579 ulnera
580 1519 720 1578 manantia
737 1536 799 1578 enm
820 1521 959 1580 melle**.
989 1520 1047 1580 lien
1062 1521 1177 1580 vitalius
1239 1530 1240 1619 p

155 1604 185 1661 in
203 1602 270 1661 vino
292 1602 430 1662 deonotus
450 1603 591 1681 tritusque
613 1610 642 1661 et
669 1601 764 1673 inlitus
784 1602 933 1681 uleusonla
953 1605 1022 1663 oris.
1055 1602 1142 1663 Cere·
1239 1628 1240 1635 ¹

154 1684 237 1745 brom
260 1703 367 1763 oaprae
386 1687 463 1762 Magi
484 1702 538 1764 per
557 1684 669 1746 anulum
691 1702 807 1745 aureum
825 1695 945 1747 tractum
965 1689 1044 1765 prius
1061 1704 1144 1765 qnam
1239 1754 1240 1761 χ

155 1768 201 1829 lao
224 1768 307 1828 detur
328 1769 481 1829 infantibus
504 1770 643 1830 instillant
665 1778 765 1829 eontra
794 1771 944 1831 comitialis
969 1779 1144 1849 ceterosque
1239 1804 1240 1817 κ

153 1853 300 1912 infantium
327 1852 455 1912 morbos.
493 1854 640 1930 caprinum
662 1852 755 1911 limum
781 1853 924 1931 inquietos
948 1854 1064 1913 iniantis
1095 1853 1143 1913 ad·

155 1934 300 2011 alligatum
327 1952 422 2011 panno
444 1935 576 2012 cohibet,
604 1953 734 1995 maxume
758 1938 880 2012 puellas.
922 1938 999 1999 laeto
1024 1938 1177 2015 caprinum

155 2026 204 2158 {aut
225 2016 348 2075 oerebro
369 2017 501 2097 leporum
517 2028 675 2098 perunctae
697 2020 831 2096 gingivae
854 2021 948 2081 facilis
970 2021 1143 2081 dentitiones

169 2101 273 2159 noiant.

114 2193 166 2247 260
229 2181 313 2258 (79.)
335 2183 457 2241 Somnos
472 2183 535 2241 lieri
553 2182 656 2261 lepore
669 2194 783 2262 sumpto
803 2186 831 2243 in
844 2186 916 2245 olbis
935 2185 1005 2246 Cato
1022 2186 1143 2248 arbitra·

156 2265 249 2339 batur,
265 2266 369 2341 volgus
391 2273 420 2324 et
434 2268 554 2342 gratiam
574 2268 690 2343 corpori
713 2269 742 2326 in
757 2267 838 2327 Vllll
854 2269 934 2344 dies,
953 2270 1060 2329 irivolo
1080 2272 1143 2348 qni·

156 2348 221 2407 dem
235 2348 312 2425 ioeo,
327 2348 373 2407 eui
383 2356 478 2408 tamen
488 2348 583 2426 aliqua
594 2349 699 2409 debeat
714 2350 835 2410 subesse
847 2369 933 2413 eausa
945 2354 973 2412 iu
985 2361 1062 2413 tanta
1075 2371 1141 2431 per·
1151 2374 1178 2415 an

100 2471 103 2476 »
156 2431 301 2490 suasione.
330 2431 408 2507 biugi
426 2431 496 2491 ielle
521 2448 642 2510 caprae,
672 2434 851 2493 saorilioatae
871 2435 1029 2512 dumtaxat,
1060 2437 1143 2497 inlito

155 2514 249 2573 oeulis
265 2513 311 2573 vel
327 2513 379 2572 sub
395 2514 511 2592 pulvino
527 2518 623 2593 posito
639 2532 765 2576 somnum
781 2517 866 2577 adlini
881 2518 985 2579 dieunt.
1017 2519 1143 2580 sudores

155 2596 265 2656 inhibet
278 2614 384 2657 cornus
397 2599 504 2675 oaprini
519 2599 590 2657 einis
606 2616 644 2658 en
658 2609 768 2674 myrteo
786 2600 852 2659 oleo
871 2602 1027 2679 perunctis.

114 2690 164 2745 261
230 2680 313 2759 (80.)
336 2678 569 2740 Goitnsstimnlat
582 2681 623 2741 iel
641 2700 777 2760 aprunum
795 2684 920 2761 inlitum,
944 2687 1010 2744 item
1031 2686 1143 2747 medul·
1239 2678 1240 2745 j

155 2763 202 2823 lae
217 2782 298 2823 snum
312 2763 448 2839 haustae,
463 2764 562 2824 sebum
579 2766 716 2826 asininum
730 2768 840 2825 anseris
855 2768 973 2827 maseuli
988 2766 1073 2845 adipe
1093 2770 1142 2829 ad·
1153 2786 1180 2829 no

155 2848 244 2906 mixto
254 2848 370 2921 inlitum,
383 2847 450 2905 item
465 2866 481 2907 a
494 2850 569 2907 ooitn
581 2852 646 2927 equi
660 2868 675 2909 a
688 2850 820 2927 Vergilio
836 2868 952 2929 quoque
968 2850 1146 2928 descriptum

154 2930 233 2990 virus
253 2939 283 2989 et
303 2930 428 2990 testiculi
449 2931 545 3009 equini
565 2932 635 2992 aridi
656 2940 687 2991 at
710 2935 819 3011 potioni
839 2935 923 2993 interi
942 2935 1054 3013 possint
1070 2934 1144 2996 dex-

154 3021 238 3073 terve
253 3014 325 3073 asini
339 3014 421 3073 testis
435 3015 463 3071 in
478 3015 544 3073 vino
561 3024 646 3093 potus
661 3019 794 3094 portione
808 3016 856 3075 vel
871 3017 1041 3093 adalligatus
1055 3016 1144 3079 brao-

156 3096 256 3172 ohiali,
278 3097 405 3157 eiusdem
425 3115 441 3156 a
463 3098 538 3157 coitu
554 3116 653 3176 spuma
674 3098 797 3159 oolleota
819 3118 923 3161 russeo
938 3117 1031 3179 panno
1052 3110 1083 3160 et
1100 3105 1144 3162 in·
1238 3116 1240 3125 ⁴

114 3188 166 3243 262
178 3179 257 3238 elusa
273 3190 409 3256 argento,
425 3188 456 3239 nt
471 3179 612 3241 Osthanes
632 3182 725 3241 tradit.
755 3182 843 3260 Salpe
859 3183 984 3261 genitale
1000 3184 1028 3241 in
1044 3184 1144 3245 oleum
1155 3208 1182 3249 ss

120 3269 124 3276 “
157 3261 274 3320 fervens
288 3264 380 3339 mergi
393 3263 471 3323 iubet
485 3265 614 3343 septiens
630 3282 723 3343 eoque
738 3270 878 3343 perungui
893 3268 1063 3345 pertinentis
1074 3287 1144 3347 par·

157 3346 204 3419 tis,
219 3343 337 3405 Bialeon
351 3348 474 3415 cinerem
489 3366 527 3407 ex
543 3348 644 3407 eodem
662 3347 719 3408 bibi
734 3348 782 3408 vel
803 3352 875 3409 tauri
896 3368 911 3409 a
927 3350 1004 3408 ooitu
1019 3352 1145 3428 urinam,

157 3426 218 3487 luto
232 3430 298 3508 ipso
315 3428 393 3489 inlini
408 3430 522 3510 pubem.
556 3440 585 3491 at
603 3449 620 3490 e
642 3430 757 3492 diverso
780 3434 866 3495 muris
880 3434 947 3495 fimo
963 3432 1045 3494 inlito
1061 3434 1145 3495 cohi·
