2484 3817
255 198 334 246 aar.
354 195 445 245 mer.
468 193 590 243 xxxva.
612 189 733 248 re—ao.
750 167 903 260 (ao-ee)
1020 161 1079 242 '1'31

79 350 186 431 plexus
200 357 247 410 est
262 358 386 427 terrm,
402 349 551 411 oculorum
564 347 782 408 medicamentis
797 347 994 427 utilissimum,
1010 348 1081 409 item

78 451 259 516 mammarum
274 453 308 494 ac
324 435 442 493 testium
458 435 547 493 vitiis.

138 517 220 597 (33.)
241 516 388 579 llelitinus
404 517 479 596 lapis
494 533 594 576 sucum
609 517 731 575 remittit
748 513 860 576 dulcem
875 513 1079 595 melleumqne.

81 609 181 661 tunsus
198 610 229 662 et
244 620 331 662 cerae
341 602 446 660 mixtus
463 598 665 679 eruptionibus
683 600 805 677 pituitae
819 598 999 677 maculisque
1014 617 1078 659 nor·

58 686 161 764 nporis
183 686 317 745 medetur
339 692 370 744 et
389 685 512 744 faucium
533 682 763 760 exulcerationi,
792 681 972 761 epinyctidas
990 682 1077 761 tollit,

78 767 225 828 volvarum
244 767 363 828 dolores
378 768 525 845 inpositus
538 766 662 825 uellere.

140 853 222 930 (34.)
244 850 371 928 Gagates
391 851 466 929 lupis
491 865 596 910 nomen
617 849 706 909 habet
727 849 784 909 loci
804 856 835 909 et
856 851 947 909 amnis
971 847 1060 926 Gagis
1070 859 1121 916 ltl

77 934 192 1008 Lyciae.
228 936 308 994 aiunt
333 945 365 996 et
384 937 414 994 in
433 932 572 995 Leucolla
594 934 705 1013 expelli
725 934 796 993 mari
820 940 907 1012 etque
929 934 1003 992 intre
1024 931 1080 993 Xll

78 1016 293 1094 stadiacolligi.
316 1022 476 1096 nigerest,
492 1017 613 1096 planus,
630 1019 813 1096 pumicosus,
828 1017 920 1094 leuis,
936 1034 994 1076 non
1010 1017 1080 1077 mul-

43 1111 136 1160 totum
156 1120 173 1160 a
193 1100 274 1178 ligno
298 1100 455 1200 differens,
475 1101 606 1178 fragilis,
629 1100 739 1200 odoro,
767 1103 791 1161 si
814 1109 942 1178 teratur,
969 1103 1079 1178 gravis

79 1183 178 1244 lictilia
206 1203 245 1244 ex
268 1201 304 1244 eo
326 1185 465 1284 inscripta
481 1203 540 1245 non
561 1176 727 1262 delentur,
738 1204 801 1245 cum
822 1186 931 1263 uritur,
960 1185 1080 1245 odorem
1147 1206 1151 1212 ·

78 1267 246 1344 sulpureum
261 1267 371 1344 reddit,
393 1271 570 1368 mirumque,
592 1269 759 1329 accenditur
773 1287 868 1350 aque,
886 1269 954 1329 oleo
974 1269 1080 1328 restin·
1176 1332 1181 1341 1

77 1352 182 1428 guitur.
217 1351 299 1429 lugat
318 1354 466 1432 serpentis
480 1353 521 1412 ita
542 1361 718 1431 recreatque
733 1353 839 1413 volvae
855 1351 1059 1433 strangulatio·
1072 1361 1122 1418 142

78 1453 140 1494 nes.
179 1434 334 1514 deprendit
359 1439 501 1497 sonticum
522 1438 654 1498 morbum
683 1445 713 1496 et
735 1438 932 1512 virginitatem
956 1435 1077 1496 suilitus.

42 1517 153 1578 isidem
170 1537 209 1577 er
231 1523 300 1579 vino
322 1520 461 1581 decoctus
486 1521 622 1581 dentibus
643 1517 788 1578 medetur
797 1522 972 1597 strumisque
991 1537 1078 1581 cerae

77 1603 246 1681 permixtus.
284 1603 342 1663 hoc
359 1603 492 1663 dicuntur
507 1606 547 1662 uti
564 1602 667 1678 llagi
658 1620 687 1660 ιιι
703 1619 737 1662 ea
755 1617 839 1679 quatu
857 1611 963 1662 vocant
979 1605 1079 1663 axinu-

76 1687 227 1763 mantiam‚
253 1695 285 1745 et
306 1687 405 1763 peruri
427 1693 554 1762 negant,
580 1687 605 1744 si
630 1692 781 1744 venturum
808 1687 846 1745 sit
867 1686 945 1798 quqd
973 1687 1077 1768 aliquis

77 1778 170 1829 olel.

98 1787 116 1847 Ρ
139 1852 221 1950 (35)
236 1849 398 1928 spongitae
413 1849 526 1928 lapides
542 1851 750 1912 inveniuntur
740 1869 770 1913 ιιι
786 1854 928 1952 spongeis
945 1862 975 1934 et
992 1863 1057 1915 sunt
1071 1867 1120 1923 lte

40 1936 187 1995 camarini.
218 1933 331 2011 quidam
346 1952 400 2023 eps
418 1933 576 1994 tecolithos
595 1943 718 2014 vocent,
743 1938 876 2015 quoniam
894 1939 1002 1998 vesicis
1018 1956 1077 2000 me·

77 2018 198 2095 dentur,
213 2016 341 2077 calculos
356 2019 515 2096 rumpunt
505 2037 535 2078 m
550 2021 619 2079 vino
636 2020 706 2098 poti.

140 2101 223 2180 (36.)
234 2099 378 2178 Phrygius
390 2101 465 2180 lapis
476 2103 574 2201 gentis
584 2102 674 2163 habet
684 2119 801 2181 nomen,
812 2112 858 2164 est
870 2113 964 2165 autern
970 2105 1077 2184 glaeba

76 2188 234 2265 pumicosa.
270 2186 363 2245 uritur
384 2194 452 2246 ante
471 2188 541 2246 vino
560 2187 716 2265 perfusus,
741 2186 825 2248 datur
845 2187 966 2250 follibus
983 2190 1077 2253 donec

77 2269 221 2346 rufescat,
252 2287 285 2328 ac
305 2287 406 2329 rursus
429 2268 505 2329 dulci
525 2272 594 2329 uino
615 2271 812 2348 exstinguitur
837 2274 928 2333 ternis
950 2275 1074 2354 vicibus,

40 2367 67 2408 so
77 2352 242 2430 tinguendis
258 2353 391 2412 vestibus
406 2361 515 2412 tantum
529 2353 617 2414 utilis.

141 2435 192 2497 20.
215 2437 297 2514 (37)
319 2435 451 2497 Schistos
475 2445 505 2496 et
526 2436 697 2499 haematites
717 2439 922 2539 cognationem
937 2439 1053 2503 babent.
1068 2451 1119 2506 144

77 2518 249 2581 haematites
272 2513 418 2580 invenitur
442 2521 471 2581 in
492 2521 635 2598 metallis,
657 2531 737 2582 ustus
753 2523 820 2580 ruini
838 2523 968 2583 colorem
984 2524 1075 2585 imita·

70 2589 143 2677 tur,
155 2603 248 2661 uritur
263 2610 294 2661 ut
308 2601 468 2682 Phrygius,
493 2605 546 2665 sed
567 2622 626 2664 non
640 2607 832 2684 restinguitur
849 2607 929 2667 uino.
964 2606 1074 2667 adulte·

79 2693 172 2744 ratum
201 2674 376 2747 haematiten
405 2687 573 2750 discernunt
600 2707 694 2749 uenae
725 2689 864 2750 rubentes
894 2697 925 2748 et
950 2690 1074 2751 friabilis

41 2777 187 2828 sanatura.
218 2767 310 2828 oculis
324 2787 429 2831 eruore
443 2773 652 2832 subfusismire
665 2774 810 2833 convenit.
838 2772 915 2831 sistit
930 2773 1073 2852 proiluvia

77 2850 228 2912 mulierum
247 2860 345 2930 potus
384 2854 485 2914 bibunt
505 2865 536 2916 et
557 2858 605 2954 qui
624 2859 792 2934 sanguinem
806 2857 973 2916 reiecerunt
989 2877 1051 2918 cum
1064 2869 1114 2925 145

78 2952 150 2996 suco
165 2935 266 2995 Punici
287 2935 460 2995 maliet
451 2957 481 2998 un
501 2940 619 2999 vesicae
636 2941 714 2998 vitiis
733 2938 853 3016 efficax,
871 2938 980 3001 bibitur
995 2944 1051 3002 ct
1042 2961 1072 3003 ιιι

77 3021 146 3078 vino
162 3028 264 3079 contra
278 3018 456 3096 serpentium
470 3022 555 3082 ictus
587 3022 745 3082 infirmiora
761 3021 854 3082 omnia
869 3023 994 3084 cadem
985 3044 1014 3085 ιιι
1032 3043 1070 3086 eo

79 3120 164 3180 quern
188 3102 319 3163 schiston
340 3101 496 3180 appellant.
540 3105 570 3164 in
590 3107 627 3164 iis
647 3103 826 3164 commodior
845 3123 934 3167 croco
957 3108 1069 3186 similis,

40 3204 68 3247 ιι
77 3186 234 3265 peculiaris
246 3185 407 3264 explendis.
431 3185 579 3247 oculorum
591 3189 721 3250 lacunis
712 3207 742 3249 ιιι
753 3188 829 3248 lacte
839 3189 989 3271 muliebri,
1003 3210 1070 3271 pro·

77 3268 261 3368 cidentisqqc
285 3270 387 3330 oculos
414 3269 566 3349 praeclare
593 3272 720 3333 cohibet
757 3272 830 3332 hace
856 3283 901 3358 est
926 3278 1070 3338 sententia

77 3370 180 3413 eorum
195 3354 242 3431 qui
256 3355 421 3432 nuperrime
438 3355 594 3454 scripsere.

140 3435 225 3518 (38.)
240 3436 362 3498 Sotacus
377 3457 395 3498 e
407 3439 611 3500 vetustissimus
624 3439 791 3502 auctoribus
802 3441 928 3587 quinppe
938 3461 1049 3523 genera
1061 3453 1112 3510 tto
