2484 3817
115 161 117 164 ⁵
174 188 232 248 118
516 196 547 245 c.
564 185 660 245 earm
675 194 825 244 sncumor

170 356 199 413 in
214 352 310 413 multis
326 360 432 430 sponte
446 349 532 411 demit
546 358 576 409 ει
590 352 619 410 ἰε
633 348 760 428 pluribus
775 364 853 409 cura.
884 344 1034 427 medentur
1047 344 1162 407 radices

172 437 290 515 panacis
315 454 378 495 cum
400 453 455 494 uva
476 450 579 513 passa,
607 451 694 493 sucus
714 433 881 509 hyoscyami
904 448 967 489 curn
991 429 1084 497 ,farina
1111 429 1162 489 vel

135 540 165 580 25,
178 536 323 595 sesemen,
342 518 478 579 scordion
490 536 529 577 ex
544 525 639 591 aceto,
655 516 744 576 iberis
757 517 797 576 uti
809 516 914 576 dictum
928 520 983 589 εει,
997 512 1162 575 verbenaca

34 673 38 678 .
172 621 236 663 cum
254 604 377 679 axungia
392 603 469 678 trita,
486 602 636 676 cyclamini
654 600 752 675 radix,
775 593 856 660 cuius
876 598 1028 658 decoctum
1052 606 1081 655 et
1095 615 1162 675 per·

130 686 332 751 tornionibns.
377 685 523 765 podagras
546 684 702 760 refrigerat
726 684 807 743 radix
831 702 848 742 e
875 680 990 761 xiphio,
1014 698 1114 739 semen
1146 699 1190 742 es

171 770 289 850 psyllio,
307 771 400 829 cicuta
415 786 478 829 cum
493 767 652 843 lithargyro
670 777 718 827 aut
732 768 871 843 axungia,
893 767 1004 825 aizoum
1018 766 1048 823 in
1069 766 1162 842 primo

171 855 278 931 impetu
300 853 448 933 podagrae
475 850 623 928 rubentis,
647 850 704 911 boc
726 859 771 910 est
793 850 912 910 calidae.
941 847 1067 908 utrilibet
1089 865 1162 907 vero

171 940 306 997 convenit
321 938 459 1013 erigeron
474 951 538 994 cum
553 935 692 1010 axungia,
713 934 886 1011 plantaginis
899 932 970 990 lolia
985 930 1050 991 trita
1065 930 1162 991 addito

170 1021 232 1081 sale
249 1020 381 1094 modico,
399 1017 566 1095 argemonia
579 1026 663 1076 tunsa
679 1036 715 1076 ex
729 1018 826 1077 melle.
857 1015 987 1075 medetur
1007 1023 1037 1074 et
1059 1014 1162 1075 verbe·

170 1122 241 1163 oaca
259 1104 353 1177 inlita,
375 1109 425 1160 aut
438 1104 462 1160 si
485 1101 576 1179 pedes
591 1102 619 1160 in
635 1118 708 1178 aqna
721 1109 902 1159 macerentur
921 1100 949 1159 in
966 1115 1021 1176 qna
1039 1098 1201 1159 decoctam

130 1198 180 1251 102
190 1190 236 1262 sit,
253 1186 336 1265 (65.)
354 1194 384 1243 ει
398 1185 538 1264 lappago,
556 1184 657 1243 similis
674 1183 837 1261 anagallidi,
856 1184 911 1241 nisi
926 1191 1006 1242 esset
1021 1183 1163 1241 ramosior

169 1288 205 1331 ac
232 1269 361 1348 pluribus
382 1267 461 1327 ioliis
481 1286 602 1347 aspera,
630 1284 754 1344 rugosa,
779 1266 937 1345 asperioris
958 1266 1037 1340 suci,
1062 1266 1163 1343 gravis

170 1354 280 1413 odoris.
305 1369 379 1430 qnae
394 1352 461 1411 talis
477 1361 521 1411 εει
535 1351 665 1427 mollugo
682 1359 811 1411 vocatur.
836 1349 946 1424 similis,
964 1349 1016 1408 sed
1031 1350 1163 1427 asperio-

168 1436 249 1496 ribus
262 1436 350 1510 ioliis,
367 1452 524 1512 asperugo.
543 1436 702 1513 superioris
717 1444 746 1493 et
760 1452 846 1494 sucus
857 1433 988 1512 pondere
1002 1432 1094 1492 X1in
1105 1433 1163 1493 vini

169 1520 283 1580 duobus‘
295 1519 407 1594 cyathis
423 1519 528 1579 cotidie
546 1518 673 1577 sumitur.
1172 1536 1199 1577 rs

128 1617 179 1671 103
234 1603 318 1681 (66.)
341 1600 503 1681 Praecipue
517 1620 590 1661 vcro
602 1600 706 1660 liberat
724 1618 759 1660 eo
774 1600 850 1661 malo
861 1600 974 1679 phycos
992 1600 1162 1677 thalassina,

76 1686 79 1692 ’
168 1689 196 1748 id
213 1696 258 1747 est
271 1688 356 1746 lucus
370 1688 504 1763 marinus,
519 1684 652 1745 lactucae
669 1684 779 1759 similis,
797 1685 845 1763 qui
860 1684 1020 1758 conchyliis
1035 1683 1163 1744 subster-

168 1773 257 1845 nitur,
280 1788 337 1832 non
354 1770 501 1849 podagrae
516 1769 602 1829 modo
624 1769 677 1828 sed
698 1768 829 1827 omnibus
850 1768 1034 1827 articulorum
1054 1767 1163 1827 morbis

168 1857 309 1933 inpositus
326 1856 492 1932 priusquam
507 1854 618 1913 arebat.
653 1853 706 1911 tria
723 1862 816 1911 autem
838 1869 945 1929 genera
967 1852 1044 1911 eius:
1074 1850 1162 1911 latum

169 1949 198 1999 ει
212 1938 332 2020 alterum
349 1936 479 2012 longius,
496 1938 701 2014 quadamtenus
716 1936 839 2012 rubens,
862 1936 974 1994 tertium
994 1935 1100 2012 crispis
1117 1935 1197 1994 foco

128 2034 178 2087 104
188 2022 245 2092 liis,
262 2036 319 2098 quo
341 2020 369 2077 in
384 2020 470 2079 Creta
484 2020 576 2078 vestis
590 2022 715 2096 tingunt,
739 2020 832 2079 omnia
847 2018 975 2078 eiusdem
990 2036 1068 2077 usus.
1112 2018 1162 2078 Ni·

169 2104 277 2165 cander
295 2120 332 2161 ea
352 2112 382 2161 ct
394 2103 534 2165 adversus
550 2105 696 2180 serpentis
716 2104 744 2161 in
764 2104 829 2161 uino
849 2101 936 2161 dedit.
968 2100 1093 2161 salutare
1117 2112 1164 2161 est

57 2204 60 2208 ’
126 2211 156 2249 ιε,
168 2205 202 2240 ao
214 2194 242 2245 et
264 2202 363 2244 semen
387 2187 448 2244 eius
469 2179 577 2243 herbae
596 2202 680 2263 quam
702 2185 829 2261 psyllion
845 2186 1050 2243 nominavimus
1065 2186 1161 2245 mude-

168 2271 273 2329 iactum
289 2286 379 2345 aqua,
398 2269 531 2328 admixtis
545 2268 574 2325 in
588 2268 730 2327 heminam
746 2268 862 2326 seminis
879 2268 994 2327 resinae
1012 2266 1161 2348 Colopho·

167 2355 233 2411 niae
245 2351 427 2411 coclearibus
441 2350 561 2424 duobus,
578 2353 648 2409 turis
658 2368 723 2410 uuo.
748 2350 897 2410 laudantur
909 2360 937 2411 ει
948 2352 1158 2429 mandragorae
1168 2368 1194 2409 rs

167 2437 238 2495 lolia
259 2454 321 2493 cum
338 2436 456 2512 polenta
481 2444 571 2494 tunsa.
618 2436 667 2495 11.
692 2434 770 2494 Talis
792 2450 863 2493 uero
884 2433 1056 2495 tumentibus
1077 2436 1161 2497 limus

169 2521 317 2597 aquaticus
333 2536 397 2577 eum
412 2519 480 2578 oleo
496 2518 632 2577 subactus
647 2520 718 2577 mire
734 2517 870 2595 prodest,
892 2520 1019 2579 articulis
1041 2537 1129 2581 sucus
1144 2540 1160 2581 e

170 2604 316 2663 centaurio
337 2604 462 2679 minore,
485 2602 560 2662 idern
581 2604 679 2661 nervis
703 2602 884 2679 utilissimus,
915 2604 982 2663 item
1003 2604 1160 2665 centauris.

128 2700 178 2750 105
189 2684 341 2745 Vettonica
353 2688 451 2745 nervis
468 2685 693 2746 discurrentibus
705 2688 910 2764 perscapulas,
924 2686 1038 2764 umeris,
1050 2690 1160 2765 spinae,

140 2789 163 2823 ιι
172 2770 285 2845 lumbis,
301 2778 367 2846 pota
379 2778 409 2828 ut
422 2771 450 2829 in
463 2772 601 2845 iocinere,
617 2770 743 2830 articulis
759 2770 982 2847 quinquefolium
994 2771 1160 2849 inpositam,
1171 2785 1198 2827 so

170 2854 377 2928 mandragorae
395 2852 465 2912 lolia
481 2872 543 2913 cum
559 2854 677 2931 polenta
698 2853 746 2913 rel
766 2854 849 2913 radix
870 2872 973 2913 recent
996 2862 1078 2913 tunsa
1097 2872 1161 2914 cunr

170 2953 322 2996 cucumere
338 2938 465 2996 silvestri
479 2939 528 2998 vel
543 2938 665 2997 decocta
680 2939 708 2996 in
724 2955 812 3015 equa,
828 2938 978 3014 digitorum
993 2938 1021 2996 in
1032 2936 1161 3017 pedibus

168 3023 247 3080 rimis
256 3021 403 3100 polypodi
419 3021 509 3097 radix,
526 3022 653 3081 articulis
670 3040 755 3081 sucus
769 3021 936 3096 hyoscyami
949 3038 1011 3080 cum
1023 3024 1158 3099 axungia,

170 3122 302 3164 amomon
317 3122 387 3164 suco
403 3105 541 3180 decocto,
556 3106 622 3163 item
641 3104 827 3164 centunculus
844 3103 963 3164 decocta
979 3104 1028 3163 iel
1044 3122 1163 3164 muscus·

169 3204 273 3247 recens
294 3206 331 3247 ex
347 3204 419 3267 aqua
435 3188 579 3265 obligatus
595 3189 689 3248 donec
704 3189 861 3264 inarescat,
884 3190 950 3247 item
965 3188 1070 3266 lappae
1088 3188 1193 3248 boa-ar

129 3282 179 3335 106
190 3274 251 3331 riae
262 3272 345 3332 radix
359 3273 453 3333 evino
466 3282 545 3352 potu.
568 3270 750 3347 Cyclaminos
764 3270 884 3331 decocta
899 3273 927 3330 in
938 3288 1011 3348 aqua
1024 3273 1159 3351 perniun-

171 3356 252 3415 culos
272 3355 352 3416 c’urat
367 3359 517 3435 omniaque
532 3356 588 3416 alia
603 3354 721 3430 frigoris
736 3354 819 3430 vitia,
841 3355 1046 3433 perniunculos
1061 3364 1092 3415 et
1107 3373 1158 3416 uu·

169 3438 287 3513 tyledon
309 3458 370 3500 cum
394 3443 533 3519 axungia,
558 3439 628 3499 folia
648 3456 687 3497 ex
706 3437 876 3513 batrachio,
902 3438 1039 3517 epithymi
1057 3456 1156 3499 sucus.
