2484 3817
309 166 387 212 nnn.
409 163 766 217 ursu.xxx1111.c-o.
790 151 920 230 (7-11.)
1072 153 1111 211 37

122 319 200 394 lere,
217 327 246 377 at
257 326 357 379 contra
368 317 496 378 Romana
511 318 690 399 nomilitaris
706 319 838 378 thoracas
855 316 972 378 addere.
1003 315 1112 377 Caesar
1182 310 1196 337 '

122 402 236 481 quidem
252 402 375 463 dictator
397 402 544 461 loricatam
559 400 615 461 sihi
631 401 719 461 dicari
739 403 769 461 in
784 402 849 461 loro
863 400 918 459 'suo
936 420 1040 480 passus
1056 410 1111 463 est.

121 504 185 545 nam
200 484 394 563 Lupercorum
408 484 507 545 habitu
532 493 587 544 tam
601 485 734 544 noviciae
750 492 816 544 sunt
832 501 915 561 quarn
932 502 1005 562 quae
1020 503 1113 563 nuper

121 568 258 648 prodiere
278 569 408 647 paenulis
433 568 558 628 indutae.
596 567 743 626 Mancinus
767 585 804 627 eo
825 566 924 626 habitu
940 568 995 627 sibi
1013 571 1112 628 statuit

100 669 179 728 aquo
191 651 304 712 deditus
319 653 422 718 luerat.
444 659 571 711 notatum
588 651 623 709 nb
644 650 809 710 auctoribus
823 658 853 709 et
867 647 899 709 b.
917 651 1025 709 Attium
1038 669 1108 728 poe·
1121 663 1154 717 19

123 744 177 795 tam
190 737 219 794 in
232 734 416 797 Camenarum
431 733 505 795 aede
521 739 649 793 maxuma
660 734 751 793 iorma
763 741 882 792 statuam
897 732 953 795 sibi
965 736 1111 812 posuisse,
1128 749 1131 753 ·

122 836 185 878 cum
210 818 309 878 brevis
329 818 478 878 admodum
492 816 609 879 luisset.
643 825 798 895 equestres
812 817 912 894 ntique
927 825 1038 876 statuae
1055 816 1112 877 Ro·

25 955 33 967 .
122 919 230 962 munem
246 901 475 961 celebrationem
489 900 596 960 habent
617 908 683 960 orto
704 902 768 959 sine
788 899 875 959 dubio
895 918 911 959 a
929 898 1047 959 Graecis
1064 912 1139 959 err-⁵

122 984 237 1063 emplo‚
262 984 314 1043 sed
335 984 377 1043 illi
400 984 509 1044 celetas
530 992 637 1043 tantum
658 983 792 1043 dicabant
813 984 843 1042 in
861 985 950 1042 sacris
972 985 1111 1052 victores,

87 1076 226 1145 ropostoa
247 1084 319 1127 vero
339 1075 371 1126 et
396 1068 444 1144 qni
466 1066 543 1145 bigis
562 1066 611 1127 vel
633 1066 778 1143 quadrigis
801 1055 949 1126 vicissen't.
986 1066 1060 1125 unde
1083 1077 1112 1126 et

119 1152 213 1209 nostri
235 1168 336 1209 currus
357 1150 415 1210 nati
429 1152 459 1209 in
473 1151 508 1209 iis
524 1152 571 1227 qui
588 1149 850 1227 triumphavissent.
881 1166 977 1209 serum
991 1150 1066 1226 hoc,
1082 1159 1112 1209 et

119 1234 149 1293 in
162 1233 206 1293 his
222 1234 347 1293 nonnisi
364 1252 381 1293 a
394 1232 462 1293 divo
477 1233 611 1309 Angusto
626 1234 761 1310 seiuges,
778 1234 852 1292 sicut
870 1231 1026 1310 elephanti.

183 1313 264 1397 (11.)
279 1315 345 1377 Non
360 1324 445 1377 vetus
455 1325 489 1377 et
502 1317 633 1394 bigarum
647 1316 807 1376 celebratio
819 1318 848 1375 in
860 1318 896 1375 iis
908 1316 956 1395 qui
972 1325 1108 1395 praetura
1119 1327 1154 1379 20

118 1400 208 1460 iuncti
223 1417 308 1461 curru
322 1400 400 1459 uenti
416 1409 516 1460 essent
530 1418 585 1479 per
599 1402 723 1475 circum,
743 1401 888 1477 antiquior
907 1400 1111 1472 columnarum,

84 1484 203 1544 rusicuti
224 1479 257 1543 G.
274 1482 389 1544 blaeuio
411 1485 459 1561 qui
476 1485 589 1561 priscos
617 1484 766 1543 deuicerat
783 1479 918 1557 Latinos,
947 1483 1049 1560 quibus
1074 1502 1111 1542 ex

117 1566 240 1627 foedere
255 1568 356 1627 tertias
372 1567 499 1646 praedae
512 1567 636 1644 populus
647 1565 792 1625 Romanus
808 1565 986 1642 praestabat,
996 1567 1111 1627 eodem-
1132 1580 1139 1600 ¹

119 1667 176 1727 que
194 1652 224 1710 in
237 1650 389 1709 consulatu
406 1651 436 1707 in
452 1657 593 1725 suggestu
609 1656 704 1708 rostra
720 1646 843 1706 deuictis
858 1647 1023 1709 Antiatibus
1040 1651 1110 1710 lixe-

118 1742 163 1793 rat
184 1750 257 1792 anno
279 1732 360 1790 urbis
377 1728 556 1789 ccccxvl.
579 1732 650 1790 item
664 1728 735 1789 Gaio
748 1729 845 1791 Duilio
864 1732 910 1809 qui
934 1732 1042 1809 primns
1064 1751 1110 1791 na-

33 1834 37 1849 *
118 1815 212 1875 valem
224 1812 395 1891 triumphum
407 1814 469 1889 egit
479 1812 515 1872 de
529 1813 648 1889 Poenis,
662 1831 735 1891 quae
748 1822 793 1873 est
805 1817 976 1875 etiamnunc
988 1818 1017 1874 in
1028 1818 1106 1893 loro,
1118 1828 1150 1881 21

85 1898 189 1959 mitem
200 1896 232 1958 t.
243 1896 369 1955 hlinuoio
383 1896 534 1973 praelecto
548 1914 679 1956 annonae
694 1905 775 1956 extra
790 1906 903 1976 portam
919 1896 1110 1975 Trigeminam

119 1980 246 2039 unciario
262 1980 339 2057 stipe
354 1979 467 2039 conlata
481 2014 523 2023 -
538 1982 639 2041 nescio
657 1999 693 2039 nn
716 1982 807 2058 primo
823 1980 935 2042 honore
960 1982 1008 2041 tali
1027 2001 1110 2062 apo-

119 2062 200 2141 pulo,
217 2070 301 2123 antea
315 2063 391 2123 enim
405 2081 421 2123 a
433 2072 535 2123 seuntn
544 2072 606 2125 erat
621 2098 670 2140 -,
682 2063 831 2142 praeclara
844 2084 906 2142 res,
923 2066 977 2125 nisi
993 2067 1107 2127 irivolis

103 2147 270 2225 coepisset
283 2146 383 2207 initiis.
405 2164 524 2225 namque
542 2156 572 2209 et
582 2146 645 2207 Atti
656 2146 728 2207 Navi
742 2156 834 2207 statua
852 2149 905 2209 luit
920 2158 987 2209 unte
1003 2152 1110 2210 curiam

120 2264 157 2275 -
171 2230 249 2291 basis
260 2232 323 2291 eius
335 2228 523 2307 conflagravit
534 2232 613 2291 curia
623 2232 741 2291 incensa
753 2230 834 2291 Publi
848 2230 930 2293 clodi
942 2232 1044 2294 iuuere
1055 2270 1108 2311 -,
1152 2262 1156 2274 ¹

83 2314 171 2375 miuit
185 2323 216 2375 et
229 2312 401 2375 Hermodori
415 2312 536 2391 Ephesii
554 2316 582 2374 in
598 2316 732 2390 comitio,
753 2314 850 2393 legum
867 2323 938 2395 quas
952 2316 1107 2378 decemviri

118 2396 284 2458 scribebant
295 2398 479 2475 interpretis,
494 2398 610 2475 publice
624 2398 726 2458 dicata.
753 2398 809 2458 alia
826 2418 923 2477 causa,
940 2400 994 2460 alia
1007 2410 1103 2462 aucto·
1115 2414 1150 2465 Ὦ

118 2480 187 2539 ritus
199 2478 298 2541 lloruti
312 2478 431 2541 Coclitis
450 2489 573 2561 statuae,
588 2499 662 2559 quae
673 2482 755 2541 durat
768 2480 924 2561 hodieque,
940 2502 1002 2543 oum
1013 2484 1106 2545 hostis

118 2579 134 2621 a
150 2570 239 2641 ponte
254 2564 376 2625 sublicio
392 2564 473 2625 solus
490 2566 642 2629 arcuisset.
678 2564 812 2641 equidem
833 2575 863 2626 et
878 2562 1007 2642 Sibyllae
1029 2569 1107 2629 iuxta

120 2653 216 2706 rostra
245 2664 313 2706 esse
334 2665 391 2707 non
412 2650 518 2725 miror,
544 2656 606 2709 tres
629 2649 685 2708 sint
705 2648 789 2709 licet:
816 2667 871 2708 una
900 2667 983 2727 qnam
1000 2650 1107 2711 Sextus

85 2728 240 2788 noPacuius
257 2727 366 2789 Taurus
383 2730 445 2790 aed.
462 2731 500 2809 pl.
517 2733 661 2807 restituit,
677 2729 750 2791 duae
762 2750 833 2810 quas
845 2731 882 2791 hl.
898 2731 1032 2795 blessala.
1049 2737 1107 2814 pri-

119 2830 179 2873 mas
195 2820 325 2890 putarem
335 2811 387 2873 hus
399 2823 429 2873 et
444 2815 506 2873 Atti
518 2814 603 2893 Navi,
619 2815 731 2893 positas
744 2823 842 2875 aetate
855 2813 989 2894 Tarquini
1004 2818 1106 2897 Prisci,

118 2897 148 2955 ni
173 2913 277 2971 regum
300 2896 530 2957 antecedentium
557 2906 658 2959 essent
685 2898 715 2966 iu
737 2896 891 2976 capitolio.
936 2900 964 2960 6.
986 2895 1032 2959 lix
1058 2901 1150 2969 his23

118 2978 234 3039 Romuli
248 2987 279 3038 et
290 2976 352 3037 Tati
368 2980 431 3039 sine
447 2983 557 3057 tunica,
573 2984 648 3042 siem
663 2990 693 3041 et
708 2978 818 3041 Camilli
832 2982 863 3041 in
874 2983 979 3042 rostris
995 2992 1025 3042 et
1039 2994 1106 3047 ante

118 3062 220 3123 aedem
238 3059 388 3123 Castorum
402 3062 458 3121 luit
470 3060 504 3134 Q.
522 3062 610 3125 blarci
626 3062 751 3124 Tremuli
768 3067 913 3142 equestris
925 3074 1038 3144 togata,
1058 3072 1105 3145 qui

85 3144 263 3207 arsinoiten
274 3146 320 3207 bis
338 3144 485 3206 devicerat
504 3156 645 3226 captaque
661 3146 793 3223 Anagnia
809 3148 946 3226 populum
960 3150 1105 3229 stipendio

119 3228 302 3290 liberaverat.
323 3230 399 3289 iuter
410 3231 621 3308 antiquissimus
633 3238 700 3290 sunt
713 3238 743 3289 et
755 3230 829 3292 Tulli
843 3229 949 3309 Cloeli,
959 3232 989 3293 L.
1004 3232 1104 3312 llosci,
1200 3255 1205 3267 *

111 3312 205 3390 ¹Spuri
225 3312 328 3389 Nunti,
346 3306 378 3373 ὓ.
404 3312 515 3374 Fulcini
541 3315 569 3373 in
590 3314 713 3388 rostris,
736 3330 752 3373 u
772 3312 958 3377 Fidenatibus
979 3318 1009 3377 iu
1027 3318 1106 3397 lega·

119 3397 200 3457 tione
221 3395 447 3465 interfectorum.
483 3397 541 3457 hoc
561 3416 577 3459 a
597 3415 632 3457 re
652 3396 767 3476 publica
789 3399 876 3460 tribui
898 3399 1012 3461 solebat
1033 3403 1149 3465 inlu-24
