2484 3817
148 162 188 225 38
492 173 520 221 c.
536 175 632 221 auum
648 174 798 223 saeuum

147 330 190 389 ria
207 329 320 404 caesis,
340 328 415 403 sicut
435 327 499 387 aliis
524 336 554 387 et
575 326 605 386 P.
626 327 725 405 lunio,
748 328 790 387 Ti.
815 326 1014 403 Coruncanio,
1035 330 1082 406 qui
1105 330 1142 390 ab

148 411 240 471 l'euta
259 410 424 486 lllyriorum
448 412 551 488 regina
572 412 720 472 interfecti
741 420 832 472 erant.
875 429 934 471 non
954 412 1144 473 omittendum

147 496 262 554 videtur
284 494 361 571 quod
382 494 501 554 annales
525 493 703 555 adnotavere
725 495 908 574 tripedaneas
926 496 962 555 iis
983 504 1092 565 statuas
1111 498 1144 555 in

147 580 213 639 foro
238 585 369 636 statutas.
404 577 478 637 baec
498 577 637 637 videlicet
662 596 796 639 mensura
817 578 958 638 bonorata
979 587 1046 639 tuno
1067 588 1142 639 crat.

147 680 205 721 non
220 660 390 739 praeteribo
406 669 436 721 et
453 660 505 721 Gn.
522 660 671 721 Octavium
686 662 725 722 ob
740 681 825 722 unum
838 662 867 720 S.
884 660 915 720 G.
935 662 1061 722 verbum
1095 662 1165 726 frica

147 763 248 823 regem
270 743 443 817 Antiochum
472 744 601 806 daturum
630 764 664 804 se
693 763 866 823 responsum
889 744 1032 805 dicentem
1059 747 1143 823 virga

115 884 122 901 ,
147 846 230 907 qnam
245 827 363 887 tenebat
376 827 454 887 forte
467 829 694 906 circumscripsit
703 830 842 906 priusque
853 844 936 906 quam
948 828 1143 906 egrederetur

147 911 257 972 circulo
274 910 324 970 illo
341 928 514 989 responsum
534 909 604 969 dare
625 913 733 988 coegit.
775 914 804 972 in
818 929 872 989 qua
888 911 1036 988 legatione
1053 914 1143 972 inter·
1222 965 1231 983 ,

147 997 227 1056 fecto
252 1002 370 1055 senatus
393 996 515 1053 statuam
535 996 603 1071 poni
632 996 719 1055 iussit
748 1013 851 1074 quam
883 994 1141 1055 oculatissimo

104 1090 138 1144 25
150 1079 253 1153 loco,
269 1094 361 1153 eaque
377 1085 424 1136 cst
439 1078 468 1135 in
484 1078 598 1137 rostris.
632 1080 778 1139 invenitur
799 1086 892 1139 statua
907 1078 1027 1139 decreta
1043 1087 1074 1138 ct
1089 1077 1177 1146 'fa-10

148 1162 243 1222 raciae
262 1158 350 1219 Gaiae
372 1162 435 1218 sive
450 1158 583 1218 Fufetiae
600 1162 707 1238 virgini
722 1160 855 1238 Vestali,
876 1169 913 1221 nt
935 1171 1143 1239 poneretur

148 1246 208 1303 ubi
226 1241 362 1318 vellet,
385 1242 462 1318 quod
478 1241 618 1303 adiectum
640 1262 699 1304 non
712 1247 804 1304 minus
821 1246 941 1305 honoris
957 1245 1045 1306 habet
1059 1263 1142 1323 quam

147 1328 270 1387 feminae
302 1344 370 1386 csse
397 1325 553 1385 decretam.
595 1329 727 1387 meritum
749 1331 811 1388 eius
834 1330 906 1407 ipsis
932 1345 1036 1413 ponam
1058 1346 1142 1389 anna·
1190 1327 1193 1338 '

147 1413 215 1471 lium
240 1409 354 1469 verbis:
386 1408 480 1487 quod
503 1428 660 1490 campum
678 1411 896 1471 Tiberinum
920 1413 1141 1488 gratificata

148 1493 476 1573 essetcapopulo.
1151 1520 1175 1559 rs

105 1590 139 1645 26
216 1576 298 1657 (12.)
319 1576 440 1637 Invenio
466 1586 496 1637 et
518 1576 704 1655 Pythagorae
733 1587 763 1638 et
789 1578 932 1639 Alcibiadi
953 1573 982 1638 in
1003 1580 1140 1647 cornibus

148 1663 245 1723 comiti
265 1662 395 1739 positas,
419 1678 481 1720 cum
503 1660 583 1721 bello
598 1662 717 1721 Samniti
733 1662 842 1740 Apollo
864 1661 984 1738 Pythius
1006 1665 1141 1723 iussisset

147 1746 308 1806 fortissimo
322 1744 425 1803 Graiae
441 1746 538 1821 gentis
555 1754 585 1804 et
597 1745 682 1805 alteri
699 1748 912 1823 sapientissimo
925 1746 1074 1806 simulacra
1089 1765 1140 1807 cc·
1218 1810 1229 1819 ,

148 1830 224 1890 lebni
242 1829 309 1889 loco
330 1828 429 1886 dicari.
468 1845 521 1887 eae
544 1837 656 1889 stetere
678 1830 772 1889 donec
786 1829 866 1891 Sulla
888 1830 1012 1890 dictator
1029 1831 1069 1890 ibi
1091 1848 1140 1889 cu·

148 1917 219 1974 riam
236 1914 358 1973 faceret.
396 1914 554 1989 mirumque
579 1921 626 1971 cst
643 1912 711 1971 illos
728 1922 827 1991 patres
842 1912 954 1974 Socrati
977 1916 1086 1973 cunctis
1102 1914 1138 1973 ab
1149 1938 1175 1977 ao

150 1997 253 2058 eodem
276 1996 331 2055 deo
356 1996 497 2072 sapientia
526 1994 659 2073 praelato
678 1995 863 2072 Pythagoran
890 1996 1065 2075 praetulisse
1090 2006 1139 2057 aut

149 2090 192 2141 tot
215 2080 278 2139 aliis
300 2079 407 2139 virtute
428 2077 600 2138 Alcibiaden
631 2087 662 2138 et
688 2097 857 2158 quemquam
880 2088 1004 2158 utroque
1025 2079 1138 2140 Themi-

89 2160 139 2230 lat
152 2164 246 2225 siocli.
272 2159 471 2221 Columnarum
487 2163 561 2221 ratio
576 2170 638 2221 erat
655 2163 748 2222 attolli
763 2180 851 2240 super
866 2172 984 2223 ceteros
996 2163 1135 2237 mortalis,

149 2246 225 2327 quod
240 2254 270 2306 et
285 2262 367 2305 arcus
384 2246 545 2322 significant
560 2247 677 2305 novicio
695 2248 822 2306 invento.
854 2249 961 2324 primus
976 2255 1066 2306 tamen
1084 2246 1137 2305 lro·

148 2348 201 2391 nos
219 2330 317 2406 coepit
333 2346 348 2387 a
366 2327 500 2405 Graecis,
516 2328 645 2407 nullique
659 2330 785 2389 arbitror
800 2330 890 2407 pluris
904 2338 1010 2389 statuas
1027 2329 1137 2389 dicatas
1148 2350 1176 2390 aa

149 2432 231 2493 quarn
246 2412 388 2471 Phalereo
400 2412 550 2473 Demetrio
566 2412 701 2489 Athenis,
718 2412 858 2491 siquidem
871 2411 995 2490 GGGLX
1009 2421 1138 2474 statuere

148 2498 272 2558 nondum
292 2512 366 2555 anuo
390 2495 464 2554 bunc
485 2514 632 2556 numerum
651 2496 762 2557 dierum
781 2497 961 2573 excedente,
985 2514 1055 2575 quas
1069 2515 1140 2557 mox

149 2582 327 2643 laceravere.
364 2587 526 2639 statuerunt
555 2588 586 2639 et
605 2579 716 2640 Romae
739 2582 769 2639 in
791 2581 922 2640 omnibus
945 2582 1018 2639 vicis
1044 2581 1139 2640 tribus

96 2664 138 2727 las,
153 2686 184 2719 ce
197 2663 289 2723 llario
317 2662 499 2738 Gratidiano,
529 2671 559 2722 ut
588 2662 727 2739 diximus,
759 2664 932 2742 easdemque
962 2665 1139 2724 subvertere

150 2748 246 2808 Sullae
261 2748 388 2807 introitu.
1148 2762 1175 2803 ao

107 2844 142 2898 28
215 2830 295 2911 (13.)
316 2828 474 2890 Pedestres
496 2831 559 2889 sinc
580 2830 668 2890 dubio
683 2829 793 2890 Romae
809 2832 892 2891 fuere
913 2831 943 2890 iu
964 2831 1138 2918 auctoritate

149 2916 240 2993 longo
263 2923 410 2992 tempore,
433 2922 463 2973 et
485 2914 663 2990 equestrium
682 2921 776 2973 tamen
800 2916 884 2990 origo
899 2931 1037 2991 perquam
1052 2920 1138 2972 vetus

150 3009 196 3060 est
218 3015 281 3057 eum
300 2999 413 3057 feminis
437 2998 522 3057 ctiam
537 2995 650 3056 bonore
672 2999 878 3057 communicato
894 2993 1024 3057 Gloeliac
1042 3004 1140 3057 statua

151 3082 296 3161 equestri,
313 3097 366 3139 ceu
380 3097 478 3157 parum
494 3088 574 3139 esset
586 3087 655 3156 toga
671 3098 733 3139 eam
747 3082 841 3156 cingi,
857 3075 920 3140 cum
934 3078 1089 3141 Lucretiae
1104 3097 1139 3139 ac

149 3166 256 3238 Bruto,
279 3164 326 3240 qui
348 3162 519 3240 expulerant
534 3180 624 3239 reges
641 3172 763 3241 propter
778 3181 851 3243 quos
867 3161 980 3224 Gloclia
991 3165 1069 3223 inter
1087 3164 1139 3222 ob·
1150 3183 1177 3224 aa

108 3260 141 3313 aa
154 3248 231 3307 sides
245 3247 355 3322 fuerat,
370 3262 428 3304 non
444 3244 680 3307 decernerentur.
712 3246 785 3306 hanc
801 3247 918 3323 primam
934 3264 997 3306 cum
1015 3243 1139 3305 Coclitis

151 3330 265 3409 publice
286 3329 406 3389 dicatam
428 3328 617 3403 crediderim,
641 3364 677 3374 -
699 3330 770 3389 Atto
787 3330 862 3388 cuim
877 3346 911 3389 ac
925 3329 1054 3405 Sibyllae
1067 3328 1140 3389 'far-

153 3414 277 3490 quiuium
293 3430 325 3471 ac
343 3428 430 3487 reges
447 3411 503 3470 sibi
524 3413 605 3490 ipsos
620 3414 756 3491 posuisse
771 3412 929 3473 verisimile
944 3420 1009 3489 est,
1023 3447 1064 3457 -
1079 3414 1139 3472 nisi
