2484 3817
319 216 400 265 nnr.
416 216 505 265 nrsr.
520 217 604 264 m.
620 216 664 269 15.
682 216 724 270 16.
742 212 889 279 (tt—oo)
1043 208 1105 272 259

107 371 199 435 inlitis
214 371 436 449 adalligatisque
446 372 527 449 pelle
538 373 659 431 arietina
672 371 796 449 tradunt,
811 374 878 432 item
889 374 1103 454 cuiuscumque,

107 459 136 517 si
150 475 215 515 cum
230 456 370 532 sauguine
389 455 543 531 gallinacei
564 456 643 515 lecto
664 454 848 516 subiciantur.
879 466 986 534 cogunt
1008 460 1104 519 conci-

105 558 182 619 pere
197 541 303 599 inritas
315 547 414 598 saetae
430 556 467 598 ex
482 539 572 598 cauda
593 538 700 613 mulae,
717 540 741 597 si
758 540 860 598 iuuetis
877 542 1048 618 evellantur,
1063 544 1104 601 in·

105 632 155 683 tor
169 640 203 682 se
220 622 385 699 conligatae
399 625 427 680 in
441 623 528 682 coitu
565 623 620 696 Qui
639 623 667 681 in
682 624 791 682 urinam
809 626 886 682 canis
904 642 983 685 suam
999 637 1148 701 eges-143

80 703 297 767 sseritdicitur
312 706 348 765 ad
363 723 499 765 venerem
520 706 631 783 pigrior
649 707 721 765 lieri.
753 708 853 765 mirum
873 716 902 765 et
922 709 958 767 de
973 710 1104 769 stelionis

105 792 224 864 cincre,
241 792 265 850 si
285 807 385 848 verum
410 799 469 866 est,
491 791 645 849 linamento
666 789 822 849 involutum
843 791 870 849 in
892 793 1005 851 sinistra
1021 808 1104 851 manu

105 891 245 933 venerem
269 873 431 949 stimulare,
455 874 480 932 si
505 873 707 949 transferatur,
737 882 836 933 contra
863 874 1011 950 inhibere,
1037 878 1104 935 itam

106 958 277 1033 sanguinem
301 956 455 1016 collectum
468 956 566 1017 docco
587 958 824 1035 suppositumque
845 960 931 1035 capiti
955 958 1104 1018 mulierum

105 1040 254 1100 libidinem
276 1056 397 1099 murore
425 1048 472 1099 aut
493 1041 604 1099 anseris
626 1040 750 1116 linguam
777 1042 805 1099 in
829 1040 895 1099 cibo
914 1043 963 1101 vel
985 1044 1104 1120 potione

69 1140 169 1185 ausum
191 1134 257 1183 tarn.

171 1142 258 1286 lbtt.)
280 1206 459 1267 Phthiriasim
475 1216 505 1266 et
519 1209 606 1267 totius
624 1209 758 1286 corporis
775 1216 843 1285 pota
858 1206 1021 1268 membrana
1039 1226 1083 1267 se·
1096 1218 1147 1271 144

105 1293 233 1353 nectutis
248 1291 381 1366 anguium
398 1290 492 1350 triduo
503 1300 605 1365 necat,
631 1308 724 1350 serum
747 1298 882 1369 exempto
901 1308 989 1353 casco
1006 1301 1104 1371 potum

105 1394 173 1436 cum
192 1376 300 1450 exiguo
313 1374 386 1434 sals.
409 1372 532 1451 Caseus,
551 1376 575 1433 si
590 1374 741 1434 cerebrum
757 1375 896 1435 mustelae
916 1377 1039 1451 coagulo
1056 1376 1103 1435 ad·

107 1459 202 1532 datur,
217 1467 324 1534 negant
340 1459 484 1535 corrumpi
502 1467 644 1518 vetustate
660 1467 737 1517 anta
755 1456 881 1516 muribus
897 1461 1005 1535 attingi.
1028 1460 1104 1518 aius·

71 1561 98 1602 aa
108 1543 175 1603 dem
191 1540 356 1621 [mumolus]
372 1542 445 1601 cinis
460 1543 484 1599 si
500 1542 582 1600 detur
595 1542 765 1617 gallinaceis
779 1541 865 1618 pullis
882 1549 910 1599 st
924 1542 1105 1619 columbinis,

107 1635 186 1686 tutos
203 1642 269 1685 esse
285 1623 453 1683 amustelis.
483 1624 674 1683 lamentorum
695 1627 794 1683 urinae
817 1625 939 1681 tormina
960 1626 1103 1703 vesperti-

106 1710 188 1769 lione
203 1707 357 1783 adalligato
375 1708 521 1782 liniuntur,
542 1708 711 1765 verminatio
725 1714 769 1765 ter
785 1705 952 1764 circumlato
968 1708 1103 1766 verendis

106 1792 252 1870 palumbe.
274 1793 374 1849 mirum
386 1790 472 1865 dictu,
480 1788 621 1865 palumbis
633 1791 753 1847 emissus
764 1788 883 1847 moritur
894 1789 1103 1866 iumentumque

107 1875 248 1938 liberatur
263 1872 423 1932 confestim.

69 1977 100 2018 ao
173 1960 256 2041 (51.)
275 1956 407 2020 Ebriosis
422 1974 476 2017 ova
487 1962 612 2015 noctuae
625 1972 678 2033 per
692 1954 813 2015 triduum
831 1954 894 2016 data
909 1957 1014 2015 inviro
1027 1964 1145 2020 tae-145

109 2046 185 2107 dium
203 2047 266 2105 eius
283 2043 433 2103 adducunt.
468 2040 636 2100 ebrietatem
652 2048 732 2097 arcet
749 2039 890 2117 pecudum
906 2058 988 2099 assus
1005 2040 1102 2118 pulmo

108 2138 321 2210 praesumptus.
348 2125 505 2185 hirundinis
527 2124 614 2182 rostri
637 2123 708 2181 ciuis
725 2140 786 2181 cum
802 2141 896 2182 murra
918 2126 1001 2183 tritus
1024 2132 1053 2182 et
1075 2124 1103 2181 in

106 2216 178 2273 rino
200 2212 276 2289 quod
296 2209 410 2269 bibetur
421 2210 571 2285 inspersus
586 2224 707 2265 securos
724 2206 882 2284 praestabit
898 2225 914 2265 a
928 2207 1102 2266 temulentia.

107 2298 219 2357 invenit
232 2294 291 2353 hoc
306 2292 381 2355 Orus
395 2292 578 2365 Assyriorum
596 2307 658 2350 rer.

69 2404 99 2442 25
174 2377 258 2458 (52.)
280 2376 399 2436 Praeter
415 2374 489 2434 haec
504 2380 568 2432 sunt
586 2372 721 2433 notabilia
737 2372 896 2432 animalium
912 2372 1016 2433 adhoc
1031 2382 1145 2437 vri-146

108 2465 207 2524 lumen
229 2461 442 2539 pertinentium:
460 2456 670 2534 Gromphenam
687 2473 768 2515 avem
781 2456 975 2517 Sardinianam
989 2464 1103 2515 narrant

108 2548 174 2625 grui
190 2544 325 2619 similem,
343 2544 469 2620 ignotam
486 2542 541 2600 ianr
555 2543 639 2599 etiam
659 2538 774 2614 Sardis,
798 2548 828 2598 ut
843 2542 984 2599 existimo.
1013 2541 1041 2598 in
1056 2556 1102 2598 ea-

110 2632 176 2690 dem
197 2628 346 2707 proviucia
370 2625 494 2703 ophion,
517 2625 613 2683 cervis
629 2632 734 2682 tautum
755 2622 816 2700 pilo
838 2624 937 2682 similis
957 2641 1013 2681 nec
1035 2621 1103 2681 alibi

108 2730 244 2774 nascens.
277 2709 361 2768 iidem
386 2717 519 2767 auctores
541 2706 704 2783 subiugum,
734 2704 810 2783 quod
836 2725 891 2766 uec
917 2706 1001 2784 qbrale
1024 2714 1103 2764 esset

71 2794 214 2859 soanimal
235 2810 291 2853 nec
312 2792 359 2850 uhi
384 2800 554 2851 nasceretur
577 2789 761 2850 tradiderunt.
797 2788 887 2848 fuisse
912 2788 1023 2867 quidem
1045 2806 1102 2848 non

111 2880 228 2952 dubito,
252 2892 315 2936 cum
338 2883 367 2933 et
382 2873 541 2935 medicinae
563 2890 600 2931 ex
619 2890 655 2932 eo
678 2872 732 2931 sint
747 2874 968 2932 demonstratae.
984 2909 986 2915 ·
1000 2872 1039 2931 bl.
1055 2871 1104 2931 ot-

111 2980 184 3025 cero
209 2960 296 3020 tradit
322 2957 451 3017 animalia
474 2956 575 3015 biuros
598 2956 698 3015 vocari
724 2958 772 3032 qui
797 2956 862 3015 vitis
887 2960 916 3013 in
946 2954 1102 3033 Campania

110 3046 243 3109 erodant.

175 3128 224 3189 16.
246 3125 330 3203 (53.)
349 3123 472 3201 Reliqua
493 3121 632 3182 mirabilia
655 3141 691 3181 ex
710 3122 745 3180 iis
765 3139 838 3199 quae
861 3119 995 3180 diximus:
1025 3137 1082 3180 non
1093 3128 1142 3185 147

72 3228 103 3272 ao
113 3213 213 3274 latrari
230 3228 245 3269 a
262 3227 333 3270 eane
347 3206 538 3265 membranam
552 3224 589 3264 ex
604 3206 736 3265 secundis
753 3207 830 3263 canis
841 3203 991 3263 habentem
1004 3214 1051 3263 aut
1062 3204 1102 3262 le-

111 3298 196 3378 poris
211 3296 304 3355 dmum
319 3291 367 3351 rel
383 3289 458 3368 pilos
479 3297 632 3349 tenentem.
660 3290 688 3347 in
703 3288 822 3347 culicum
839 3304 948 3362 genere
962 3288 1103 3345 muliones

111 3396 171 3441 non
195 3377 314 3454 amplius
330 3392 411 3454 quam
429 3389 484 3431 uno
503 3371 547 3431 die
563 3373 678 3447 vivere,
699 3386 808 3445 eosque
830 3371 877 3445 qui
892 3369 1029 3429 arborarii
1044 3370 1103 3448 pici

110 3472 239 3526 rostrum
253 3459 377 3519 habeant
392 3467 421 3516 et
436 3456 520 3515 mella
536 3456 661 3514 eximant
674 3454 710 3512 ab
726 3452 826 3531 apibus
841 3453 1021 3597 ῃοῗάαέῐίιιςί.
1037 3467 1104 3531 por-
