2484 3817
153 117 215 178 tot
297 110 305 127 ⁴
395 172 399 176 .
495 127 638 176 earnm
655 126 804 176 sneunnr
863 151 868 164 ·

152 300 269 364 qnoque
289 289 402 360 partem
419 283 582 359 attingere,
604 299 668 345 cum
683 280 733 341 lex
749 280 860 348 Metilio
880 289 978 364 exstet
992 281 1153 345 fullonibus
1224 285 1225 292 ’

152 363 369 444 dictaqnamG.
385 363 587 427 Flamininsb.
603 365 745 425 Aemilius
766 382 907 426 censores
925 353 1034 427 dedere
1049 365 1085 426 ad
1099 386 1155 446 po·

110 462 162 517 198
172 450 270 529 pulum
283 447 440 508 ferendam
475 448 549 509 adeo
570 450 671 508 omnia
683 448 838 508 maioribus
851 467 938 510 curae
951 449 1043 510 inere.
1078 469 1153 529 crgo

154 533 226 595 ordo
244 531 292 592 hic
302 540 364 592 est:
382 533 503 610 primum
514 532 640 593 abluitur
654 533 745 592 vestis
759 531 860 610 Sarda,
876 533 943 593 dein
957 530 1076 618 sulpure
1092 537 1154 596 suf·

153 619 236 694 fitur,
252 632 321 675 mox
337 614 541 693 desquamatur
556 614 677 676 Cimolia
691 633 765 694 quae
784 624 830 676 εει
844 616 954 684 coloris
971 619 1043 677 veri.
1073 618 1153 680 inea·
1143 644 1172 682 -ε
1224 615 1225 672 l

156 711 201 761 tus
219 701 296 761 enim
312 698 540 777 deprehanditur
554 701 753 777 nigrescitque
769 707 800 759 et
818 699 946 761 funditur
961 701 1091 779 sulpure,
1102 721 1155 762 ve-

153 791 318 845 rosentem
339 791 370 843 et
386 784 536 861 pretiosos
559 783 814 843 coloresemollit
830 781 951 844 Cimolia
974 793 1004 844 et
1030 785 1155 862 quodam

152 871 249 929 nitore
261 866 407 927 exhilarat
419 870 608 927 contristatos
620 867 748 946 sulpure.
768 867 895 926 candidis
908 868 1040 928 vestibus
1052 886 1154 929 saxum
1224 917 1225 932 .

152 953 251 1012 utilius
272 950 440 1028 asulpnre,
462 952 607 1010 inimicum
625 951 783 1011 coloribus.
814 949 936 1012 Graecia
959 969 1014 1030 pro
1031 949 1154 1013 Cimolia
1224 959 1225 1020 l

154 1035 330 1113 Tymphaico
345 1035 436 1093 utitur
450 1052 555 1112 gypso.
1163 1059 1186 1099 ro
1224 1027 1225 1092 l

106 1132 162 1186 -199
236 1117 321 1197 (58.)
344 1117 408 1178 ntia
425 1127 506 1178 creta
526 1119 690 1195 argentaria
707 1117 870 1197 appellatur
887 1119 1012 1179 nitorem
1029 1129 1154 1196 argento

152 1202 288 1264 reddens.
308 1209 355 1261 est
369 1209 399 1261 et
415 1201 555 1260 vilissima
571 1219 626 1280 qna
643 1202 749 1260 circum
764 1201 948 1280 praeducere·
960 1203 995 1263 nd
1009 1205 1155 1280 victoriae

153 1293 250 1346 notam
264 1285 416 1364 pedesque
437 1285 581 1344 renalium
598 1288 780 1346 transmaria
803 1286 988 1347 advectorum
1012 1287 1155 1348 denotare

153 1371 340 1429 instituerunt
365 1371 508 1444 maiores,
532 1367 676 1446 talemque
698 1367 851 1429 Publilium
866 1369 1002 1430 Lochinm
1022 1373 1156 1432 mimicae

153 1471 278 1513 scaenae
290 1452 471 1513 conditorem
484 1461 514 1512 ει
528 1451 708 1528 astrologiae
721 1453 927 1513 consobrinum
936 1455 998 1514 eius
1006 1449 1156 1514 Manilium
1165 1473 1186 1511 rs

153 1536 345 1614 Antiochum,
360 1537 430 1597 item
445 1537 646 1614 grammaticae
659 1535 821 1596 Staberium
829 1535 950 1598 Erotem
964 1537 1068 1602 eadem,
1080 1557 1156 1599 nave

110 1632 163 1684 200
176 1621 315 1681 advectos
334 1619 435 1680 videre
453 1621 563 1698 proavi.
610 1620 660 1680 18.
677 1619 735 1681 Sed
757 1620 824 1698 quid
844 1621 899 1681 hos
920 1622 1031 1682 referat
1048 1621 1155 1700 aliquis

153 1705 314 1765 litterarum
341 1703 455 1763 honore
485 1701 721 1764 commendatos?
758 1705 845 1764 talem
871 1707 900 1764 in
921 1714 1029 1765 catasta
1052 1706 1156 1766 videre

155 1787 362 1865 Chysogounm
380 1787 496 1863 Sullae,
510 1786 703 1866 Amphionem
718 1785 752 1859 Q.
770 1787 880 1865 Catuli,
894 1797 1041 1849 rectorem
1054 1788 1088 1847 L.
1100 1789 1157 1848 Lu·
1224 1839 1225 1842 ,

153 1872 232 1949 oulli,
247 1871 426 1932 Demetrium
437 1870 576 1948 Pompei,
590 1871 755 1950 Augenquc
768 1871 925 1950 Demetrii,
942 1890 1112 1950 quamquam
1125 1883 1156 1933 et
1166 1892 1188 1930 no

152 1958 217 2034 ipsa
233 1954 353 2033 Pompei
373 1954 482 2014 credita
497 1962 558 2031 est,
584 1953 778 2032 Hipparchum
798 1955 835 2015 lll.
852 1956 979 2032 Antoni,
998 1955 1113 2016 lienam
1126 1966 1157 2016 et

153 2038 342 2099 Menecraten
359 2037 427 2098 Sex.
444 2037 564 2116 Pompei
580 2037 712 2115 aliosque
729 2038 868 2117 deinceps
885 2058 958 2117 quos
980 2057 1157 2100 enumerare

153 2124 209 2181 iam
226 2139 284 2181 non
303 2130 351 2183 est
370 2124 511 2199 sanguine
532 2118 685 2192 Qniritium
712 2130 742 2182 et
763 2124 1007 2201 proscriptionum
1033 2124 1158 2184 licentia

110 2216 161 2270 nol
177 2204 292 2265 ditatos.
321 2205 378 2265 hoe
393 2215 439 2266 est
454 2208 568 2283 insigne
579 2205 729 2265 venaliciis
746 2207 885 2283 gregibus
904 2207 1157 2286 opprobriumque

153 2289 310 2349 insolentis
335 2291 487 2368 fortunae,
509 2289 586 2367 qnod
606 2297 637 2348 et
651 2307 705 2349 nos
722 2290 796 2349 adeo
812 2291 901 2368 potiri
917 2305 1013 2351 rerum
1029 2290 1190 2350 vidimuses

153 2381 186 2432 ut
207 2373 355 2449 praetoria
378 2392 494 2452 quoque
519 2379 687 2433 ornamenta
715 2373 832 2434 decerni
861 2392 878 2433 a
905 2383 1007 2438 senatu
1031 2373 1158 2435 iubente

154 2456 317 2534 Agrippina
343 2458 442 2520 Claudi
456 2457 595 2518 -Caesaris
613 2459 793 2535 videremus,
817 2467 982 2539 tantumque
1007 2476 1067 2518 non
1087 2477 1156 2517 cnm

159 2544 296 2604 laureatis
327 2543 455 2605 fascibus
486 2543 593 2602 remitti
620 2543 672 2603 illo
701 2542 776 2602 unde
804 2545 922 2602 cretatis
953 2542 1078 2623 pedibus
1103 2542 1157 2601 ad·

154 2627 312 2684 venissent.

111 2717 164 2770 202
220 2706 268 2767 19.
284 2708 368 2784 (59.)
385 2705 543 2765 Praeterea
558 2714 624 2765 sunt
638 2723 748 2783 genera
764 2713 860 2766 terrae
878 2707 1068 2785 proprietatis
1082 2725 1157 2767 suae
1167 2721 1190 2761 no

111 2789 131 2831 ⁸
142 2790 166 2823 ⁷⁸
142 2792 216 2865 ⁴,de
236 2790 370 2867 qnibus'
361 2808 417 2849 ram
432 2788 573 2865 diximus,
596 2790 649 2848 sed
667 2797 697 2848 et
716 2789 854 2850 hocloco
870 2789 1015 2850 reddenda
1033 2797 1156 2850 natura:

157 2892 195 2934 ex
210 2871 310 2933 Galata
325 2873 419 2932 insula
436 2881 467 2933 et
480 2873 557 2931 circa
572 2870 710 2950 Clupeam
725 2873 789 2933 Af
765 2891 844 2934 ricae
861 2875 1032 2952 scorpiones
1054 2882 1158 2952 necet,

153 2956 274 3019 baliaris
290 2966 321 3018 et
334 2954 492 3016 Ebusitana
506 2958 662 3035 serpentis.
