2484 3817
12 267 16 272 ,
129 206 172 268 at
441 215 472 264 c.
486 215 583 264 11111
597 215 726 266 seuam

90 384 142 440 tto
205 372 253 432 19.
274 372 377 450 (106.)
409 369 507 432 Herba
525 371 556 428 in
571 371 668 447 eapite
682 375 796 428 statuae
811 376 880 428 nata
893 367 1020 428 collecta
1034 369 1065 428 in
1075 387 1128 429 ve·

129 460 186 516 stis
204 455 325 514 alicuius
340 472 463 532 pannum
481 463 512 514 ct
531 453 652 530 inligata
666 455 697 512 in
711 451 772 512 lino
792 451 860 512 rulo
874 453 979 530 capitis
1003 451 1127 513 dolores

127 539 265 617 adposita
286 539 441 598 confestim
458 537 562 598 sedare
579 535 709 596 traditur.

191 622 296 699 (1117.)
330 620 428 682 Herba
444 637 641 698 quaecumque
663 638 681 678 1
703 620 774 677 rivis
800 625 849 678 aut
869 617 1032 677 fluminibus
1057 627 1127 678 ante

128 705 205 766 solia
223 713 318 764 ortum
331 704 456 765 collecta
468 705 508 762 ita
519 711 550 761 ut
560 719 647 762 nemo
661 701 849 778 colligentem
860 701 958 760 videat
971 700 1151 777 adalligatus

130 788 218 848 laevo
238 788 375 848 braccbio
395 790 435 848 ita
455 795 486 846 ut
503 803 594 862 aeger
617 785 685 863 quid
701 787 740 844 sit
754 783 825 849 illud
847 786 965 861 ignora
984 785 1125 846 tertianas

129 889 235 932 arcere
254 871 383 930 traditur.
902 878 906 883 '

195 955 299 1032 (108.)
332 954 442 1030 Lingua
463 952 555 1012 berba
575 954 702 1010 nascitur
722 954 800 1011 circa
818 951 916 1012 fontis.
947 949 1032 1010 radix
1060 954 1126 1010 cius

133 1039 284 1098 combusta
298 1046 330 1096 et
347 1040 414 1096 trita
428 1053 490 1096 cum
509 1035 595 1112 adipe
612 1037 672 1093 suis
692 1067 736 1078 -
757 1035 882 1094 adiciunt
897 1043 929 1092 ut
944 1035 1027 1110 nigra
1042 1036 1080 1093 sit
1094 1043 1128 1094 et

134 1122 244 1182 sterilis
262 1153 307 1166 -
321 1119 470 1196 alopecias
486 1117 619 1178 emendat
637 1120 823 1194 unguentium
837 1121 868 1176 11
887 1118 961 1180 sole.
1136 1133 1168 1174 no

89 1215 142 1270 111
206 1203 309 1282 (109.)
340 1200 445 1262 Gribro
462 1204 490 1260 in
508 1201 598 1260 limite
616 1201 732 1260 abiecto
748 1201 858 1261 herbae
876 1203 954 1260 intus
974 1210 1128 1262 entantes

134 1289 292 1364 decerptae
309 1285 538 1363 adalligataeque
553 1284 682 1361 grauidis
697 1295 796 1362 partus
812 1284 988 1344 adcelerant.

194 1369 297 1447 (110.)
327 1367 424 1428 Herba
443 1386 518 1445 quae
537 1369 667 1444 gignitur
686 1386 776 1446 super
793 1369 889 1428 fimeta
918 1369 995 1428 ruris
1023 1377 1128 1429 contra

134 1455 253 1530 anginas
277 1452 478 1512 efficacissime
499 1451 593 1528 pollet
608 1469 647 1510 ex
660 1469 733 1528 aqua
751 1460 829 1529 pota.

196 1536 299 1613 (111.)
327 1534 425 1595 llerba
440 1536 518 1594 iuxta
533 1551 617 1611 quam
637 1553 725 1594 canes
746 1537 856 1594 urinam
875 1535 996 1596 laedunt
1022 1537 1166 1597 evolsus

138 1639 175 1679 ne
191 1621 272 1679 ierro
290 1613 447 1695 attirigatur
463 1618 569 1678 luxatis
583 1618 738 1678 celerrime
752 1618 893 1678 medetur.
950 1652 954 1661 «

94 1712 145 1768 lta
206 1702 308 1780 (112.)
341 1701 545 1780 Rumpotiuum
560 1701 697 1761 arborem
712 1702 970 1762 demonstravimus
990 1705 1068 1762 inter
1080 1721 1128 1763 ar·

93 1785 123 1826 ¹⁴·
136 1787 158 1822 ¹²
179 1786 272 1846 busta.
303 1787 382 1845 iuxta
397 1785 469 1845 hanc
482 1785 594 1844 viduam
609 1787 669 1845 uite
686 1789 814 1846 nascitur
834 1786 925 1847 herba
944 1804 1027 1864 11111
1050 1786 1127 1846 Galli

136 1869 271 1930 rodarum
287 1877 412 1930 vocant.=
427 1869 537 1929 caulem
552 1869 640 1930 habet
655 1871 756 1946 uirgae
774 1869 915 1930 ficulneae
935 1869 1021 1928 modo
1042 1871 1127 1946 geni·

135 1952 275 2028 colatum,
290 1953 361 2012 lolia
375 1954 484 2012 urticae
499 1955 529 2010 in
543 1953 639 2013 medio
654 1953 804 2028 exalbida‚
825 1953 927 2014 eadem
943 1953 1170 2030 procedenteao

136 2042 270 2113 tempore
286 2044 354 2114 ¹tota
369 2034 518 2110 rubentia,
542 2035 644 2093 florem
657 2045 837 2111 argenteum,
852 2039 1008 2114 praecipua
1023 2044 1128 2096 contra

136 2125 265 2178 tumeret
279 2119 472 2192 fervoresque
484 2124 515 2174 et
526 2116 786 2177 collectionescum
793 2121 918 2194 axungia
931 2127 1033 2178 uetere
1040 2127 1127 2179 tunsa

136 2201 176 2258 ita
202 2208 232 2257 ut
257 2200 339 2257 lerro
364 2216 422 2257 uon
434 2201 597 2272 attingatur.
627 2203 675 2274 qui
701 2209 857 2276 perunctus
881 2209 926 2258 est
947 2201 1063 2279 despuit
1088 2203 1128 2262 ad

138 2297 217 2339 suam
230 2280 362 2340 dextram
377 2290 466 2342 terna.
496 2280 642 2339 efficacius
657 2281 814 2341 remedium
830 2301 898 2341 esse
913 2285 1006 2359 aiunt,
1023 2288 1049 2344 si
1062 2293 1127 2346 tres

137 2379 253 2438 quoque
269 2365 353 2422 trium
370 2365 515 2421 nationum
529 2362 660 2422 homines
674 2374 855 2440 perunguant
871 2363 1050 2426 dextrorsus.
1136 2391 1171 2430 aa

96 2456 147 2511 173
211 2445 315 2524 (113.)
344 2444 440 2504 Herba
458 2448 535 2522 inpia
551 2454 671 2504 vocatur
685 2449 801 2523 incana,
826 2449 1003 2507 rorismarini
1020 2451 1128 2530 adspe-

138 2537 208 2605 ctu,
228 2529 319 2604 thyrsi
340 2531 370 2587 in
392 2529 505 2587 modurn
529 2529 738 2606 restituatque
761 2534 894 2607 capitata.
924 2531 991 2590 inde
1008 2532 1059 2592 alii
1081 2553 1130 2595 ra·

137 2612 205 2672 muli
223 2620 383 2686 exsurgunt
397 2629 448 2670 sua
463 2612 586 2689 capitula
604 2621 760 2689 gerentes,
778 2614 816 2671 ob
831 2613 861 2672 id
873 2615 979 2692 inpiam
996 2617 1130 2694 appella·

138 2712 229 2770 vere,
251 2696 384 2770 quoniam
398 2693 491 2754 liberi.
502 2713 590 2773 super
605 2705 755 2772 parentem
770 2696 922 2756 excellant.
957 2698 1005 2757 alii
1026 2703 1129 2777 potius

139 2778 179 2836 ita
197 2775 385 2854 appellatam,
401 2778 478 2854 qnod
493 2779 600 2838 nullum
618 2779 721 2838 animal
741 2798 806 2839 eam
819 2783 957 2857 attingat,
978 2785 1127 2844 existima·
1138 2803 1173 2845 aa

96 2867 149 2923 174
158 2878 238 2918 vere.
268 2858 341 2919 baec
355 2863 432 2918 inter
446 2861 519 2920 duos
535 2862 646 2940 lapides
662 2865 731 2921 trita
742 2864 838 2922 lervet
854 2867 1011 2942 praecipuo
1023 2867 1129 2927 aduer-

140 2961 189 3000 sus
201 2945 321 3019 anginas
337 2959 419 3018 suco,
435 2943 510 3002 laete
527 2953 557 3003 et
574 2948 642 3003 vino
654 2945 788 3004 admixto.
804 2948 903 3005 mirum
915 2948 1035 3008 traditur
1046 2969 1130 3010 num·

108 3055 112 3067 =
138 3041 222 3100 quarn
242 3043 278 3084 eo
293 3024 396 3084 morbo
415 3028 548 3103 temptari
570 3030 617 3103 qui
639 3031 828 3104 gustaverint.
861 3033 960 3108 itaque
982 3040 1013 3091 et
1032 3033 1127 3093 subus

139 3107 216 3181 dari,
228 3109 359 3183 quaeque
370 3108 604 3167 medicamentum
618 3111 648 3170 id
663 3111 809 3173 noluerint
828 3113 944 3173 baurire
961 3132 999 3174 eo
1018 3117 1128 3176 morbo

140 3190 282 3247 interemi.
312 3199 378 3248 sunt
403 3194 450 3268 qui
472 3193 566 3250 avium
589 3193 664 3252 nidis
681 3196 771 3254 inseri
789 3196 896 3274 aliquid
916 3216 955 3257 ex
974 3205 1175 3276 supplentes

139 3278 226 3347 atque
243 3273 283 3329 ita
299 3290 357 3332 uon
372 3274 544 3351 strangulari
561 3277 657 3353 pullos
675 3278 784 3338 avidius
797 3281 971 3340 devorantis.

98 3362 147 3417 115
209 3355 311 3433 (114.)
341 3355 468 3418 Veneris
482 3361 627 3436 pectinem
642 3362 788 3439 appellant
802 3381 818 3422 a
834 3363 1017 3423 similitudine
1032 3367 1127 3440 pecti·

140 3453 204 3494 uum
216 3439 296 3496 cuius
307 3439 389 3500 radix
400 3460 462 3502 cum
473 3443 564 3504 malva
575 3452 657 3504 turnsa
665 3447 880 3525 omniacorpori
889 3445 975 3505 indua
988 3447 1126 3506 extrahit
