2484 3817
150 213 194 276 82
482 223 512 271 c.
527 223 623 272 curru
639 223 788 272 succum

215 378 300 456 (86.)
322 377 369 437 Fit
383 386 414 436 et
428 393 466 436 ex
482 377 642 438 callitriche
656 385 887 436 sternumentum.
921 375 991 436 lolia
1004 383 1069 434 sunt
1082 374 1142 434 len·

151 462 270 536 ticnlse,
287 461 387 520 caules
402 461 477 520 iunci
491 463 583 520 tenuis
603 460 714 535 similis,
729 459 828 519 radice
846 460 976 518 minuma.
1016 461 1144 518 nuscitur

152 547 255 624 opacis
271 553 301 603 et
316 544 428 618 umidis,
444 553 559 620 gustatu
575 544 703 603 fervens.

109 639 163 692 136
215 626 300 706 (87.)
322 626 470 706 llysopnm
488 629 515 685 iu
529 627 597 686 oleo
611 629 761 686 contritum
772 624 920 702 phthiriasi
933 624 1057 697 resistit,
1078 641 1142 700 pru·

151 711 237 788 rigini
251 711 279 769 in
294 712 400 786 capite.
429 718 474 769 est
485 718 579 768 autem
593 720 737 788 optumum
751 707 882 768 Cilicium
896 725 913 765 e
928 708 1024 766 Tauro
1036 715 1166 782 monte,⁵

151 794 220 852 dein
237 793 435 870 Pamphylium
450 809 484 850 ac
497 793 693 867 Zmyrnaeum,
709 792 859 851 stomacho
873 792 1056 850 contrarium.
1076 807 1145 868 pur-

152 884 205 953 gat
219 893 284 935 cum
299 878 356 935 llco
375 884 517 952 sumptum
534 891 587 952 per
602 877 728 949 inferna,
747 893 811 934 cum
828 874 915 934 melle
930 872 1143 932 vomitionibus.

119 979 122 986 ·
153 966 296 1038 putantet
311 960 487 1036 serpentium
504 959 608 1018 ictibus
623 957 788 1033 aduersari,
812 959 906 1016 tritum
929 974 992 1015 cum
1012 957 1099 1016 melle
1115 965 1145 1014 et

152 1043 215 1101 sale
230 1051 259 1100 et
274 1044 397 1101 cumino.

109 1135 161 1189 1³7
214 1124 298 1203 (88.)
320 1123 467 1182 hocchitis
482 1141 556 1198 non,
571 1133 602 1184 ut
619 1125 752 1203 plerique
768 1125 1019 1192 existimaverunt,
1044 1122 1181 1180 eademne

152 1217 200 1266 est
213 1223 289 1284 quae
306 1205 425 1282 xiphion
445 1216 493 1266 aut
514 1205 711 1284 phasganion,
733 1223 901 1284 quamquam
916 1205 1025 1281 cuspidi
1046 1205 1146 1264 similis

24 1353 32 1372 Ι
153 1293 275 1366 semiue,
290 1288 378 1348 habet
393 1292 468 1348 eninr
481 1289 551 1349 folia
569 1292 647 1368 porri
663 1290 793 1349 rubentia
816 1288 851 1347 ad
868 1289 996 1348 radicem
1016 1296 1045 1347 et
1062 1287 1145 1365 plura

152 1388 238 1450 quarn
252 1373 281 1429 ln
295 1372 387 1448 caule,
404 1373 529 1450 capitula
546 1375 681 1451 personis
695 1374 814 1432 comicis
830 1371 944 1443 similia,
962 1388 1078 1449 parvam
1094 1388 1146 1430 ex·

153 1453 318 1513 serentibus
335 1455 471 1532 linguam,
489 1454 635 1515 radicibus
649 1456 826 1534 praelongis.
855 1455 984 1513 nascitur
1005 1456 1033 1512 in
1049 1455 1146 1518 sitien-

109 1547 164 1603 1³8
173 1537 260 1596 tibus.
290 1538 374 1616 (89.)
403 1539 559 1598 ediverso
585 1539 706 1618 xiphion
731 1548 761 1598 et
782 1535 961 1617 phasganion
985 1539 1013 1595 in
1033 1536 1181 1596 umidiore

155 1637 220 1678 cum
237 1622 358 1698 primurn
373 1623 443 1697 exit,
459 1621 537 1697 gladi
553 1622 676 1700 praebet
688 1623 826 1700 speciem,
842 1621 924 1679 caule
938 1621 1023 1680 dnum
1037 1620 1156 1679 cubito·

153 1721 225 1779 rum,
243 1704 341 1763 radice
357 1704 392 1763 ad
407 1705 489 1764 nucis
503 1703 654 1765 abellanae
668 1705 788 1782 ligurum
799 1704 949 1776 fimbriata,
963 1721 1045 1780 quum
1057 1703 1148 1762 eliodi

152 1797 219 1846 aute
233 1789 337 1847 messis
353 1797 478 1866 oportet,
494 1789 598 1848 siccari
612 1791 640 1848 in
650 1788 758 1848 umbra.
776 1788 911 1865 superior
922 1805 989 1864 pars
1005 1788 1066 1845 eius
1082 1803 1147 1844 cum

153 1879 219 1928 ture
234 1871 316 1945 trita,
348 1887 441 1950 aequo
460 1871 590 1949 pondere
604 1873 730 1932 admixto
745 1872 827 1947 vino,
849 1886 916 1929 ossa
937 1870 1028 1946 fracta
1050 1872 1147 1947 capite

152 1953 279 2012 extrahit
294 1961 342 2012 aut
357 1953 492 2031 quicquid
508 1955 535 2012 in
551 1971 677 2034 corpore
692 1963 845 2032 suppurat,
859 1953 907 2012 vel
921 1955 946 2011 si
963 1952 1073 2012 calcata
1090 1954 1183 2018 niutau

112 2046 164 2099 139
175 2051 243 2093 ossa
261 2039 416 2113 serpentis,
435 2035 534 2094 eadem
552 2047 652 2097 contra
667 2053 778 2096 venena
796 2036 912 2095 ellicum.
944 2033 1035 2112 Caput
1052 2037 1081 2118 in
1097 2036 1148 2095 do·

152 2118 218 2177 lore
237 2128 353 2177 veratro
379 2121 408 2176 in
438 2117 506 2178 oleo
536 2119 584 2178 rel
608 2135 732 2178 rosaceo
755 2119 878 2176 decocto
904 2120 1030 2194 tritoque
1058 2121 1148 2198 ungui

159 2201 306 2273 conuenit,
322 2199 493 2278 peucedano
514 2217 552 2260 ex
567 2201 636 2260 oleo
649 2201 697 2258 vel
712 2217 837 2259 rosaceo
853 2209 882 2258 et
896 2209 991 2259 aceto.
1021 2202 1149 2279 tepidum

152 2282 212 2340 hoc
226 2283 348 2359 prodest
362 2290 391 2342 et
406 2281 556 2343 doloribus
572 2285 619 2360 qui
635 2282 805 2364 plerumque
819 2299 857 2340 ex
868 2281 980 2344 dimidia
999 2293 1082 2362 purte
1100 2302 1148 2345 ca·

152 2365 220 2442 pitis
234 2366 394 2425 sentiuntur
410 2375 439 2425 et
453 2368 597 2442 vertigini.
630 2373 793 2443 perungunt
807 2374 836 2424 et
856 2365 955 2425 radice
975 2370 1038 2426 eius
1059 2367 1184 2428 sudo-ss

155 2448 197 2506 ris
211 2465 299 2508 causa
315 2449 457 2522 eliciendi,
474 2450 604 2527 quoniam
624 2451 750 2509 caustica
769 2450 813 2508 vis
827 2450 854 2507 ei
871 2458 925 2508 est.

109 2540 164 2592 nto
222 2531 307 2609 (98.)
329 2532 457 2605 Psyllion
474 2533 520 2592 alli
537 2534 687 2608 cynoides,
707 2532 757 2591 alii
773 2532 960 2606 chrysalliou,
975 2531 1024 2590 ulii
1040 2531 1146 2591 Siceli-

153 2629 221 2686 con,
238 2613 285 2672 alii
297 2615 474 2688 cynomyiam
487 2617 651 2693 appellant,
663 2616 761 2677 radice
771 2617 859 2691 tenui,
878 2630 1070 2693 supervacua,
1086 2633 1147 2675 sar·

151 2705 323 2770 mentorum,
344 2695 429 2756 labae
445 2699 541 2774 granis
562 2701 590 2758 in
606 2698 815 2774 cacuminibus,
836 2698 915 2760 loliis
936 2698 1039 2756 canino
1058 2699 1147 2777 cupiti

151 2796 210 2838 non
221 2777 413 2853 dissimilibus,
430 2782 537 2839 semine
551 2791 645 2841 antem
659 2783 755 2860 pulici,
773 2781 846 2840 unde
861 2790 891 2840 et
905 2797 1017 2840 nomen.
1040 2781 1099 2840 boc
1116 2783 1145 2840 in
1156 2799 1187 2840 no

152 2859 234 2920 bacis
254 2861 319 2940 ipsa
340 2861 430 2921 herba
446 2863 474 2921 in
488 2866 580 2924 vineis
594 2866 745 2923 iuvenitur.
792 2864 837 2922 vis
861 2864 897 2923 ad
917 2865 1148 2940 refrigerandum

152 2952 183 3002 et
196 2943 405 3004 discutiendum
419 2946 530 3021 ingens.
553 2963 651 3007 semen
662 2948 691 3005 in
707 2963 767 3004 usu.
789 2945 875 3004 irouti
891 2949 1035 3024 inponitur
1050 2949 1078 3006 in
1093 2949 1147 3008 do-

110 3035 160 3088 ltl
175 3025 240 3085 lore
259 3036 288 3086 et
304 3027 482 3105 temporibus
495 3047 534 3088 eu
554 3040 640 3089 aceto
656 3037 687 3088 et
701 3043 826 3087 rosaceo
841 3038 889 3088 aut
904 3047 1005 3108 posca.
1041 3030 1078 3088 ad
1097 3049 1148 3090 ce·

150 3117 215 3167 tera
228 3110 361 3169 inlinitur.
390 3110 534 3172 acetabuli
548 3129 680 3172 mensura
704 3113 858 3170 sextarium
872 3130 965 3189 aquae
987 3113 1091 3172 densat
1110 3131 1150 3173 ac

123 3243 130 3258 ,
151 3191 302 3250 contrahit.
334 3203 401 3254 tune
415 3203 512 3254 terere
529 3204 647 3274 oportet
662 3203 692 3254 et
710 3195 926 3254 crassitudinem
948 3196 1069 3255 inlinere
1086 3199 1146 3255 cui·
1158 3209 1189 3252 us

152 3289 275 3350 cumque
291 3274 385 3335 dolori
407 3286 437 3335 et
459 3278 626 3338 collectioni
647 3278 924 3356 inflammationique.
968 3279 1149 3339 volneribus

151 3357 256 3432 capitis
271 3358 401 3419 medetur
415 3361 617 3434 aristolochia,
641 3362 732 3422 lracta
747 3360 901 3422 extrahens
915 3378 982 3421 ossa
997 3372 1026 3421 et
1041 3364 1071 3422 in
1088 3362 1148 3422 ulia

150 3438 265 3516 quidem
283 3451 366 3520 purte
383 3447 517 3524 corporis
531 3444 582 3504 sed
597 3461 729 3504 maxume
744 3446 849 3522 capite,
867 3443 998 3504 similiter
1010 3444 1148 3521 plistolo-
