2484 3817
145 170 205 231 156
484 179 514 227 c.
531 179 626 227 emur
643 178 792 227 succum

141 336 250 395 maiore
271 319 421 396 medicina.
451 333 519 412 qnid
543 330 637 409 ergo?
668 323 834 391 dixerimus
849 328 956 389 herbas
976 338 1006 388 et
1029 328 1133 391 llorum

140 419 279 494 imagines
302 436 337 476 ac
351 417 491 495 pleraque
506 418 622 475 inventu
636 433 700 475 rara
716 432 751 475 ac
768 413 906 489 diflicilia,
923 412 1008 471 iidem
1023 414 1132 473 tacebi-

141 520 203 560 mus
218 501 285 579 quid
298 502 327 559 in
341 502 406 579 ipso
424 500 538 559 homine
555 500 646 577 prosit
661 498 767 558 homini
790 505 946 574 ceteraque
962 512 1072 572 genera
1087 516 1132 556 rc-

140 585 299 643 mediorum
321 585 396 643 inter
421 600 476 642 nos
497 585 639 657 viventia,
663 600 725 641 cum
747 582 918 659 praesertim
940 580 995 639 nisi
1023 580 1134 639 carenti

113 666 290 730 uictoribus
314 666 482 744 morbisque
506 666 564 725 vita
590 666 654 742 ipsa
687 682 781 743 poena
807 661 876 724 fiat‘l
908 664 1021 721 minime
1048 680 1159 739 vero,s

32 758 38 772 '
142 768 312 828 omnemque
327 752 498 809 insumemus
515 764 643 826 operam,
657 748 725 807 licet
739 747 836 808 fastidi
849 746 1008 824 periculum
1022 755 1134 823 urgent,

142 834 256 913 quando
279 835 318 894 ita
339 833 487 893 decretum
507 840 569 907 est,
591 833 730 891 minorem
753 832 864 907 gratiae
885 847 967 909 quam
985 830 1135 889 utilitatum

141 922 218 977 vitae
232 926 398 995 respectum
415 914 532 974 habere.
566 916 634 991 quin
649 916 734 973 immo
750 923 868 973 externa
885 928 999 991 quoque
1021 921 1050 971 et
1069 912 1134 981 ber·
1238 908 1239 913 ’

141 1002 228 1061 barus
254 1003 325 1059 ritus
350 997 558 1073 indagabimus.
606 996 679 1056 fides
705 1005 811 1057 tantum
838 1006 973 1055 auctores
992 995 1134 1075 appellet,

142 1100 311 1163 quamquam
337 1090 367 1140 et
386 1082 441 1158 ipsi
463 1097 606 1139 consensu
629 1098 721 1159 prope
742 1080 865 1140 iudicata
887 1079 999 1155 eligere
1020 1078 1170 1138 labora-to
1238 1102 1239 1131 r

113 1170 231 1232 avimus
249 1167 405 1243 potiusque
428 1181 515 1224 curae
534 1182 630 1223 rerum
646 1182 727 1242 quam
747 1165 850 1241 copiae
874 1164 1032 1222 institimus.
1064 1160 1136 1219 illud
1238 1208 1239 1213 ,

99 1249 393 1335 ,ξ;ξ333;εᾱηιοιιιιίεεε
408 1263 546 1325 perquam
560 1248 756 1307 necessarium
777 1256 831 1321 est,
844 1245 937 1305 dictas
950 1246 1005 1305 iam
1022 1243 1136 1305 anobis
1238 1242 1239 1255 ¹

142 1344 257 1392 naturas
279 1330 438 1389 animalium
459 1340 488 1389 et
509 1349 583 1408 quae
603 1330 742 1409 cuiusque
759 1338 857 1389 essent
874 1330 1004 1404 inventa,
1027 1361 1070 1373 —
1084 1345 1135 1387 ne·

142 1435 199 1495 que
220 1416 293 1473 enim
316 1416 408 1473 minus
429 1414 567 1492 proluere
587 1414 746 1473 medicinas
764 1412 939 1491 reperiendo
960 1430 1044 1490 quam
1066 1428 1135 1491 pro·
1238 1446 1239 1493 p

143 1506 208 1559 sunt
217 1496 449 1575 praebendo,¹-
461 1513 535 1555 nunc
546 1514 621 1574 qnae
634 1498 662 1555 in
675 1497 747 1575 ipsis
758 1495 929 1555 auxilientur
940 1495 1070 1573 indicari,
1084 1512 1136 1553 ne·
1146 1510 1171 1550 rs
1238 1494 1239 1565 j

143 1599 199 1659 que
213 1581 274 1639 illic
290 1581 318 1639 in
333 1590 422 1640 totum
436 1581 555 1657 omissa,
578 1580 652 1639 haec
667 1582 764 1658 itaque
782 1597 849 1639 csse
866 1578 980 1657 quidem
996 1580 1061 1654 alia,
1077 1578 1137 1638 illis
1238 1586 1239 1631 t

142 1674 237 1725 tamen
253 1680 377 1723 conexa.

114 1758 132 1811 4
204 1748 267 1826 (2.)
290 1746 465 1825 Incipiemus
480 1756 574 1807 antem
588 1745 625 1807 ab
637 1746 751 1806 homine
766 1748 859 1825 ipsum
870 1746 923 1806 sibi
938 1746 1137 1823 exquirentes,
1238 1782 1239 1787 κ

142 1832 269 1890 inmensa
286 1832 380 1890 statim
397 1831 567 1891 'difficultate
586 1830 682 1892 obvia.
713 1832 879 1907 sanguinem
897 1846 1013 1907 quoque
1027 1828 1136 1905 gladia·
1238 1848 1239 1859 ¹

141 1924 236 1974 torum
262 1913 362 1973 bibunt
380 1913 551 1975 intuentibus
573 1914 688 1993 populis
711 1914 868 1973 comitiales
890 1912 1029 1991 <[morbi],
1059 1911 1172 1989 quodao
1238 1972 1239 1975 ,

145 2006 283 2074 spectare
301 1996 434 2056 facientis
452 1999 480 2056 in
495 1996 595 2057 eedem
609 1999 717 2057 harena
732 1997 811 2075 ieras
828 2012 943 2074 quoque
958 1995 1064 2055 horror
1080 2004 1136 2055 est.
1238 2028 1239 2033 κ

143 2089 183 2156 at,
199 2078 342 2155 Hercule,
364 2080 405 2139 illi
422 2098 459 2138 ex
475 2079 588 2138 homine
605 2083 670 2157 ipso
691 2079 812 2139 sorbere
831 2079 1060 2139 efficacissimum
1082 2095 1135 2155 pu·
1238 2080 1239 2125 t

145 2172 204 2221 tant
219 2161 340 2220 calidum
365 2164 579 2240 spirantemque
600 2172 630 2221 et
652 2180 706 2223 una
727 2167 819 2241 ipsam
838 2164 957 2222 animam
972 2180 1010 2221 ex
1031 2160 1152 2245 osculoa
1238 2182 1239 2187 ¹

144 2245 312 2320 volnerum,
336 2261 399 2303 cum
412 2245 506 2324 plagis
524 2264 560 2303 ne
576 2245 701 2305 ferarum
715 2246 829 2324 quidem
843 2246 989 2306 admoveri
1005 2262 1055 2304 ora
1069 2249 1149 2303 mos'

144 2330 180 2386 sit
194 2326 324 2385 humana.
351 2329 399 2387 alii
420 2328 561 2388 medullas
584 2345 697 2388 crurum
719 2339 856 2406 quaerunt
874 2338 903 2388 et
918 2328 1069 2388 cerebrum
1091 2328 1171 2389 inas

116 2410 271 2475 stantium.
293 2427 349 2468 nec
364 2413 452 2487 pauci
464 2412 538 2489 apud
556 2410 685 2473 Graecos
700 2412 875 2489 singulorum
890 2413 1031 2471 viscerum
1046 2427 1135 2469 mem·

145 2494 319 2571 brorumque
344 2495 429 2553 etiem
452 2512 575 2572 sapores
594 2494 695 2555 dixere
711 2497 802 2555 omnia
819 2495 966 2573 persecuti
985 2511 1076 2572 usque
1098 2492 1136 2552 ad

143 2578 305 2652 resegmiua
321 2579 465 2654 anguium,
480 2580 643 2655 quasivero
656 2580 762 2638 sanitas
777 2579 868 2638 videri
884 2578 976 2656 possit
991 2577 1082 2636 ieram
1098 2594 1137 2635 ex

144 2661 260 2720 homine
283 2661 345 2719 lieri
366 2660 527 2739 morboque
546 2660 661 2737 dignum
680 2663 708 2721 in
730 2663 793 2740 ipsa
819 2661 977 2738 medicina,
1000 2661 1135 2737 egregia,

144 2744 300 2819 Hercules,
315 2742 515 2821 frustratione,
538 2744 563 2805 si
585 2762 643 2804 non
670 2748 771 2824 prosit.
804 2744 914 2823 adspici
928 2744 1047 2803 humana
1066 2753 1171 2804 extaso

117 2838 134 2892 6
146 2828 227 2886 neias
241 2826 371 2902 habetur,
388 2828 455 2905 quid
468 2825 582 2887 mandi?
600 2831 664 2907 quis
679 2830 734 2887 ista
744 2829 862 2902 invenit,
875 2824 1023 2886 Osthane?
1037 2836 1136 2886 tecum

145 2912 220 2969 enim
236 2929 284 2969 res
303 2910 372 2985 erit,
395 2928 517 2969 eversor
533 2912 601 2971 iuris
623 2912 735 2971 humani
756 2919 1005 2987 monstrorumque
1027 2910 1136 2968 artilex

147 2995 194 3070 qui
209 2995 317 3071 primus
337 3011 372 3053 ea
395 2993 559 3071 condidisti,
574 2995 678 3069 credo,
700 3013 738 3054 ne
758 2996 816 3054 vita
839 2994 879 3052 tui
902 2993 1133 3052 oblivisceretur.

147 3077 210 3152 quis
228 3077 337 3135 invenit
351 3076 464 3153 singula
484 3078 609 3138 membra
629 3077 749 3137 humana
770 3076 927 3137 mandere?
959 3093 1014 3153 qua
1035 3078 1134 3135 conie-

147 3168 226 3218 ctura
238 3158 389 3219 inductus?
405 3176 488 3237 quarn
499 3169 596 3237 potest
609 3160 749 3220 medicina
760 3161 813 3218 ista
826 3160 965 3235 originem
977 3156 1172 3222 habuisse‘lss

146 3242 210 3319 quis
224 3243 365 3303 veneficia
382 3245 582 3303 innocentiora
602 3244 671 3302 iecit
691 3260 774 3322 quam
793 3239 940 3302 remedia?
972 3251 1047 3316 esto,
1067 3240 1134 3301 har·

146 3323 209 3382 bari
225 3327 394 3403 externique
410 3328 479 3386 ritus
494 3328 670 3403 invenerint,
692 3328 813 3386 etiamne
828 3324 932 3386 Gracci
949 3342 1016 3383 suas
1030 3324 1132 3384 iecere

7 3399 10 3405 ’
117 3408 197 3470 thas
216 3406 307 3469 artis?
339 3418 453 3469 exstant
473 3414 726 3473 commentationes
746 3407 904 3470 Democriti
926 3406 962 3468 ad
980 3408 1034 3467 alia
1050 3408 1131 3467 noxii
