2484 3817
367 230 447 278 nas.
465 229 557 279 urso.
571 231 654 278 xxv.
670 227 696 278 1.
712 229 738 281 a.
756 221 865 298 (1-a.)
1037 223 1082 285 eu

90 385 241 460 laetusque
268 383 298 442 in
325 385 436 444 areanis
465 385 525 443 sris
551 383 687 461 reliquit,
706 385 861 464 Pompeius
886 395 983 447 aum
1003 391 1081 448 onnl
1166 427 1171 439 ·

90 468 167 544 regia
181 464 295 607 praeda
309 467 421 547 potitus
436 466 1081 614 trapsierrpfiea·serponeurostrq‘libeam

91 567 166 608 suum
207 565 331 610 enaeum
494 567 578 610 oaea
617 569 722 611 srusar
763 569 793 610 rr
863 556 925 614 uo’
1057 557 1082 614 it

90 635 249 691 nonninus
266 566 546 711 quumwlieae
562 635 686 694 viatoria
701 593 759 694 illi.
825 570 863 630 oq
970 573 1007 633 P?

70 741 81 780 s
147 715 210 793 (4.)
257 715 382 776 Praeter
402 715 457 776 bos
474 715 576 776 ilraeoi
599 726 736 777 auctores
752 717 913 796 prodidere
929 737 1003 796 quos
1018 722 1108 784 suise

89 800 158 859 loois
182 799 327 876 diximus,
350 817 388 860 ex
402 799 447 858 luis
468 797 624 876 Crateras,
645 799 816 877 Dionysius,
832 799 1019 861 Metrodorus
1035 821 1080 861 ra·

89 884 165 942 tione
182 879 373 943 blandissima
385 880 438 942 sed
453 899 508 959 qua
523 883 593 942 nibil
611 901 707 962 paene
723 883 800 944 aliud
817 901 900 961 quam
926 884 1080 944 dillloultus

87 967 127 1024 rei
143 964 346 1042 intellegatur.
365 968 488 1044 pinxere
503 983 626 1046 namque
639 969 755 1045 effigies
770 967 925 1026 barbarum
938 974 1026 1045 utque
1039 969 1081 1026 ita

89 1049 294 1126 subscripsere
310 1048 440 1109 effectus.
474 1066 573 1108 verum
588 1058 618 1108 et
629 1053 743 1129 pistura
755 1049 845 1110 fallax
861 1058 908 1110 est
918 1049 1080 1126 coloribus,

59 1159 79 1201 m
88 1141 139 1192 tam
154 1133 323 1191 numerosis
339 1135 510 1212 praesertim
525 1135 555 1190 in
569 1133 792 1193 aemulationem
805 1135 937 1210 naturae,
950 1133 1081 1192 multum·

87 1233 140 1292 que
161 1215 329 1290 degenerat
349 1215 600 1276 transcribentium
614 1217 678 1275 loru
691 1219 781 1276 varia.
806 1224 963 1295 praeterea
979 1233 1080 1294 parum

87 1307 129 1357 est
147 1297 283 1374 singulas
303 1315 400 1358 earum
415 1305 529 1358 aetates
544 1300 642 1376 pingi,
663 1317 726 1358 oum
745 1298 964 1378 quadripertitis
985 1301 1080 1359 varie-

86 1381 191 1442 tatibus
208 1383 278 1440 unni
292 1382 395 1441 iaoiem
409 1389 527 1440 mutent.

141 1465 205 1542 (5.)
240 1461 339 1534 Quare
350 1467 443 1524 ueteri
458 1481 593 1525 sermone
613 1484 664 1526 eas
679 1465 841 1542 tradidere,
860 1466 948 1544 aliqui
964 1485 1001 1526 ne
1017 1467 1110 1530 etl-s

58 1549 132 1624 agie
148 1547 270 1626 quidem
285 1546 408 1607 indicata
423 1555 454 1606 et
469 1547 550 1607 nudis
566 1548 736 1626 plerumque
753 1550 916 1608 nominibus
938 1548 1078 1625 delunoti,

85 1633 219 1709 quoniam
229 1630 461 1690 satisvidebatur
472 1639 637 1709 potestates
648 1635 764 1709 vimque
778 1630 980 1690 demonstrare
991 1650 1078 1709 quae·

85 1733 148 1774 rere
164 1713 346 1773 volentibus.
382 1731 437 1774 neo
451 1723 496 1774 est
510 1715 637 1774 dillloilis
649 1715 802 1791 oognitio,
817 1713 903 1772 nobis
918 1721 1011 1789 uerte,
1028 1733 1078 1772 err·

84 1799 177 1874 ceptis
193 1796 346 1856 admodum
363 1799 473 1874 paucis,
491 1799 615 1873 contigit
630 1796 758 1874 reliquas
774 1796 965 1872 contemplari
985 1798 1079 1854 soien-

4 1929 5 1944 ,
85 1883 125 1939 tia
148 1879 258 1940 Antoni
282 1877 431 1956 Castoris,
459 1883 503 1939 oui
526 1897 634 1940 summa
658 1881 815 1938 auotoritas
837 1887 901 1938 erat
919 1880 948 1936 in
964 1896 1000 1938 ea
1014 1887 1079 1938 arte

52 1985 77 2026 ao
85 1969 190 2021 nostro
219 1979 308 2040 aevo,
336 1963 457 2023 visendo
476 1962 592 2022 hortulo
610 1965 673 2022 eiua
692 1965 796 2039 inquo
813 1962 958 2040 plurumas
980 1961 1079 2022 alebat

86 2046 274 2104 oentesimum
288 2063 391 2106 annum
404 2048 508 2106 aetatis
521 2045 685 2121 excedens,
701 2045 807 2104 nullum
828 2046 962 2122 eorporis
975 2046 1078 2105 nalum

84 2136 244 2206 expertus,
267 2147 301 2189 au
324 2147 361 2189 ne
382 2137 478 2189 aetate
495 2129 609 2206 quidem
623 2129 761 2188 memoria
778 2137 826 2189 aut
840 2131 944 2204 vigore
957 2147 1077 2188 oonous·

83 2215 131 2271 sis.
163 2229 261 2289 neque
277 2212 352 2271 aliud
367 2215 469 2272 miratu
484 2215 576 2289 magis
588 2214 743 2291 antiquitas
757 2213 931 2290 reperietur.
956 2215 1075 2274 inventa
1086 2225 1121 2277 10

84 2295 254 2374 iampridem
269 2297 343 2354 ratio
362 2303 408 2355 est
428 2298 633 2372 praenuntians
648 2296 753 2371 boras,
772 2312 831 2354 uon
848 2294 935 2355 ruodo
955 2295 1019 2355 dies
1043 2315 1078 2356 ao

54 2382 196 2454 asnootis,
214 2377 287 2437 solis
304 2378 447 2457 lunaeque
463 2378 635 2438 deleotuum.
666 2379 750 2438 durat
772 2387 867 2438 tanen
888 2378 994 2438 tradita
1009 2397 1075 2457 por·

84 2463 182 2521 suasio
197 2464 229 2520 in
242 2477 345 2537 magna
361 2469 446 2539 parte
460 2461 541 2538 volgi
554 2463 706 2522 veneficiis
721 2470 751 2521 et
767 2461 867 2521 berbis
881 2461 911 2521 id
921 2463 988 2537 oogi
1001 2480 1076 2520 eam·

84 2561 141 2620 que
158 2561 242 2603 unam
256 2544 425 2604 feminarum
439 2545 589 2604 solentiam
607 2544 791 2623 praevalere.
825 2554 907 2605 uerte
929 2541 997 2622 quid
1018 2560 1077 2601 non

82 2627 277 2705 repleverunt
299 2626 405 2687 fabulis
427 2625 543 2688 Golobis
559 2627 655 2688 bledla
681 2629 825 2706 aliaeque,
843 2630 872 2687 iu
888 2628 988 2705 primis
1004 2625 1085 2686 ltala‘

82 2707 170 2770 Giroe
185 2709 232 2768 dis
251 2711 337 2769 etiam
350 2707 515 2788 adscripta?
546 2711 620 2770 unde
636 2713 764 2771 arbitror
783 2719 878 2771 natum
898 2719 929 2769 ut
944 2709 1073 2783 Aesoby·
1086 2721 1117 2772 ll

49 2791 125 2853 aolus
139 2812 167 2854 e·
176 2795 384 2852 vetustissimis
399 2796 428 2852 in
444 2796 559 2872 poetioa
575 2795 713 2854 refertam
730 2793 841 2854 ltaliam
854 2793 1010 2854 barbarum
1022 2809 1075 2870 po·

80 2879 174 2935 tentia
189 2875 348 2954 proderet,
362 2877 501 2954 multique
518 2875 662 2953 Giroeios,
676 2878 725 2936 ubi
741 2877 883 2938 habitarit
893 2877 954 2950 illa,
970 2891 1075 2951 magno

80 2965 258 3036 argumento
286 2961 446 3019 etiamnunc
472 2959 592 3020 durante
619 2962 651 3019 in
674 2959 778 3021 llarsis
804 2959 902 3019 alilio
921 2962 986 3017 eius
1010 2967 1076 3018 ortu

79 3051 191 3118 gente,
207 3043 345 3120 quoniam
365 3059 433 3102 essa
451 3039 611 3102 domitores
626 3045 805 3121 serpentium
819 3049 940 3102 ooustut.
972 3039 1077 3101 llome·

80 3141 129 3184 rus
142 3124 264 3204 quidem
284 3126 392 3202 primus
406 3125 599 3186 doctrinarum
615 3135 646 3186 et
667 3126 845 3205 antiquitatis
861 3141 986 3201 pareus,
1005 3124 1076 3183 mul·

47 3214 126 3267 tttus
144 3208 221 3268 alius
241 3210 273 3268 in
291 3205 479 3269 admiratione
500 3207 615 3285 (linoae,
632 3208 756 3285 gloriam
771 3206 925 3267 barbarum
936 3208 1075 3285 Aegypto

80 3291 201 3367 tribuit,
217 3307 282 3350 oum
300 3291 386 3349 etiam
401 3299 459 3352 tum
470 3309 545 3370 quaa
557 3295 669 3369 rigatur
681 3293 836 3367 Aegyptus
848 3288 899 3348 illu
913 3307 972 3350 non
982 3298 1074 3366 esset,

79 3382 190 3448 postea
206 3373 333 3434 duminio
348 3373 417 3433 limo
427 3377 551 3434 iuveotu.
581 3374 688 3434 herbas
702 3381 784 3433 certe
797 3374 959 3449 Aegyptias
974 3373 1011 3432 ab
1025 3391 1076 3434 re·.
1086 3383 1118 3435 lt

80 3456 127 3531 gis
149 3473 246 3518 uxore
269 3455 392 3516 traditas
406 3453 537 3516 llelenae
555 3475 624 3516 suae
643 3456 787 3534 plurumas
807 3461 904 3513 narrat
926 3472 960 3514 ao
974 3454 1075 3512 nobile
