2484 3817
1 859 5 982 l

145 205 150 215 ·
239 173 739 251 usu.n1su.xxx1.11.(4t.)-
758 184 858 232 xxxu
886 186 912 237 1.
935 176 992 253 (1.)
1053 174 1114 237 285

409 333 875 472 commmodum

106 622 115 641 .
234 555 617 649 lldllllldlll
659 556 1039 679 lllllllllllll

439 734 818 845 *ursusxxxsu

553 898 705 909 ——.--

183 988 360 1081 (βρωτή
360 1000 483 1060 Ventum
495 1010 540 1061 est
553 1001 589 1061 ad
602 999 708 1060 summa
724 1010 841 1061 naturae
857 918 1170 1117 exemplorumqueQ

1 1071 2 1098 ³
86 1102 112 1144 so
121 1102 175 1164 per
188 1104 284 1145 rerum
298 1084 443 1160 ordinem,
460 1094 490 1143 ct
507 1086 600 1163 ipsum
618 1101 669 1145 sua
684 1095 788 1167 sponte
810 1088 936 1146 occurrit
954 1087 1111 1144 inmensum

120 1172 268 1249 potentiae
284 1168 418 1227 occultae
435 1169 643 1243 documentum,
659 1178 689 1227 ut
705 1185 824 1246 prorsus
838 1187 933 1247 neque
947 1168 1024 1228 aliud
1038 1169 1110 1228 ultra

121 1254 220 1331 quaeri
240 1251 345 1312 debeat
357 1270 413 1311 nec
430 1270 483 1329 par
503 1271 538 1311 ac
559 1252 654 1311 simile
667 1252 761 1330 possit
774 1253 906 1328 inveniri,
923 1254 986 1331 ipsa
1003 1270 1035 1311 se
1051 1254 1109 1311 viu·

120 1345 205 1397 cente
216 1346 325 1412 natura,
338 1335 493 1415 etquidem
504 1338 664 1396 numerosis
676 1336 777 1395 modis.
793 1335 861 1415 quid
874 1338 947 1397 enim
958 1336 1111 1395 violentius

119 1420 190 1478 mari
204 1422 337 1480 ventisve
352 1428 382 1478 et
401 1419 560 1500 turbinibus
574 1438 610 1479 ac
629 1418 788 1497 procellis?
814 1436 871 1498 quo
894 1422 1001 1479 maiore
1020 1420 1109 1480 bomi-

86 1515 186 1563 tsnum
199 1505 317 1581 ingenio
331 1505 361 1563 iu
375 1503 434 1563 ulla
447 1505 492 1563 sui
506 1514 589 1583 parte
603 1502 698 1563 adiuta
711 1512 755 1562 est
765 1520 849 1581 quam
862 1504 935 1563 velis
947 1500 1111 1581 remisque?
1142 1549 1148 1565 ,

120 1588 239 1649 'addatur
258 1588 304 1647 bis
326 1596 355 1647 et
374 1589 520 1664 reciproci
541 1596 640 1646 aestus
659 1584 858 1645 inenarrabilis
879 1586 922 1643 vis
938 1604 1111 1665 versumque

118 1680 208 1731 totum
228 1688 307 1729 mare
332 1672 362 1728 in
383 1670 497 1729 llumeu.
531 1668 603 1745 Cap.
618 1672 645 1727 1.
669 1676 762 1727 tamen
783 1668 875 1726 omnia
896 1666 970 1726 baec
991 1630 1170 1797 pariter-bN

119 1772 177 1832 que
198 1753 302 1812 eodem
320 1751 490 1828 inpellentia
512 1768 585 1809 unus
609 1766 646 1809 ac
665 1766 772 1828 parvos
793 1748 942 1809 admodum
957 1750 1114 1826 pisciculus.

120 1836 255 1897 echenais
275 1833 439 1912 appellatus
460 1835 490 1892 in
512 1850 545 1892 se
565 1841 655 1891 tenet.
681 1841 762 1891 ruant
779 1834 858 1893 venti
877 1832 962 1909 licet,
984 1834 1112 1892 saeviant

1 1951 2 1966 2
82 1943 111 1984 πο
120 1918 287 1998 procellae,
309 1919 430 1995 imperet
450 1916 542 1976 furori
561 1916 688 1995 virisque
709 1925 802 1977 tantas
819 1919 970 1995 conpescit
990 1924 1018 1975 et
1033 1919 1112 1993 cogit

81 2053 83 2056 ,
119 2000 198 2063 stare
215 2001 344 2077 navigia,
367 1999 444 2078 quod
464 2018 522 2060 non
543 1999 658 2059 vincula
674 2000 747 2075 ulla,
774 2017 830 2073 nou
844 2016 968 2061 ancorae
983 2000 1110 2077 pondere

1 2159 2 2162 Ἴ
117 2083 309 2147 inrevocabili
325 2086 426 2143 iactae.
453 2084 577 2144 infrenat
593 2084 716 2161 impetus
738 2092 767 2143 et
787 2084 883 2144 domat
895 2084 988 2143 mundi
1002 2084 1115 2144 rabiem

118 2169 198 2229 nullo
215 2186 268 2228 suo
286 2166 404 2244 labore,
428 2184 485 2226 non
500 2167 650 2227 renitendo
668 2176 715 2227 aut
730 2167 788 2227 alio
803 2168 888 2228 modo
904 2186 988 2247 quam
1006 2168 1109 2227 adbae-

119 2252 219 2313 rendo.
251 2252 308 2311 boc
329 2251 439 2311 tantulo
459 2252 529 2311 satis
549 2260 596 2310 est
611 2255 711 2311 contra
729 2260 771 2311 tot
790 2252 913 2330 impetus
927 2260 957 2311 ut
970 2260 1049 2311 vetet
1066 2253 1160 2357 iresN

83 2353 110 2394 as
119 2335 241 2412 navigia.
263 2335 316 2394 sed
327 2343 457 2408 armatae
469 2334 582 2394 classes
593 2335 733 2413 inponunt
745 2334 800 2394 sibi
814 2337 930 2395 turrium
945 2352 1109 2415 propugna·
1131 2410 1133 2417 Ι

119 2419 184 2479 cula
198 2426 230 2476 ut
247 2420 360 2478 inmari
376 2436 493 2498 quoque
510 2426 651 2497 pugnetur
671 2418 751 2478 velut
766 2437 783 2477 e
796 2419 894 2479 muris.
924 2418 980 2478 heu
1001 2420 1109 2481 vanitas

118 2502 255 2576 bumana,
272 2519 335 2560 cum
349 2511 444 2562 rostra
457 2502 507 2561 illa
522 2497 750 2579 aers'fempque
768 2502 802 2560 ad
818 2504 890 2562 ictus
905 2511 1010 2561 armata
1027 2502 1112 2561 semi?

119 2582 233 2661 pedalis
248 2583 378 2645 inhibere
393 2587 487 2665 possit
502 2604 537 2647 ac
558 2595 659 2645 tenere
675 2585 806 2646 devincta
822 2585 992 2663 pisciculus!
1020 2585 1110 2644 fertur

119 2666 241 2727 Actiaco
252 2667 343 2728 llarte
359 2667 488 2729 tenuisse
497 2670 678 2746 praetoriam
693 2686 795 2728 navem
808 2667 914 2729 Antoni
926 2668 1108 2747 properantis

82 2772 109 2814 ao
120 2750 270 2810 circumire
287 2758 317 2808 et
330 2752 476 2811 exhortari
492 2768 578 2826 suos,
602 2752 697 2811 donec
713 2753 847 2811 transiret
861 2753 888 2811 in
904 2752 997 2812 aliam.
1029 2751 1108 2811 ideo-

120 2851 177 2912 que
191 2829 363 2893 Caesariana
387 2835 489 2895 classis
508 2837 615 2912 impetu
634 2834 742 2894 maiore
762 2836 891 2913 protinus
899 2678 1207 2923 W

119 2925 149 2976 et
162 2923 263 2976 nostra
277 2918 414 2977 memoria
431 2917 482 2977 Gai
496 2920 634 2996 principis
648 2916 684 2977 ab
695 2916 920 2977 AsturaAntium
938 2920 1107 2994 renavigan-

117 3001 156 3059 tis
169 3008 200 3059 ut
214 3017 262 3059 res
278 3008 323 3058 est
337 3001 422 3059 ctiam
437 3001 590 3077 auspicalis
606 3000 778 3079 pisciculus,
800 3002 938 3079 siquidem
952 3002 1108 3060 novissime

117 3091 175 3141 tum
192 3084 221 3141 in
237 3082 336 3142 urbem
349 3101 485 3144 reversus
497 3083 547 3142 ille
563 3085 720 3161 imperator
731 3086 789 3143 suis
804 3084 870 3143 telis
885 3084 1037 3144 confossus
1053 3092 1106 3143 est.

81 3182 173 3227 senec
188 3165 276 3242 longa
290 3167 342 3226 luit
355 3166 432 3226 illius
446 3183 545 3225 morae
562 3167 719 3242 admiratio,
735 3167 828 3225 statim
848 3185 933 3227 causa
948 3168 1105 3242 intellecta,

118 3264 182 3307 cum
197 3266 214 3307 e
229 3257 288 3309 tota
304 3248 399 3309 classe
411 3250 622 3328 quinqueremis
636 3250 699 3309 sola
713 3265 771 3307 non
787 3253 954 3327 proliceret,
971 3251 1105 3309 exsilien-

116 3330 193 3391 tibus
214 3334 344 3409 protinus
366 3335 414 3410 qui
429 3341 604 3410 quaererent
617 3332 694 3391 circa
710 3348 822 3391 navem.
850 3336 987 3393 invenere
1002 3332 1105 3393 cdhae·

116 3423 228 3475 rentem
238 3414 440 3492 gubernaculo
449 3414 695 3492 ostenderuntque
702 3413 773 3475 Gaio
781 3412 1003 3493 indignantiboc
1014 3416 1105 3475 luisse
