2484 3817
323 215 403 265 uun.
418 214 507 262 nisu.
525 215 620 263 xxva.
633 214 660 268 a
680 203 829 285 (so-49.)
1008 207 1067 268 113

81 388 164 430 sucus
182 376 287 447 prgat
300 376 422 446 utraque
436 378 518 447 parte
533 368 723 447 sesquiobolo
744 371 773 430 in
792 388 864 449 aqua
883 370 983 433 mulsa.
1025 374 1069 432 sie

82 463 108 513 et
122 452 290 529 hydropicis
306 451 388 511 datur
401 452 546 519 acetabuli
558 470 703 513 mensura.
738 454 911 533 inspargitur
926 465 955 515 et
969 456 1068 515 aridae

80 537 182 596 radicis
201 535 293 594 farina
314 536 435 613 potioni.
471 538 549 595 aiunt
570 538 752 614 superiorem
767 547 878 615 partem
901 539 962 599 eius
980 540 1067 599 vomi·

81 622 154 679 tione
168 617 237 677 hilis
252 616 416 694 extrahere,
431 618 597 678 inferiorem
612 637 666 697 per
677 620 772 679 alvom
786 637 898 697 aquam.

62 718 73 756 s
134 702 218 780 (47.)
242 701 377 760 'lormiua
389 701 504 762 discutit
519 701 718 781 quodcumque
741 720 886 780 panaces,
909 706 1110 769 Vettonieats

80 795 309 865 praeterquama
326 783 480 860 cruditate,
498 786 658 863 peucedani
673 803 759 863 sucus
775 796 804 845 et
824 788 1000 863 inflationes,
1022 807 1067 847 ru·

81 878 137 928 ctus
148 870 284 945 gignens,
300 868 368 926 item
383 870 464 927 acori
474 868 557 927 radix
567 868 734 944 dauoumve,
746 871 771 929 si
783 870 913 930 lactucae
925 871 1009 931 modo
1021 889 1067 930 su·

80 962 174 1011 matur.
203 952 334 1010 ladanum
351 948 486 1028 Cyprium
498 959 596 1028 petum
610 954 822 1012 interaneorum
838 954 914 1013 vitiis
929 956 1065 1029 occurrit,

79 1037 227 1112 gentianae
244 1033 335 1093 iarina
354 1052 391 1091 ex
406 1051 480 1111 aqua
495 1034 591 1112 tepida
602 1033 688 1095 iabae
703 1036 912 1114 magnitudine,
930 1036 1067 1116 plantago

54 1137 156 1183 romane
173 1126 284 1194 sumpta
307 1116 416 1176 duabus
432 1118 547 1195 lingulis
565 1128 595 1177 et
608 1120 691 1178 tertia
712 1122 866 1197 papaveris
881 1122 910 1181 in
927 1121 985 1179 vini
1001 1138 1066 1195 oya·

79 1202 130 1261 this
143 1209 278 1280 quattuor
299 1215 357 1259 uon
372 1202 490 1260 veteris.
519 1200 602 1261 datur
621 1210 651 1261 et
670 1204 698 1261 in
720 1219 848 1263 somnum
864 1203 995 1263 euntibus
1018 1202 1066 1263 ad·

78 1286 133 1345 dito
147 1286 224 1343 nitro
236 1283 283 1342 rel
299 1284 428 1361 polenta,
442 1286 467 1343 si
481 1285 569 1343 molto
586 1294 654 1364 post
668 1286 762 1345 eibum
774 1286 865 1346 detur.
892 1286 959 1347 colo
973 1287 1066 1347 iniun-

78 1370 147 1429 ditur
160 1367 274 1426 hemina
293 1367 353 1425 suci
368 1367 417 1425 vel
431 1369 459 1425 in
474 1367 559 1427 iebri.
758 1384 783 1447 g

136 1450 220 1530 (48.)
245 1449 402 1525 Agaricum
412 1460 508 1527 potum
521 1451 616 1511 obolis
628 1451 719 1512 tribus
730 1454 758 1511 in
769 1454 827 1512 vini
839 1455 946 1515 veteris
959 1452 1063 1527 cyatho
1074 1462 1107 1517 75

48 1557 68 1594 rs
76 1552 128 1595 uno
140 1535 210 1593 lieni
222 1533 361 1609 medetur,
373 1542 403 1592 et
413 1536 531 1612 panacis
545 1536 667 1595 omnium
679 1552 818 1612 generum
829 1536 910 1597 radix
922 1538 950 1595 in
961 1537 1065 1613 mulso,

76 1618 125 1678 scd
138 1618 264 1677 Teucria
278 1618 438 1694 praecipue
460 1627 529 1696 pota
544 1618 623 1677 arida
639 1627 668 1677 et
683 1619 806 1679 decocta
821 1628 954 1696 quantum
968 1637 1066 1679 manus

76 1703 171 1780 capiat
189 1702 217 1760 iu
241 1701 316 1759 aceti
330 1699 449 1759 heminis
466 1700 566 1759 tribus.
599 1699 636 1760 ad
652 1700 755 1759 volnus
771 1701 896 1760 inlinitur
911 1701 1013 1760 eadem
1029 1719 1067 1760 ex

75 1794 159 1845 aceto
173 1792 231 1860 aut,
249 1785 274 1841 si
286 1783 403 1859 tolerari
418 1800 475 1841 non
493 1784 596 1861 possit,
612 1801 650 1841 ex
663 1784 717 1841 iiou
728 1783 776 1841 vel
792 1800 874 1858 aqua.
902 1782 1067 1842 Polemonia

74 1868 181 1927 bibitur
192 1884 229 1925 ex
240 1867 479 1941 sino,llettonica
492 1865 626 1926 drachma
636 1866 664 1923 in
679 1865 843 1939 oxymelitis
855 1865 965 1941 cyathis
977 1867 1056 1925 tri-ss,
1068 1882 1098 1919 os

42 1952 149 2025 cobus,
178 1949 362 2010 aristolochia
380 1958 411 2016 ut
435 1959 535 2010 contra
556 1949 711 2026 serpentis.
755 1949 931 2025 Argemonia
953 1957 1064 2027 septem
1074 1957 1108 2012 76

75 2031 182 2094 diebus
195 2034 223 2091 in
237 2032 302 2093 cibo
317 2041 435 2110 sumpta.
446 2032 551 2092 lienem
566 2048 736 2092 consumere
752 2032 865 2107 dicitur,
881 2033 1027 2109 agaricum
1037 2032 1067 2091 in

74 2124 161 2176 aceto
176 2116 267 2175 mulso
280 2115 381 2174 ‘obolis
399 2114 520 2175 duobus.
555 2114 735 2194 nymphaeae
754 2114 906 2175 Heracliae
929 2115 1011 2175 radix
1036 2116 1066 2173 in

73 2203 142 2259 vino
158 2209 227 2277 pota
243 2206 273 2257 et
293 2200 356 2276 ipsa
381 2200 530 2258 consumit.
567 2198 775 2258 cissanthemus
796 2198 929 2258 drachma
952 2199 996 2258 bis
1019 2198 1065 2258 die

76 2293 187 2361 sumpta
201 2284 231 2340 in
245 2283 302 2340 vini
316 2282 375 2341 albi
393 2282 504 2356 cyathis
519 2281 631 2341 duobus
651 2300 705 2360 per
720 2282 783 2341 dies
797 2280 847 2341 XL
868 2282 971 2341 lienem
996 2282 1064 2341 dici-

45 2375 121 2426 etur
135 2366 274 2444 paulatim
292 2367 424 2425 emittere
444 2384 497 2442 per
514 2368 631 2425 urinam.
660 2365 780 2443 prodest
794 2375 824 2423 et
837 2365 979 2444 hysopum
1002 2383 1065 2424 cunr

76 2450 129 2508 lico
153 2448 324 2524 decoctum,
344 2447 508 2508 lonchitidis
529 2448 610 2507 radix
633 2447 754 2507 decocta
781 2449 942 2526 prinsquam
966 2465 1065 2507 semen

74 2532 213 2607 demittat,
229 2531 390 2609 peucedani
405 2548 520 2609 quoque
532 2530 614 2590 radix
629 2530 754 2591 decocta
770 2539 799 2589 et
814 2531 880 2591 lieni
896 2540 925 2590 et
935 2529 1063 2588 renibus.

72 2614 142 2675 bien
157 2616 241 2675 acori
256 2623 325 2692 potu
340 2616 530 2691 consumitur,
554 2614 733 2691 praecordiis
749 2624 777 2673 et
794 2614 878 2673 ilibus
895 2613 1060 2673 utilissimae
1073 2621 1105 2676 l‘l

71 2699 199 2774 radices,
215 2698 337 2772 clymeni
351 2715 449 2757 semen
464 2706 561 2775 potum
574 2697 676 2757 diebus
691 2698 806 2773 triginta
821 2696 950 2775 pondere
966 2694 1065 2756 denari

41 2784 101 2840 min
111 2784 181 2841 vino
193 2782 272 2857 albo,
283 2780 455 2840 vettonicae
467 2780 558 2839 farina
574 2799 612 2839 ex
626 2780 753 2839 melleet
767 2790 851 2839 aceto
867 2779 971 2839 scillite
985 2786 1064 2855 pota,

70 2866 154 2925 radix
169 2863 336 2924 lonchitidis
353 2865 382 2922 in
402 2882 485 2941 aqua,
503 2863 656 2923 Teucrium
672 2862 813 2939 inlinitur,
833 2864 899 2921 item
920 2858 1064 2920 scordium

71 2966 136 3007 cum
154 2964 237 3022 cera,
253 2947 398 3023 agaricum
413 2965 475 3006 cum
488 2946 580 3007 iariua
598 2946 698 3005 eieno
714 2944 835 3005 Graeco.

135 3031 222 3109 (49.)
247 3031 375 3089 Vesicae
388 3030 470 3089 malis
485 3038 644 3105 contraque
660 3028 788 3087 calculos
801 3028 980 3103 gravissimis
997 3043 1058 3086 oru-
1071 3037 1106 3091 78

71 3115 211 3187 ciatihus,
233 3122 265 3170 ut
280 3112 414 3189 diximus,
437 3111 544 3171 auxilio
558 3120 603 3169 est
616 3110 782 3171 Polemonia
803 3128 840 3169 ex
860 3110 930 3169 vino.
942 3118 1020 3187 pota,
1032 3129 1062 3167 ss.
1073 3130 1097 3163 ss

39 3198 143 3256 ttitem
166 3197 331 3273 agaricum,
360 3195 495 3274 plantago
517 3195 595 3253 loliis
622 3193 671 3252 vel
692 3193 789 3253 radice
810 3192 886 3270 potis
906 3209 943 3249 ex
964 3208 1063 3269 passo,

70 3278 230 3339 Vettonica
252 3287 281 3337 ut
295 3278 323 3335 in
338 3278 467 3337 iocinere
482 3277 619 3352 diximus,
638 3278 706 3334 item
722 3278 812 3334 ramiti
827 3282 895 3351 pota
916 3282 1002 3349 atque
1021 3274 1094 3330 inse

70 3362 136 3438 lita,
152 3362 256 3421 eadem
272 3360 308 3420 ad
326 3364 502 3436 strangurias
518 3359 728 3417 efficacissima.
758 3355 792 3413 ad
809 3354 936 3413 calculos
952 3352 1063 3429 qnidam

69 3446 261 3506 vettonicam
275 3453 305 3503 et
319 3443 511 3503 verbenacam
528 3450 557 3499 et
569 3439 745 3499 millefolium
763 3436 862 3512 aequis
884 3432 1061 3510 portionibus

123 3548 196 3591 acm.
211 3548 276 3587 nur.
290 3548 359 3589 nrsr.
382 3530 430 3587 lv,
883 3514 901 3574 8
