2484 3817
158 190 220 257 290
470 203 502 252 c.
524 204 620 251 rursu
643 202 792 251 caccum

157 362 277 422 Sextius
292 358 528 436 diligentissimus
547 357 723 432 medicinae,
751 357 819 434 quin
843 357 928 415 immo
949 373 1056 435 parvos
1082 374 1150 419 esse

157 444 388 521 substrictosque
401 451 431 501 et
445 440 628 501 adhaerentis
643 441 755 517 spinae,
770 458 827 499 nec
840 440 924 499 adimi
940 442 1003 499 sine
1018 441 1077 501 vita
1091 443 1150 501 ani·

155 528 241 587 malis
254 545 355 605 posse,
367 525 520 585 adulterari
534 533 628 584 autem
642 524 757 584 renibus
770 523 909 600 eiusdem,
925 524 973 601 qui
987 534 1051 585 sunt
1065 542 1150 601 gran·

113 621 147 676 nt
157 611 226 687 des,
249 629 313 671 cum
328 611 391 669 veri
407 618 500 668 testes
514 610 596 686 parvi
615 608 766 668 admodum
780 609 970 686 reperiantur.
997 618 1150 685 praeterea

154 714 192 754 ne
207 696 323 755 vesicas
338 693 452 773 quidem
475 710 559 767 esse,
580 710 645 751 cum
662 694 718 752 sint
739 694 890 768 geminae,
911 690 990 769 quod
1005 692 1074 751 nulli
1091 694 1173 756 ani-n

154 779 278 839 mulium.
306 779 336 837 in
357 777 401 835 his
423 775 561 835 folliculis
577 775 698 835 inveniri
714 776 855 853 liquorem
872 783 900 834 et
914 773 1062 835 adservari
1077 776 1162 835 sale·

153 865 251 941 itaque
266 864 343 922 inter.
356 859 544 939 probationes
558 858 626 918 falsi
642 877 709 919 esse
723 858 872 919 folliculos
891 860 1024 934 geminos
1039 877 1076 919 ex
1091 877 1148 919 uuo

153 964 229 1006 nexu
244 946 444 1025 dependentis,
462 941 539 1020 quod
557 945 651 1019 ipsum
668 944 812 1020 corrumpi
829 941 929 1003 fraude
948 944 1149 1003 conicientium

155 1032 285 1090 cummim
294 1027 504 1103 cumsanguine
512 1026 808 1101 antliammoniacum,
817 1026 1149 1104 quoniamHamnroniaci

110 1117 113 1125 “
155 1113 264 1173 coloris
280 1129 348 1172 esse
362 1109 496 1184 debeant,
510 1111 613 1169 tunicis
630 1110 806 1185 circumdati,
821 1109 936 1187 liquore
951 1110 1040 1170 veluti
1054 1109 1148 1169 mellis
1158 1130 1184 1169 ro

154 1199 261 1268 cerosi,
280 1195 370 1255 odore
389 1211 511 1269 graves,
527 1201 614 1269 gusto
630 1210 728 1253 amaro
743 1202 772 1252 et
787 1194 862 1269 acri,
879 1192 1020 1253 friabiles.
1050 1194 1148 1253 effica-

110 1289 147 1343 28
158 1280 265 1339 nissimi
279 1268 296 1337 'e
311 1278 403 1337 Ponto
419 1275 598 1354 delatisque,
615 1294 684 1337 mox
698 1276 808 1337 Africa.
829 1286 1024 1337 sternumenta
1040 1277 1150 1337 olfactu

153 1370 280 1421 movent.
312 1377 440 1420 somnum
455 1361 610 1419 conciliant
631 1378 694 1419 curn
709 1378 833 1420 rosaceo
850 1369 879 1420 ct
895 1360 1065 1439 peucedano
1081 1379 1147 1439 per·

153 1454 241 1505 uncto
257 1445 352 1521 capite
369 1453 399 1503 et
412 1460 467 1521 per
480 1461 513 1502 se
531 1444 592 1521 poti
606 1460 644 1502 eu
660 1462 743 1522 aqua,
761 1443 799 1503 ob
817 1444 845 1503 id
860 1444 1038 1521 phreneticis
1052 1445 1147 1504 utiles.

153 1532 223 1608 item
242 1528 420 1605 lethargicos
435 1526 533 1586 odoris
548 1527 645 1587 suilitu
659 1529 801 1604 excitant,
823 1527 1030 1607 volvarumque
1050 1530 1147 1589 exani·
1157 1545 1183 1586 ss

152 1612 294 1673 matioues
313 1611 363 1671 vel
385 1610 517 1687 subditu,
534 1629 570 1671 ac
585 1628 703 1671 menses
725 1619 754 1671 et
778 1611 921 1672 secundas
940 1614 1017 1671 cient
1039 1611 1147 1672 duabus

110 1696 297 1763 bodrachmis
317 1713 381 1755 curn
403 1694 502 1775 puleio
522 1713 559 1755 ex
577 1712 653 1773 aqua
675 1696 746 1774 poti.
774 1693 924 1755 medentur
948 1704 978 1755 et
999 1697 1147 1771 vertigini,

153 1780 355 1859 opisthotono,
371 1779 518 1856 tremulis,
536 1779 681 1857 spasticis,
698 1796 852 1839 nervorum
868 1780 955 1856 vitiis,
971 1778 1146 1855 ischiadicis,

153 1862 349 1941 stomachicis,
366 1863 544 1940 paralyticis,
561 1864 709 1941 perunctis
725 1862 866 1939 omnihus,
882 1862 931 1922 uel
946 1864 1003 1922 triti
1018 1863 1054 1922 ad
1070 1880 1146 1922 cras-

152 1948 303 2007 situdinem
316 1946 410 2006 mellis
427 1964 491 2005 curu
507 1948 615 2006 semiue
629 1947 733 2005 viticis
738 1964 776 2005 ex
793 1956 877 2006 aceto
893 1963 928 2006 ac
941 1964 1076 2006 rosaceo.
1105 1947 1182 2005 ricto

152 2039 182 2090 et
198 2038 297 2089 contra
311 2028 462 2089 comitialis
474 2032 592 2107 sumpti,
607 2030 670 2106 poti
689 2046 762 2089 vero
778 2038 878 2090 contra
893 2029 1070 2106 inflationes,
1088 2038 1146 2089 tor-

109 2126 145 2180 ³⁰
155 2115 241 2211 mirre,
256 2130 379 2171 uenena.
405 2112 564 2173 differentia
577 2121 684 2171 mutum
696 2122 795 2173 contra
811 2130 921 2189 genera
937 2123 981 2173 ast
994 2116 1145 2188 mixturae,

154 2198 263 2274 quippe
281 2195 420 2256 adversus
435 2198 609 2274 scorpiones
626 2184 663 2255 eti
678 2198 745 2257 vino
761 2194 905 2272 bibuntur,
920 2196 1062 2257 aduersus
1077 2196 1146 2275 pha·

153 2280 249 2356 leugis
263 2287 293 2338 et
307 2295 429 2339 araneos
443 2298 482 2339 ex
495 2278 588 2338 mulso
604 2281 643 2339 ita
658 2289 688 2339 ut
702 2280 858 2340 vomitione
872 2278 1038 2355 reddantur,
1055 2288 1103 2339 aut
1116 2289 1147 2339 ut

52 2355 60 2372 '
153 2364 352 2423 contineantur
366 2380 431 2421 cunr
447 2372 527 2438 ruta,
549 2362 687 2423 adversus
706 2362 851 2424 chalcidas
867 2382 930 2424 cum
944 2366 1073 2439 myrtite,
1096 2362 1144 2423 ad·
1154 2381 1181 2423 ιι

152 2465 255 2507 versus
269 2455 403 2506 cerasten
423 2455 453 2506 et
472 2455 621 2525 presteras
644 2464 708 2505 cunr
730 2464 840 2524 panace
860 2457 908 2507 ant
928 2456 991 2508 ruta
1013 2466 1049 2507 ex
1066 2448 1145 2522 vino,

151 2529 428 2591 adversusceteras
451 2532 596 2608 serpentis
617 2548 681 2591 cum
705 2531 780 2590 vino
810 2530 871 2589 dari
892 2530 974 2591 binas
995 2530 1147 2591 drachmas

108 2623 143 2679 ³1
155 2615 224 2675 satis
240 2622 296 2690 est,
312 2631 502 2691 eorumquae
519 2614 678 2674 adiciantur
695 2613 834 2690 singulas.
864 2615 1035 2675 auxiliantur
1046 2615 1145 2693 ‚priva-

151 2699 201 2758 tim
216 2698 442 2770 contreniscunt
457 2715 495 2757 ex
509 2705 608 2772 aceto,
630 2698 771 2758 adversus
786 2699 929 2758 aconitum
949 2716 986 2757 ax
1009 2698 1083 2759 lacte
1098 2706 1146 2757 aut

151 2799 237 2859 aqua,
244 2780 384 2841 aduersus
395 2780 575 2842 helleborum
582 2781 680 2841 album
689 2798 727 2840 ex
736 2798 809 2858 aqua
821 2781 912 2843 mulsa
924 2783 1066 2859 nitroque.
1083 2799 1143 2840 me·
1154 2791 1181 2834 ³⁰

50 2871 52 2876 '
128 2895 131 2900 >
151 2865 252 2924 deutur
263 2874 293 2924 et
304 2864 436 2926 dentibus
451 2864 536 2923 inlusi
553 2882 616 2924 cum
627 2865 696 2924 oleo
712 2865 770 2924 triti
785 2866 813 2923 in
829 2882 925 2925 aurern
941 2867 1048 2925 accius
1061 2874 1145 2942 parte

151 2947 282 3025 doleant,
306 2950 414 3022 uarium
434 2947 527 3009 dolori
546 2948 664 3022 melius,
688 2948 713 3005 si
733 2965 796 3007 cum
816 2951 960 3017 meconio.
985 2948 1144 3009 claritatem

149 3032 230 3093 visus
246 3032 353 3091 iaciunt
368 3046 433 3092 curn
444 3031 530 3091 melle
544 3032 644 3091 Attico
659 3032 774 3093 inuncti
800 3030 936 3093 cohibent
949 3032 1090 3108 singultus
1106 3049 1145 3089 ex

150 3125 247 3177 aceto.
273 3117 352 3175 urina
363 3133 479 3193 quoque
493 3114 558 3175 libri
574 3116 683 3173 resistit
698 3116 818 3173 venenis
834 3124 862 3175 et
877 3116 915 3175 ab
929 3114 981 3175 id
973 3133 1001 3174 ιιι
1015 3113 1144 3175 antidota

149 3199 270 3258 additur.
301 3198 471 3259 adservatur
491 3204 585 3259 antem
605 3206 723 3277 optume
744 3199 773 3257 in
794 3216 845 3258 sua
862 3200 977 3275 vesica,
1003 3208 1034 3257 ut
1054 3198 1181 3275 aliquisu

151 3284 322 3342 existimant.

106 3375 143 3430 32
214 3368 244 3425 4.
267 3367 351 3444 (14.)
379 3364 514 3426 Geminus
541 3364 671 3424 similiter
692 3366 784 3423 uictus
805 3367 835 3424 in
854 3365 935 3441 aquis
957 3320 1092 3442 terreque
1114 3372 1146 3423 et

150 3450 322 3510 testudinum
337 3449 527 3527 effectusque,
544 3449 605 3525 pari
612 3447 733 3508 bonore
747 3446 879 3510 habendo
895 3447 943 3507 vel
956 3456 1078 3527 propter
1091 3464 1143 3507 eu·
