2484 3817
247 210 253 225 .
322 177 402 225 sur.
418 176 509 224 mrsu.
528 160 665 223 nxxuu.
683 174 710 229 o.
726 174 753 229 ι.
771 165 920 245 (ιιψιι.)
1075 164 1117 230 33

126 330 257 392 Cloeliae
272 349 388 410 qnoque
402 329 471 390 Piso
487 330 615 391 traderet
630 331 667 391 ab
682 333 718 391 iis
734 333 917 411 positam'qni
933 350 987 391 una
999 333 1117 394 obsides

125 417 265 493 fuissent,
283 414 402 476 redditis
421 434 437 473 a
451 413 572 474 Porsina
587 416 617 473 in
633 414 775 478 honorem
789 418 870 491 eius,
892 414 1042 476 ediverso
1058 417 1118 476 An·

125 501 188 559 nius
205 499 319 560 ‘fetialis
341 506 525 575 equestrem,
547 516 620 576 quae
645 498 735 558 fuerit
762 508 862 574 contra
888 498 967 559 lovis
992 499 1117 562 Statoris
1195 569 1204 588 ⁶

125 584 225 643 aedem
246 586 275 643 iu
297 581 443 643 vestibulo
464 581 590 660 Superbi
616 581 734 657 domus,
757 582 894 642 Valeriae
912 582 1005 644 fuisse
1022 583 1118 645 Publi·

104 667 208 728 scolae
235 663 363 728 consulis
387 666 481 741 iiliae,
510 682 631 742 eamque
651 663 743 724 solam
765 666 912 742 refugisse
932 664 1117 746 Tiberimque

125 753 350 811 transnatavisse
370 751 489 809 ceteris
515 748 667 808 obsidibus
695 749 744 826 qui
764 747 906 809 Porsinae
931 750 1119 842 mittebantur

124 836 304 913 interemptis
322 829 462 911 Tarquini
473 832 595 892 insidiis.

188 918 268 1003 (14.)
285 916 388 977 Lucius
404 915 473 975 Piso
491 915 618 994 prodidit
632 915 671 975 hl.
689 915 815 975 Aemilio
832 913 863 976 C.
879 915 995 994 Popilio
1011 919 1115 977 iterum
1126 926 1162 981 30

124 1020 199 1062 coss.
219 1021 236 1062 a
256 1000 429 1061 censoribus
445 998 478 1060 P.
496 997 636 1059 Cornelio
657 998 796 1077 Scipione
819 999 857 1059 hl.
872 999 987 1080 Popilio
1009 1008 1117 1061 statuas

92 1087 200 1145 rocirca
215 1086 310 1145 forum
322 1101 422 1144 eorum
434 1086 481 1162 qui
496 1085 693 1160 magistratum
707 1092 862 1160 gesserant
879 1084 1006 1144 sublatas
1027 1086 1118 1143 omnis

123 1177 243 1247 praeter
256 1186 305 1229 eas
318 1186 392 1246 qnae
405 1164 505 1246 populi
517 1176 566 1226 aut
580 1176 698 1227 senatus
710 1168 855 1227 sententia
867 1176 992 1229 statutae
1005 1176 1118 1244 essent,

122 1270 187 1313 eam
203 1270 274 1313 vero
291 1269 374 1330 quarn
390 1252 464 1329 apud
478 1251 580 1311 aedem
595 1249 721 1311 Telluris
741 1253 893 1311 statuisset
908 1252 964 1311 sibi
982 1250 1034 1330 Sp.
1051 1248 1119 1311 Cas·
1155 1279 1158 1290 ·

123 1338 184 1396 sius
205 1338 253 1416 qui
271 1353 392 1412 regnum
408 1335 604 1405 adfectaverat
626 1336 712 1395 etiam
731 1333 884 1394 conflatam
903 1335 1116 1396 accusoribns.

123 1422 253 1480 nimirum
273 1421 303 1479 iu
325 1436 360 1479 ea
381 1437 498 1519 quoque
520 1437 553 1479 re
573 1419 760 1479 ambitionem
778 1418 975 1495 providebant
992 1419 1034 1480 iili
1051 1420 1116 1478 viri.

90 1524 115 1565 rs
125 1513 239 1564 exstant
255 1503 397 1563 Catonis
389 1522 418 1563 ιιι
434 1520 557 1563 censura
571 1504 800 1563 vociferationes
816 1499 984 1561 mulieribus
1002 1510 1112 1562 statuas
1125 1514 1159 1568 31
1176 1495 1181 1510 '

122 1586 287 1647 Romanis
279 1607 308 1647 ru
324 1588 483 1665 provinciis
499 1587 578 1664 poni.
611 1604 668 1645 nec
687 1592 782 1643 tamen
797 1585 893 1661 potuit
909 1585 1042 1645 inhibere
1058 1604 1116 1664 qno

122 1675 212 1731 minus
227 1670 338 1730 Romae
351 1685 470 1747 quoque
490 1676 685 1764 ponerentur,
704 1669 788 1727 sicuti
805 1664 960 1751 Cprneliae
975 1667 1117 1729 Graccho·

122 1774 184 1814 rum
197 1756 298 1829 matri,
322 1770 397 1831 quae
419 1752 473 1811 fuit
485 1751 613 1809 Africani
632 1751 739 1828 prioris
761 1733 843 1811 lilia.
862 1752 969 1812 sedens
984 1752 1051 1812 huic
1065 1770 1117 1831 po·

124 1840 178 1895 sita
192 1836 342 1914 soleisque
360 1837 423 1893 sine
444 1835 610 1893 ammento
601 1835 724 1911 insignis
744 1834 775 1893 in
787 1832 900 1895 Metelli
919 1836 1034 1915 publica
1050 1854 1117 1915 por·

87 1935 113 1975 20
125 1912 196 1995 tien,
216 1936 289 1995 quae
305 1925 398 1977 statua
413 1935 487 1978 nunc
503 1919 575 1978 est'
566 1936 596 1977 ιιι
614 1916 753 1979 Octaviae
769 1919 919 1996 operibns.

186 2002 268 2082 (15.)
294 2002 413 2063 Publice
438 2010 532 2061 autem
557 2002 593 2062 ab
623 2000 734 2063 exteris
757 2004 853 2081 posita
876 2012 922 2063 est
942 2003 1053 2063 Romae
1078 2001 1111 2065 C.
1124 2014 1160 2069 33

124 2086 211 2147 Aelio
226 2086 341 2146 tribuno
359 2085 454 2164 plebis
467 2085 536 2163 lege
556 2086 698 2164 perlata
688 2105 719 2145 m
733 2085 900 2146 Sthennium
915 2087 1046 2148 Stailium
1062 2087 1116 2147 bu·

123 2190 221 2231 canum
235 2172 283 2249 qni
299 2168 442 2230 Thurinos
461 2170 505 2228 bis
521 2171 722 2247 infestaverat.
763 2169 800 2230 ob
824 2170 853 2229 id
868 2170 982 2231 Aelium
998 2171 1115 2232 Thurini

106 2264 216 2317 statua
241 2263 271 2314 et
292 2271 401 2313 corona
421 2271 508 2313 aurea
529 2242 678 2314 donarunt.
714 2252 802 2313 iidem
827 2264 932 2352 postea
953 2254 1115 2316 Fabricium

87 2340 269 2399 asdouavere
301 2346 394 2397 statua
426 2336 541 2397 liberati
567 2337 739 2413 obsidione,
765 2339 931 2417 passimque
956 2347 1061 2415 gentes
1085 2341 1115 2398 in
1179 2382 1183 2395 .

123 2422 273 2481 clientelas
290 2424 331 2483 ita
345 2429 501 2500 receptae,
522 2429 552 2481 et
568 2422 641 2483 adeo
658 2421 812 2481 discrimen
827 2440 912 2482 omne
928 2422 1069 2482 sublatum
1084 2431 1116 2481 nt

123 2504 288 2564 Hannibalis
303 2507 389 2564 etiam
401 2513 512 2565 statuae
525 2504 617 2565 tribus
629 2503 702 2564 locis
716 2507 845 2566 visantur
855 2507 885 2565 in
896 2524 931 2566 ea
945 2504 1018 2565 urhe
1033 2507 1114 2565 cuius

124 2590 196 2647 intra
212 2606 308 2647 muros
324 2588 404 2647 solus
417 2587 541 2648 hostium
555 2590 651 2649 emisit
664 2588 782 2650 hastam.

185 2673 212 2730 7.
230 2672 311 2749 (16.)
325 2671 429 2731 Fuisse
440 2680 535 2733 antem
546 2674 712 2732 statuariam
727 2681 819 2732 artem
829 2672 997 2733 familiarem
1010 2674 1110 2735 ltaliae
1121 2685 1159 2740 33

89 2772 238 2832 aequoque
254 2763 285 2814 et
308 2761 449 2814 vetustam
469 2756 595 2816 indicant
609 2754 750 2815 Hercules
770 2756 807 2815 ab
821 2754 955 2817 Evandro
971 2767 1113 2835 sacratus,

124 2847 153 2897 ut
175 2838 315 2916 produnt,
337 2838 366 2896 in
389 2838 594 2915 foro-boario,
618 2840 665 2916 qui
688 2838 865 2916 triumphalis
886 2849 1007 2901 vocatur
1026 2850 1113 2920 atque

123 2940 176 2999 per
198 2920 357 2999 triumphos
378 2922 501 2981 vestitur
524 2922 624 2983 habitu
646 2921 825 3000 triumphali,
853 2932 1007 3000 praeterea
1027 2925 1112 2987 lanus

123 3008 254 3081 geminus
270 3022 286 3064 a
301 3004 392 3064 Numa
407 3021 479 3080 rege
494 3005 626 3078 dicatus,
640 3007 688 3082 qni
704 3006 784 3082 pacis
799 3005 928 3085 bellique
943 3017 1112 3085 argumento
1234 3015 1235 3028 ¹

123 3089 228 3148 colitur
238 3088 336 3167 digitis
349 3088 387 3147 ita
397 3087 527 3163 figuratis
542 3097 572 3148 nt
584 3086 736 3148 CCCLXV
747 3087 858 3147 dierum
867 3099 936 3152 nota
947 3100 996 3152 aut
1010 3110 1064 3170 per
1075 3094 1112 3153 sir
1233 3107 1234 3120 ¹

87 3190 113 3231 ae
123 3172 335 3249 gnificationem
347 3172 411 3253 anni
424 3173 562 3249 temporis
573 3180 604 3232 et
614 3174 679 3232 aevi
690 3190 758 3231 esse
777 3170 859 3231 deum
871 3174 1008 3235 indicent.
1027 3178 1109 3254 signa
1121 3186 1157 3243 34
1232 3197 1233 3206 ¹

124 3273 239 3333 quoquc
255 3254 411 3315 Tuscanica
428 3271 482 3333 per
497 3263 589 3315 terras
605 3254 755 3335 dispersa,
777 3273 851 3333 quae
868 3258 941 3336 quin
954 3260 984 3319 in
997 3258 1112 3320 Etruria
1230 3295 1232 3302 >

122 3339 250 3399 factitata
274 3340 332 3398 sint
351 3356 410 3398 nou
432 3346 478 3399 est
500 3337 623 3398 dubium.
658 3338 779 3399 deorum
802 3347 908 3400 tantum
926 3350 1057 3419 putarem
1078 3361 1114 3403 ea
1230 3357 1231 3382 l

121 3422 230 3500 luisse,
251 3423 279 3483 ni
296 3421 481 3484 Metrodorus
496 3422 635 3501 Scepsius
654 3423 700 3483 cui
716 3439 880 3501 cognomen
894 3442 911 3484 a
925 3423 1045 3487 Romani
1061 3443 1114 3486 no·
