2484 3817
156 246 161 251 fl
265 218 269 237 ,
292 173 372 219 unu.
395 172 486 219 mrsu.
507 170 633 218 xxxin.
653 170 678 222 s.
696 170 726 223 0.·
745 157 892 240 (at-aa.)
1049 159 1088 219 m

99 328 145 389 eul
161 328 305 387 invenitur
319 327 381 386 alia.
403 324 459 385 hoe
474 325 589 403 quidem
607 334 638 384 et
654 326 996 403 in'omui'lere'materia,
1015 324 1090 385 unde

99 411 213 471 metalla
228 410 328 471 Graeci
342 409 477 469 videntur
493 410 611 468 dixisse.
648 411 748 467 mirum
763 407 855 467 adhue
870 426 924 484 per
938 408 1090 487 Hispanias

100 495 134 554 ab
146 494 303 554 Hannibale
319 493 470 553 inchoatos
486 492 590 552 durare
606 500 721 568 puteos.
745 510 795 550 sua
813 492 926 549 uomina
941 491 976 550 ab
991 494 1091 553 inven-

101 578 211 637 toribus
229 577 353 653 habent,
373 594 410 635 ex
426 578 491 652 quis
507 575 639 634 Baebelo
660 572 822 652 appellatur
840 574 927 634 hodie
946 576 994 651 qui
1015 573 1131 642 00090

79 680 91 717 5
100 662 195 739 pondo
210 659 361 720 Hannibali
377 658 602 718 subministravit
621 659 651 717 in
673 657 754 733 dies,
776 657 810 715 ad
826 656 904 717 001)
919 675 1021 735 passus
1037 660 1091 717 iam

99 752 199 803 eavato
221 752 336 819 monte,
364 740 518 821 per'quod
536 742 659 819 spatium
680 740 817 817 Aquitani
839 742 985 801 instantes
1001 744 1091 800 noeti-

71 872 73 880 s
99 827 153 886 bus
178 827 339 905 diebusque
362 833 486 903 egerunt
508 842 595 901 aquas
612 824 794 884 lucernarum
818 842 951 884 mensura
970 843 1092 894 amnem-

99 929 155 988 que
178 912 294 969 iaciunt.
332 910 445 986 argenti
467 926 542 967 uena
564 909 593 967 iu
617 924 726 966 summo
747 915 866 985 reperta
883 907 1016 967 crudaria
1039 926 1087 985 ap·
1098 915 1133 973 08

99 993 233 1071 pellatur.
275 994 339 1051 linis
364 993 489 1068 antiquis
518 991 647 1052 fodiendi
678 990 794 1051 solebat
820 1010 888 1050 esse
915 991 1028 1050 alumen
1049 993 1091 1049 in·

64 1085 231 1151 inventum,
253 1076 328 1135 ultra
340 1067 643 1155 'nihil'quaerebatur
679 1092 772 1152 nuper
793 1075 910 1134 inventa
925 1076 1002 1133 aeris
1017 1093 1092 1135 vena

97 1160 171 1218 infra
192 1158 305 1218 alumen
324 1158 427 1217 nullum
443 1160 528 1217 linem
546 1160 610 1236 spei
627 1160 707 1218 lecit.
743 1157 817 1217 odor
833 1176 870 1216 ex
888 1160 1001 1235 argenti
1018 1155 1090 1217 fodi·
1170 1223 1173 1234 ¹

97 1245 142 1299 nis
174 1242 304 1301 inimicus
336 1242 465 1306 omnibus
498 1241 691 1318 animalibus,
722 1241 773 1300 sed
802 1260 932 1301 maxume
961 1240 1091 1300 ea'nibus.

98 1324 208 1383 hurum
223 1334 429 1402 argentumque
446 1344 503 1403 quo
521 1325 637 1385 mollius
653 1324 864 1403 eopulohri'us.
895 1325 979 1384 linias
995 1343 1033 1384 en
1047 1342 1092 1384 ar·

98 1416 187 1485 genio
204 1410 301 1485 nigras
317 1408 452 1486 praeduci
468 1408 600 1486 plerique
615 1411 759 1468 mirantur.

64 1513 89 1551 15
161 1492 244 1571 (32.)
272 1490 326 1551 Est
348 1500 377 1552 et
399 1493 471 1570 lapis
489 1494 518 1550 in
540 1491 584 1551 his
608 1493 692 1551 uenis
718 1491 798 1549 euius
825 1492 936 1549 uomica
964 1492 1086 1569 liquoris
1097 1499 1132 1557 99

98 1578 209 1635 aeterni
225 1584 373 1651 argeutum
388 1578 485 1635 vivom
503 1575 673 1652 appellatur.
697 1591 839 1632 venenum
855 1582 952 1633 rerum
968 1576 1091 1633 omnium
1118 1615 1121 1630 ,

42 1670 44 1675 ·
99 1667 145 1717 est
161 1661 387 1736 perrumpitque
399 1676 468 1716 vasa
485 1674 656 1734 permanans
673 1656 740 1715 tabe
755 1655 825 1715 dira.
858 1660 952 1717 omnia
968 1660 996 1717 ei
1012 1659 1089 1717 inna-

99 1750 159 1800 tant
174 1750 292 1819 praeter
314 1758 426 1814 aurum,
446 1740 475 1797 id
495 1757 579 1797 unum
599 1737 633 1797 ad
655 1757 688 1797 se
705 1739 801 1798 trahit.
836 1740 903 1800 ide'o
924 1742 959 1801 et'
972 1750 1088 1818 optume

59 1890 61 1901 y
98 1832 218 1901 purgat,
234 1831 348 1882 ceteras
365 1824 427 1880 eius
444 1822 539 1881 sordis
553 1839 699 1899 exspuens
715 1823 820 1883 crebro
834 1826 940 1883 iactatu
951 1823 1088 1884 fictilibus

61 1909 127 1968 eoin
143 1908 230 1963 vasis.
260 1907 298 1963 ita
314 1906 392 1963 vitiis
409 1906 533 1981 eiectis,
552 1913 583 1963 ut
598 1914 629 1964 et
643 1908 736 1983 ipsum
752 1906 788 1966 ab
803 1924 873 1966 auro
888 1907 1034 1985 discedat,
1058 1909 1088 1967 in

99 1987 185 2066 pellis
216 1989 348 2047 subactas
376 1988 529 2047 elluuditur
553 2007 608 2066 per
634 2002 705 2067 quas
728 1990 843 2049 sudoris
869 1992 935 2051 vioe
956 1991 1087 2052 delluens

98 2090 199 2149 purum
214 2071 351 2151 relinquit
366 2089 470 2131 aurum.
505 2090 578 2149 ergo
593 2080 623 2132 et
638 2092 701 2132 eum
713 2090 781 2133 aera
795 2076 979 2153 inaurentur,
1000 2073 1066 2134 sub·
1078 2070 1129 2141 100

97 2156 178 2215 litum
192 2156 313 2215 bratteis
327 2154 556 2233 pertinacissime
575 2159 701 2234 retinet,
723 2176 822 2217 verum
846 2159 958 2236 pallore
976 2159 1088 2236 detegit

98 2239 236 2316 simplicis
254 2248 300 2319 aut
315 2241 482 2317 praetenuis
500 2240 637 2299 bratteas.
652 2249 831 2318 quapropter
845 2242 874 2301 id
885 2243 990 2303 lurtum
1001 2262 1087 2321 qnae-

60 2331 197 2383 iuremus
218 2326 265 2382 ovi
282 2323 397 2401 liquore
419 2322 539 2382 candido
562 2326 643 2381 usum
662 2342 726 2384 eum
740 2326 958 2404 adulterarem,
975 2344 1043 2386 mon
1058 2335 1087 2386 et

97 2406 294 2482 hydrargyro,
316 2408 352 2466 de
373 2424 430 2484 quo
451 2405 579 2466 dicemus
602 2424 655 2465 suo
676 2407 754 2469 loeo.
790 2408 827 2468 Et
848 2410 919 2470 alias
934 2418 1129 2489 argentumm

97 2491 195 2547 vivom
209 2507 266 2547 uon
281 2489 390 2566 largum
406 2492 552 2550 inventum
568 2498 623 2549 est.

161 2571 241 2649 (33.)
264 2572 296 2631 lu
313 2573 415 2636 iisdem
436 2576 547 2651 argenti
569 2574 694 2633 metallis
712 2577 874 2653 invenitur,
895 2576 1128 2655 ut'proprie101

99 2654 242 2731 dicamus,
259 2672 375 2733 spumae
395 2656 468 2733 lapis
486 2657 625 2717 candidae
635 2660 829 2736 nitentisqne,
844 2678 904 2719 uou
919 2669 1014 2720 tamen
1031 2669 1088 2720 tra·

60 2755 88 2799 ao
99 2738 239 2815 lucentis,
261 2739 336 2800 stimi
357 2739 518 2817 adpellant,
540 2740 587 2799 alii
608 2741 695 2816 stibi,
719 2742 767 2800 alii
790 2742 978 2820 alabastrum,
999 2743 1087 2821 aliqui

98 2821 241 2881 larbasim.
277 2820 333 2879 duo
356 2824 419 2883 eius
436 2841 561 2900 genera,
585 2842 645 2882 mas
666 2842 699 2883 ae
714 2825 828 2885 leonina.
856 2828 947 2904 magis
962 2827 1089 2904 probant

97 2906 246 2981 feminam,
261 2903 406 2965 horridior
422 2915 467 2965 est
479 2924 538 2965 mas
554 2907 743 2984 scabriorque
756 2918 786 2968 et
799 2910 890 2968 minus
905 2909 1088 2989 ponderosus

98 2991 248 3066 minusque
266 2988 377 3061 radians
394 2998 423 3047 et
438 2988 628 3067 harenosior,
649 2991 754 3050 femina
767 2992 867 3064 eontra
883 2996 973 3071 nitet,
990 2993 1088 3053 iriabi·
1120 3051 1125 3076 ἲ

97 3072 153 3148 lis,
169 3070 336 3149 fissurisque
353 3071 520 3148 uonglobis
536 3072 700 3133 dehiscens.
822 3147 824 3150 ι
1032 3100 1036 3110 ’

162 3154 241 3236 (34.)
268 3155 320 3215 Vis
344 3157 406 3215 eius
427 3154 608 3231 adstringere
632 3174 665 3216 ae
679 3158 874 3237 refrigerare,
896 3159 1064 3239 prineipalis
1077 3171 1128 3223 102

97 3248 192 3299 autem
220 3242 295 3299 eirea
324 3239 443 3316 oeulos,
478 3254 598 3315 namque
632 3240 701 3299 ideo
733 3244 818 3301 etiam
838 3244 972 3322 plerique
995 3244 1096 3323 platy-⁴

99 3321 286 3401 ophthalmou
298 3322 326 3381 id
338 3324 539 3402 appellavere,
551 3324 684 3399 quoniam
703 3327 733 3383 in
751 3326 967 3407 calliblepharis
985 3327 1085 3389 mulie·

97 3425 160 3467 rum
175 3406 276 3467 dilatet
291 3407 401 3468 oculos.
431 3416 461 3467 et
477 3405 630 3465 ductiones
643 3406 757 3493 inhibet
772 3411 920 3472 oculorum
937 3410 1084 3472 exulcera-
