2484 3817
145 224 183 286 16
463 236 602 287 emmau
615 236 767 285 succum
829 196 834 204 ¹

144 389 275 451 cauliculi
289 389 530 467 efflorescentes,
552 398 582 449 ut
597 392 670 450 einis
685 391 769 468 spodi
784 392 877 450 vicem
890 397 1040 467 praestet,
1061 392 1143 451 vino·

145 492 201 551 que
222 473 317 533 inluso
340 475 444 533 iterum
466 476 565 533 uritur.
604 476 828 552 suppurationes
853 482 883 534 et
906 490 998 551 panos
1020 474 1144 534 inlinunt

145 560 244 617 cinere
265 572 302 616 eo
317 556 365 617 vel
386 556 466 616 loliis
487 558 578 617 tunsis
594 576 659 616 curn
677 556 773 617 malle.
806 557 909 617 oculos
923 574 996 617 vero
1013 576 1077 617 cum
1091 574 1144 634 pc·

144 640 232 700 lenta.
270 656 355 700 sucus
376 640 489 701 fruticis
510 642 639 700 recentis
659 643 775 701 accensi
792 640 943 701 destillans
958 649 1040 701 sanat
1054 640 1144 700 liche-

102 734 137 789 Π
148 742 215 798 nas,
230 723 374 800 lurlures,
389 725 531 784 manantia
547 723 655 783 ulcera.
686 742 750 783 nam
764 725 881 783 lacrima
897 741 971 800 quae
985 742 1024 785 ex
1035 724 1166 784 arbores

145 811 209 885 ipsa
230 807 375 885 destillat,
399 807 593 884 Aethiopicae
612 825 742 868 maxume
758 808 861 883 oleae,
883 808 980 870 mirari
995 808 1069 867 satis
1086 825 1146 880 non

146 899 192 951 est
205 897 342 967 repertos
358 893 406 968 qui
421 891 549 950 dentium
566 890 687 951 dolores
705 891 869 951 inlinendos
885 898 1042 951 censerem
1056 907 1146 951 venc-

145 992 211 1033 num
224 993 292 1033 esse
308 974 528 1052 praedicantes,
545 982 632 1050 atque
647 976 734 1033 etiam
748 976 780 1034 in
795 974 926 1034 oleastro
940 973 1144 1051 quaerendum.

146 1076 164 1117 e
178 1058 275 1117 radice
289 1057 373 1117 oleae
388 1073 473 1133 qnam
489 1058 663 1117 tenerrimae
675 1066 780 1117 cortex
793 1059 913 1117 derasus
928 1058 957 1116 in
967 1056 1026 1117 mel
1035 1056 1145 1117 erebro

146 1148 264 1218 gustatu
285 1139 418 1198 medetur
440 1142 608 1216 sanguinem
624 1141 813 1205 reicientibus
828 1149 860 1200 et
873 1148 1030 1219 suppurata
1046 1148 1145 1201 extus·
1157 1155 1180 1196 uo

146 1224 297 1284 aientibus.
327 1223 419 1298 ipsius
444 1222 528 1283 oleae
549 1225 622 1283 cinis
639 1242 703 1283 cum
716 1224 840 1300 axungia
854 1233 984 1283 tumores
999 1232 1081 1284 sanat
1094 1242 1147 1285 ex·

148 1306 292 1382 trahitque
307 1304 412 1363 fistulis
427 1306 498 1365 vitia
510 1314 543 1366 et
558 1308 639 1384 ipsas
653 1315 743 1367 sanat.

105 1440 140 1497 73
211 1428 292 1508 (36.)
337 1426 439 1489 Olivae
461 1430 544 1491 albae
568 1431 716 1492 stomacho
742 1430 893 1507 utiliores,
923 1432 1019 1490 ventri
1042 1432 1144 1491 miuus.

148 1512 325 1593 praeclarum
344 1510 451 1573 babent
469 1531 549 1574 usum
570 1523 724 1593 autequam
743 1515 913 1574 condiantur
934 1522 1070 1574 recentes
1090 1532 1145 1592 per

147 1615 181 1657 se
205 1596 262 1655 cibi
283 1595 369 1657 modo
391 1595 558 1657 devoratae.
592 1598 743 1659 medentur
765 1600 840 1657 enim
856 1597 1018 1658 harenosae
1032 1599 1145 1672 urinae,
1159 1614 1180 1652 aa

147 1681 217 1739 item
235 1678 369 1739 dentibus
385 1697 500 1740 caruem
513 1681 673 1741 mandendo
688 1683 793 1741 attritis
808 1690 856 1741 aut
870 1680 1029 1741 convolsis.
1062 1682 1146 1757 nigra

148 1762 225 1823 oliva
247 1762 394 1823 stomacho
414 1762 559 1841 inutilior,
584 1767 680 1824 ventri
697 1766 827 1842 facilior,
849 1766 954 1843 capiti,
977 1764 1068 1823 oculis
1087 1782 1146 1823 non

148 1847 292 1906 convenit.
321 1855 443 1924 utraque
459 1848 596 1908 ambustis
612 1850 734 1927 prodest
749 1850 815 1910 trita
830 1857 860 1909 et
876 1848 965 1908 inlita.
995 1846 1048 1907 sed
1062 1848 1147 1924 nigra
1228 1851 1229 1854 ’

147 1928 406 2005 commanducatur,
440 1939 470 1989 et
489 1935 622 2008 protinus
645 1953 683 1993 ex
705 1952 758 1993 ore
778 1934 905 2012 inposita
926 1930 1042 2011 pusulas
1063 1933 1145 2009 gigni

146 2011 292 2091 probibet.
323 2010 508 2089 colymbades
530 2015 648 2075 sordida
662 2017 760 2077 ulcera
775 2024 915 2097 purgant,
938 2014 1056 2076 inutiles
1072 2014 1181 2073 diiii-ac

148 2092 303 2155 saltatibus
318 2098 427 2154 urinae.

106 2229 141 2284 ta
210 2217 291 2295 (37.)
319 2216 364 2277 lle
389 2235 502 2277 amurca
530 2227 696 2297 poteramus
723 2220 817 2279 videri
837 2222 908 2279 satis
928 2220 1039 2280 dixisse
1059 2218 1147 2283 Gato·

108 2300 248 2385 1ξῇῗίιθιιι
264 2302 376 2377 secuti,
398 2302 452 2362 sed
466 2301 612 2363 reddenda
626 2300 786 2360 medicinae
800 2319 916 2378 quoque
932 2311 987 2362 est.
1016 2306 1146 2380 gingivis

149 2391 179 2443 et
204 2383 264 2441 oris
287 2382 452 2461 ulceribus,
474 2384 599 2445 dentium
613 2384 766 2443 stabilitati
781 2385 981 2445 efficacissima
995 2387 1145 2463 subvenit,

147 2468 218 2526 item
241 2466 356 2543 ignibus
377 2470 467 2527 sacris
489 2468 582 2526 infusa
599 2475 630 2525 et
643 2466 688 2525 his
701 2483 776 2543 quae
791 2476 919 2544 serpunt.
952 2469 1144 2545 pernionibus
1157 2490 1183 2529 aa

148 2552 250 2625 nigrae
266 2549 361 2610 olivae
377 2562 491 2609 amurca
506 2549 623 2625 utilior,
640 2550 711 2608 item
727 2550 882 2609 infantibus
897 2551 1043 2628 fovendis,
1059 2551 1146 2613 albae

148 2650 221 2691 vero
236 2632 386 2693 mulierum
400 2633 505 2693 volvae
517 2635 547 2692 in
561 2632 626 2693 lana
636 2632 813 2692 admovetur.
838 2633 929 2693 multo
942 2643 1038 2695 autem
1050 2638 1146 2699 omnis

149 2732 263 2774 amurca
284 2716 405 2775 decocta
426 2717 581 2777 efficacior.
614 2718 748 2793 coquitur
761 2718 792 2777 in
807 2714 916 2794 cyprio
932 2735 1002 2776 uase
1016 2718 1052 2779 ad
1066 2736 1145 2780 cras·

151 2798 305 2857 citudinem
323 2799 426 2859 mellis.
462 2817 531 2860 usus
555 2801 618 2860 eius
643 2816 706 2859 cnm
723 2808 808 2861 aceto
831 2807 880 2859 aut
893 2802 962 2861 vinc
978 2810 1081 2861 vetere
1094 2810 1145 2861 aut

149 2879 254 2957 mulso,
268 2889 301 2940 ut
310 2898 443 2960 quaeque
458 2901 543 2944 causa
557 2885 662 2961 exigit,
676 2884 706 2942 in
720 2885 899 2943 curationem
915 2885 988 2960 oris,
1005 2884 1144 2960 dentium,
1152 2901 1182 2941 ao

108 2966 280 3041 teucrium,
294 2965 423 3026 ulcerum
435 2969 617 3043 manantium,
631 2967 810 3044 genitalium,
825 2966 986 3045 rbngaduun
1017 2968 1144 3029 volneri·

150 3047 204 3107 bus
225 3049 254 3106 in
273 3046 402 3109 linteolis
423 3051 586 3127 inponitur,
610 3050 715 3111 luxatis
737 3052 766 3109 in
787 3050 867 3127 lana,
893 3053 997 3128 ingens
1012 3049 1059 3112 bio
1073 3068 1143 3110 usus

150 3131 249 3207 utique
267 3133 430 3193 inveterato
447 3133 671 3210 medicamento,
690 3134 749 3194 tale
766 3136 842 3216 anim
856 3134 966 3195 fistulas
981 3142 1070 3195 sanat.
1100 3134 1143 3193 iu·

150 3213 276 3273 funditur
297 3216 393 3293 sedis,
420 3217 603 3293 genitalium,
630 3216 735 3277 volvae
757 3216 984 3292 exulcerationi,
1013 3216 1142 3277 inlinitur

151 3312 225 3357 vero
240 3297 377 3376 podagris
392 3300 607 3378 incipientibus,
623 3302 692 3359 item
702 3299 873 3359 articulariis
883 3300 1001 3361 morbis.
1031 3302 1057 3359 si
1068 3316 1141 3359 vero
1153 3321 1182 3362 as

152 3397 215 3439 eum
232 3383 382 3459 omphacio
396 3393 572 3463 recoquatur
589 3385 627 3444 nd
644 3382 738 3443 mobis
749 3382 978 3459 erassitudinem,
993 3384 1141 3445 cammios

152 3462 246 3523 dentis
262 3458 404 3544 extrahit,
422 3469 491 3530 item
507 3471 698 3528 iumentorum
712 3465 839 3526 scabiem
853 3483 916 3527 eum
928 3464 1053 3527 decocto
1069 3464 1142 3544 lupi·
