2484 3817
500 28 504 59 ,
527 6 529 17 ,

355 164 434 213 nnn.
450 164 539 213 uren.
557 164 692 211 xxxam.
710 161 737 215 6.
754 150 827 233 (19.)
1045 154 1084 214 45

94 318 200 399 reponi
235 336 456 399 apoxyomenon
490 317 665 394 flagitaverit
697 319 893 399 princepsque
919 336 1086 398 quamquam

96 406 251 465 adamatum
266 404 442 482 reposuerit.
477 400 645 462 nobilitatur
658 400 802 479 Lysippus
824 412 855 463 et
875 404 1030 465 temulenta
1048 405 1081 463 ti·
1092 413 1127 468 ’63

96 488 189 547 bicina
204 496 234 547 et
249 487 366 548 canibus
381 486 601 559 aevenatiene,
616 484 760 561 inprimis
777 504 850 546 vero
866 487 1003 564 quadriga
1022 505 1085 546 oum

97 570 167 630 Sole
184 568 372 631 Rhodiorum.
412 570 484 628 lacit
504 576 535 627 et
548 567 743 627 Alexandrum
755 568 889 647 llognum
902 570 998 629 multis
1014 588 1084 647 ope·

72 654 174 714 nribus
199 673 214 715 a
237 656 361 732 pueritia
385 654 448 713 eius
476 668 570 711 orsus.
610 668 693 729 quam
712 659 833 726 statuam
854 654 979 713 inaurari
1002 655 1085 712 iussit

94 736 174 798 Nero
197 740 332 818 princeps
354 736 515 797 delectatus
536 734 685 794 admodum
708 734 774 812 illa,
794 735 880 815 dein,
902 754 964 795 eum
987 738 1084 813 pretio

94 823 222 900 perisset
237 823 329 898 gratia
344 822 425 896 artis,
438 816 596 879 detractum
607 826 653 878 est
664 836 773 905 aarum,
786 820 1002 898 pretiosiorque
1018 818 1084 878 talis

95 905 316 965 existimabatur·
335 906 420 963 etiam
441 901 747 980 cicatricibusoperis
769 912 856 981 atqua
875 903 1035 963 concisuris
1055 904 1102 971 in„

94 989 197 1067 quibus
215 1005 313 1047 aurum
334 988 427 1051 iuerat
451 986 675 1045 remanentibus.
710 986 787 1053 idem
807 989 877 1047 iecit
890 986 1127 1064 Hephaestio-64

59 1085 84 1125 10
94 1090 158 1132 nem
179 1070 338 1131 Alexandri
356 1068 451 1147 lllagni
472 1070 608 1145 amicum,
632 1087 716 1147 quem
739 1070 852 1148 quidam
873 1069 1017 1145 Polyclito
1037 1068 1085 1128 ad·
1199 1126 1202 1132 .

94 1146 239 1231 scribunt,
263 1171 326 1213 eum
340 1155 366 1212 is
381 1162 494 1213 centum
508 1169 602 1231 prope
624 1154 705 1213 annis
721 1161 789 1213 ante
803 1154 910 1229 inerit,
930 1156 999 1213 item
1015 1152 1084 1211 Ale·

93 1236 192 1298 nandri
204 1239 388 1297 venationem
401 1254 474 1314 quae
486 1235 609 1313 Delphis
620 1244 733 1296 sacrata
745 1245 802 1315 est,
810 1236 934 1297 Athenis
941 1236 1083 1313 Satyrum,

92 1331 211 1381 turmam
234 1319 392 1381 Alexandri
421 1322 527 1398 in'qua
548 1322 704 1380 amicornm
726 1322 789 1381 eius
813 1322 954 1398 imagines
977 1338 1083 1380 summa

93 1408 214 1465 omniurn
237 1402 422 1464 similitudine
443 1405 650 1482 expressit-
665 1404 738 1464 hane
757 1402 894 1463 Metellus
914 1404 1083 1464 hlaeedenia

57 1502 81 1543 1⁵
91 1490 208 1550 subacta
218 1488 362 1548 transtulit
372 1487 492 1547 Romam
507 1520 558 1563 -,
571 1488 642 1547 lecit
655 1496 687 1547 ct
701 1486 855 1564 quadrigas
866 1487 1019 1547 multorum
1032 1506 1083 1563 ge-

39 1578 41 1587 ’
90 1592 197 1635 nerum.
225 1572 387 1632 statuariae
401 1573 455 1632 arti
468 1570 628 1648 plurumum
640 1569 760 1630 traditur
772 1569 932 1630 contulisse
945 1570 1078 1648 capillum
1090 1582 1123 1636 66

90 1656 297 1735 exprimendo,
317 1656 412 1731 capita
429 1655 539 1712 minora
561 1652 695 1713 iaciendo
711 1670 793 1730 quam
809 1655 934 1731 antiqui,
957 1670 1082 1731 corpora

88 1740 245 1817 graciliora
261 1738 460 1811 siccioraque,
480 1753 535 1813 per
557 1750 631 1813 quae
647 1738 813 1813 proceritas
827 1740 975 1815 signorum
990 1740 1082 1798 maior

89 1824 246 1882 uideretur.
282 1836 340 1879 non
360 1818 449 1878 habet
470 1817 599 1879 latinum
618 1836 724 1880 nomen
740 1823 903 1897 symmetria
921 1838 1004 1899 quam
1020 1821 1082 1881 dili·
1157 1873 1162 1891 ,

54 1922 79 1964 ao
89 1906 259 1983 gentissime
274 1901 429 1961 custodivit
444 1919 518 1962 nova
531 1904 696 1982 intactaque
711 1906 825 1965 ratione
838 1905 989 1983 quadratas
1000 1913 1081 1965 vete·

88 2008 150 2051 rum
166 1996 289 2064 staturas
312 1986 517 2064 permutando,
542 1987 691 2065 volgoque
714 1988 830 2055 dicebat
850 1988 886 2048 ab
906 1989 964 2048 illis
986 1989 1079 2048 iactos

88 2072 189 2153 quales
213 2078 313 2131 essent
331 2069 478 2147 homines,
499 2088 515 2129 a
537 2090 570 2131 se
593 2071 695 2150 quales
715 2072 885 2150 viderentur
908 2090 985 2132 6666.
1007 2090 1080 2152 ,pro-

87 2159 168 2238 priae
198 2155 281 2215 huius
310 2153 443 2213 videntur
469 2172 536 2214 esse
565 2156 697 2233 argutiae
725 2173 846 2235 operum
867 2156 1030 2216 custoditae
1051 2158 1080 2215 in
1178 2219 1181 2232 ¹

86 2242 219 2301 minumis
233 2256 348 2317 quoquc
361 2238 457 2297 rebus.
478 2239 523 2317 [71
532 2238 625 2298 Filios
638 2247 668 2299 et
679 2238 838 2318 discipulos
851 2240 968 2317 reliquit
980 2240 1075 2299 lauda·
1088 2253 1121 2306 66

43 2339 77 2380 os
88 2319 134 2385 tos
157 2324 283 2383 artifices
299 2321 436 2401 Laippum
458 2329 488 2381 et
502 2322 637 2400 Boedan,
660 2323 795 2383 sedante
814 2326 905 2383 omnis
922 2323 1079 2399 Euthycra-

88 2419 154 2484 ten,
176 2422 342 2485 qnamquam
362 2407 388 2465 is
414 2408 604 2465 constantiam
624 2409 722 2486 potius
741 2408 867 2467 imitatus
889 2408 980 2486 patris
996 2425 1079 2484 quam

87 2492 262 2567 elegantiam
278 2498 395 2551 austero
411 2489 509 2549 maluit
524 2508 637 2567 genere
652 2508 735 2568 quam
746 2491 868 2551 iucundo
882 2492 1010 2569 plaeere.
1026 2494 1078 2551 ita-

88 2594 144 2652 que
174 2582 289 2651 optume
317 2575 464 2651 expressit
491 2573 645 2634 Herculem
672 2574 794 2653 Delphis
825 2583 855 2635 et
883 2573 1078 2634 Alexandrum

88 2658 222 2734 Thespiis
237 2664 404 2716 venatorem
422 2666 451 2716 et
467 2657 609 2735 proelium
624 2668 773 2736 equestre,
791 2658 972 2719 simulacrum
984 2660 1077 2736 ipsum

51 2753 78 2794 ³0
88 2740 246 2820 Trophonii
262 2738 297 2799 ad
313 2739 467 2815 oraculum,
484 2741 637 2819 quadrigas
649 2742 806 2820 conpluris,
823 2759 903 2801 ecum
916 2742 1074 2809 666616661-

88 2828 148 2901 nis,
168 2842 254 2884 canes
277 2825 447 2882 venantium.
483 2824 525 2903 [8]
541 2824 632 2884 116166
647 2842 737 2902 porro
754 2826 911 2904 discipulus
932 2826 985 2883 1611
1000 2824 1073 2884 Τ161-
1084 2840 1117 2893 67

87 2916 181 2969 crates
199 2917 229 2967 et
244 2908 308 2985 ipse
324 2905 493 2981 Sicyonius,
509 2908 561 2967 sed
574 2907 694 2986 Lysippi
710 2917 809 2970 sectae
825 2910 963 2988 propior,
980 2917 1011 2967 ut
1024 2913 1073 2969 vix

87 2994 286 3053 discernantur
299 2989 438 3067 conplura
458 2992 555 3067 signa,
579 3010 632 3052 eeu
650 3011 741 3053 senex
758 2991 1074 3053 111616666661116666-Ι

88 3078 157 3135 trius
176 3094 245 3152 rex,
260 3074 418 3135 Peucestes
433 3073 589 3134 Alexandri
605 3075 700 3151 Magni
716 3083 866 3152 seruator,
882 3076 984 3153 dignus
999 3083 1075 3135 tanta

53 3160 189 3237 aegloria.
225 3160 268 3237 191
294 3158 431 3216 Artifices
454 3160 501 3235 qni
529 3161 690 3236 conpositis
708 3159 899 3219 voluminibus
918 3159 1118 3227 condiderenss
1190 3215 1196 3228 ‚

86 3245 157 3304 haec
169 3246 246 3303 miris
264 3242 394 3301 laudibus
407 3240 556 3301 celebrant
569 3238 756 3321 Telephanen
768 3244 930 3303 Phocaeum
945 3247 1075 3321 ignotum

86 3328 173 3402 alias,
200 3328 331 3405 quoniam
358 3324 525 3385 Thessaliae
551 3326 742 3403 habitaverit,
770 3336 800 3387 et
824 3328 865 3387 ibi
893 3345 982 3406 opera
1012 3330 1074 3389 eius

85 3412 236 3487 latuerint,
253 3410 359 3487 alioqui
373 3410 523 3485 suffragiis
541 3412 670 3488 ipsorum
685 3421 824 3489 aequatur
839 3412 999 3489 Polyclito,
1015 3412 1076 3489 lly-
