2484 3817
344 208 424 255 usn.
441 208 531 255 ursa.
549 199 865 277 xx1n.4.(to—4e.)
1075 202 1113 263 19

167 362 252 439 (45.)
281 358 550 437 Chamaemyrsinae
573 364 637 421 sive
659 368 862 441 oxymyrsinae
885 369 985 429 cadem
1000 377 1155 433 naturas&

113 444 315 523 Cupressinum
342 443 439 503 oleum
467 445 587 505 eosdem
609 446 731 507 allectus
752 448 841 509 hahet
864 468 937 527 quos
957 460 1111 528 myrteum,

110 532 175 588 item
196 530 326 587 citream.
361 546 378 587 e
404 546 477 587 nuce
499 546 571 589 vero
592 530 729 605 iuglande
749 532 828 609 quod
849 535 995 609 caryinum
1017 552 1066 612 ap·
1088 574 1154 615 g„

110 612 278 691 pellavimus
305 610 448 689 alopeciis
474 612 546 671 utile
573 622 672 673 estet
695 614 822 675 tarditati
845 618 954 676 aurium
975 619 1110 692 inlusum,

91 699 174 755 sitem
197 696 302 773 capitis
324 694 420 754 dolori
445 694 574 772 inlitum,
608 706 712 756 cetero
735 700 816 758 iners
838 708 868 759 et
890 703 973 777 gravi
994 719 1110 779 sapore.

110 781 255 839 enimvero
281 780 305 836 si
324 778 393 855 qnid
409 780 439 837 in
454 778 559 839 nucleo
576 779 682 857 putridi
703 782 810 857 luerit,
835 790 915 842 totus
935 784 1047 845 modius
1063 785 1112 843 de-

110 864 190 941 perit.
218 860 265 920 Ex
282 859 386 921 Cnidio
401 879 492 938 grano
509 863 614 923 lactum
630 864 752 925 eandem
766 868 824 924 vim
839 864 930 925 hahet
944 884 1027 943 qnam
1042 869 1108 927 cici·
1119 878 1154 933 89

108 964 177 1005 num.
206 944 232 1003 E
249 944 374 1005 lentisco
390 946 496 1005 lactum
509 946 693 1006 utilissimum
707 966 801 1027 acopo
820 958 884 1026 est,
898 950 1033 1026 idemque
1044 968 1112 1027 pro·

108 1032 209 1089 liceret
226 1028 304 1105 quod
317 1047 485 1105 rosaceum,
499 1031 529 1089 ni
547 1030 645 1089 durius
662 1031 749 1108 paulo
764 1032 1016 1111 intellegeretur..
1031 1042 1112 1092 utun-

78 1125 99 1164 1⁰
108 1124 152 1173 tur
173 1129 212 1172 eo
236 1120 268 1172 et
287 1122 388 1171 contra
409 1114 513 1172 nimios
534 1114 658 1173 sudores
680 1116 860 1194 papulasque
876 1117 1021 1176 sudorum.
1050 1110 1111 1175 sca-

106 1198 182 1257 biem
194 1199 387 1255 iumentorum
400 1196 601 1257 efficacissime
615 1207 705 1257 sanat.
721 1199 888 1259 Balaninum
901 1201 999 1261 oleum
1009 1217 1110 1276 repur-

104 1292 153 1358 gat
167 1297 274 1356 varos,
289 1280 473 1356 furunculos,
488 1280 667 1358 lentigines,
683 1284 826 1360 gingivas.

165 1363 249 1443 (46.)
273 1361 387 1441 Cypros
404 1364 496 1441 qualis
513 1374 595 1425 essct
610 1374 641 1425 et
657 1368 893 1443 quemadmodum
908 1387 946 1428 ex
960 1386 1006 1443 ea,
1021 1368 1108 1428 fieret
1118 1377 1153 1431 90

106 1448 199 1508 olcum
222 1447 380 1507 docuimus.
410 1456 510 1507 natura
531 1450 594 1508 eius
615 1449 784 1527 excalfacit,
808 1452 919 1511 emollit
943 1463 1146 1511 nervos¹²=¹⁰⁰

74 1532 173 1592 1⁵loha
194 1530 345 1591 stomacho
366 1530 523 1591 inlinuntur
542 1541 571 1592 ct
589 1532 694 1593 volvae
710 1536 872 1594 concitatae
889 1553 975 1593 sucus
992 1552 1110 1613 quoque

104 1633 204 1677 eorum
229 1614 390 1691 adponitur.
423 1615 493 1674 lolia
517 1619 649 1676 recentia
668 1616 891 1676 conmanducata
910 1618 1058 1677 ulceribus
1081 1620 1111 1677 in

103 1702 199 1777 capite
223 1698 421 1775 manantibus,
456 1700 525 1759 item
550 1702 610 1759 oris
639 1701 791 1759 medentur
817 1709 848 1759 et
874 1699 1110 1775 collectionibus,

103 1782 324 1857 condylomatis.
356 1782 507 1841 decoctum
515 1782 654 1842 loliorum
665 1782 804 1841 ambustis
817 1791 847 1841 et
858 1782 964 1841 luxatis
979 1783 1108 1860 prodest.
1118 1794 1151 1847 91

12 1880 14 1927 t
104 1869 171 1943 ipsa
190 1866 284 1925 rulant
307 1866 442 1943 capillum
467 1874 550 1925 tunsa
573 1866 689 1925 adiecto
712 1864 836 1925 struthei
852 1865 920 1924 mali
937 1883 1016 1925 suco.
1055 1864 1110 1925 dos
1136 1866 1139 1870 ’

69 1950 211 2025 accepitis
230 1948 348 2009 dolores
375 1950 457 2009 sedat
482 1968 546 2009 cum
566 1959 652 2010 aceto
674 1949 791 2025 inlitus,
812 1951 882 2009 item
897 1948 1064 2008 combustus
1080 1950 1110 2007 in

105 2031 196 2091 cruda
212 2030 267 2091 olla
282 2050 382 2093 nomas
400 2041 480 2093 sanat
495 2042 526 2091 ct
543 2034 742 2110 putrescentia
757 2033 856 2093 ulcera
872 2051 926 2110 per
939 2052 972 2092 se
984 2032 1033 2091 vel
1046 2050 1109 2091 cum

103 2114 202 2175 melle.
235 2115 307 2176 odor
323 2115 405 2175 iloris
420 2118 468 2193 qui
485 2116 546 2177 olet
563 2135 692 2177 somnum
710 2118 787 2177 facit.
819 2116 985 2193 Adstringit
1000 2116 1110 2193 gleuci-

102 2218 170 2259 num
185 2206 217 2257 et
232 2200 390 2276 refrigerat
407 2201 507 2260 eadem
522 2203 637 2261 ratione
652 2219 707 2277 qua
727 2200 938 2260 oenanthinum.

168 2283 250 2361 (47.)
284 2282 475 2343 balsaminum
497 2283 585 2360 longe
606 2285 850 2361 pretiosissimum
866 2284 1006 2359 omnium,
1028 2291 1060 2341 ut
1077 2282 1152 2345 inita

72 2368 261 2443 nsunguentis
277 2366 418 2442 diximus,
434 2375 535 2426 contra
553 2369 645 2426 omnis
660 2369 809 2444 serpentis
826 2366 948 2443 efficax,
965 2366 1063 2425 oculo-
1073 2378 1103 2416 12·
1117 2373 1150 2408 ¹¹¹

102 2468 166 2509 rum
194 2448 319 2509 claritati
344 2451 504 2528 plurumum
529 2450 661 2526 confert,
694 2450 848 2527 caliginem
872 2449 1008 2523 discutit,
1040 2449 1110 2506 item

17 2546 27 2571 ¹
104 2533 292 2611 dyspnoeas,
315 2534 506 2594 collectiones
526 2536 617 2594 omnis
635 2534 813 2610 duritiasque
829 2532 910 2592 lenit.
941 2532 1111 2607 sanguinem

104 2615 220 2675 densari
235 2615 392 2694 prohihet,
416 2617 515 2676 ulcera
531 2625 654 2695 purgat,
677 2617 811 2692 auribus,
827 2617 931 2693 capitis
947 2613 1110 2688 doloribus,

103 2700 254 2775 tremulis,
270 2702 424 2777 spasticis,
443 2702 534 2777 ruptis
553 2718 691 2779 perquam
704 2699 783 2758 utile.
811 2700 983 2759 adversatur
993 2698 1110 2756 aconito

70 2798 144 2842 aocx
160 2782 237 2842 lacte
255 2791 366 2860 potum,
384 2784 476 2843 febris
491 2801 554 2843 curn
567 2784 693 2843 horrore
708 2784 853 2841 venientis
870 2782 1019 2859 perunctis
1038 2780 1110 2838 levi·

101 2882 173 2925 ores
189 2867 268 2925 lacit.
297 2866 432 2925 utendum
447 2876 541 2926 tamen
557 2869 689 2942 modico,
704 2868 837 2943 quoniam
854 2865 947 2923 adurit
962 2870 1109 2939 augetque

100 2950 172 3007 uitia
188 2966 250 3010 non
267 2958 385 3009 servato
403 2958 642 3027 temperamento.

164 3032 248 3111 (48.)
284 3030 457 3093 Malobathri
475 3050 591 3111 quoque
604 3042 733 3092 naturam
746 3041 775 3091 et
788 3046 899 3108 genera
911 3031 1108 3108 exposuimus.
1118 3041 1153 3094 93

100 3118 214 3175 urinam
233 3118 314 3188 ciet,
336 3117 483 3175 oculorum
503 3118 652 3195 epiphoris
675 3117 744 3174 uino
767 3129 939 3191 expressum
957 3112 1110 3172 utilissime
1118 3112 1152 3185 (ξ)

69 3222 92 3259 ss
101 3200 274 3277 inponitur,
302 3200 371 3257 item
391 3199 534 3260 frontibus
553 3201 679 3261 dormire
695 3196 1066 3271 volentibus,‚cllicacius,
1085 3196 1110 3254 si

101 3290 133 3339 ct
149 3301 238 3343 nares
256 3280 413 3343 inlinantur
428 3292 475 3342 aut
493 3284 517 3343 si
530 3300 568 3341 ex
578 3300 652 3361 aqua
663 3281 787 3340 bibatur}
815 3280 876 3339 oris
890 3287 920 3337 et
931 3279 1035 3346 halitus
1047 3294 1111 3336 sua-

101 3368 225 3426 vitatem
242 3367 424 3425 commendat
436 3366 553 3443 linguae
571 3365 714 3426 subditum
728 3361 839 3436 folium,
858 3363 932 3421 sicut
945 3371 975 3420 et
986 3361 1109 3425 vestium

102 3448 229 3511 odorem
246 3450 459 3527 interpositum.
906 3523 950 3582 2*
