2484 3817
154 111 213 172 tto
382 109 386 118 '
492 118 811 170 c.en1u1suouuo1

109 286 161 342 rto
214 271 294 357 (55.)
309 274 456 334 Balanitae
472 273 529 334 duo
544 291 655 350 genera
671 283 754 350 sunt,
779 273 935 335 subviridis
959 285 989 336 et
1005 277 1141 340 Corinthii

82 377 86 386 ’
151 360 228 420 a'eris
244 358 446 434 similitudine,
461 357 536 417 illaa
548 356 662 436 copto,
678 357 751 418 baec
765 358 800 416 ab
813 357 1011 434 Trogodytica
1026 365 1141 424 veniens

150 441 272 501 mediam
293 449 412 502 secante
436 441 565 501 llammea
581 459 665 501 vena.
699 440 876 500 Batraobitas
898 459 1015 520 quoquo
1034 444 1141 524 coptos

149 527 252 601 mittit,
276 543 358 585 unam
371 543 459 586 ranae
476 525 598 585 similem
619 525 741 600 colore,
761 523 881 586 alteram
904 525 1007 602 ebeni,
1032 531 1143 591 tertiam

150 609 281 670 rubentis
298 628 316 669 a
333 610 427 685 nigro.
456 607 563 685 Raptes
578 609 674 668 mollis
688 608 797 686 alioqui
813 607 904 668 odore
920 611 1048 672 excellit.
1082 613 1165 674 Bolis

151 692 253 752 oculus
270 692 398 752 albicans
416 691 553 772 pupillam
567 693 659 770 cingit
674 693 783 768 nigram
798 711 815 752 e
829 691 924 752 medio
941 711 1029 755 aureo
1046 696 1143 757 colore

150 775 312 852 fulgentem
333 784 364 836 et
379 785 503 854 propter
516 777 644 854 speciem
664 776 860 836 sacratissimo
878 775 1066 852 Assyriorum
1089 780 1143 840 deo

150 859 280 919 dicatam,
298 859 382 919 aliam
397 869 492 920 autem
506 877 589 937 quam
599 858 701 919 Belum
714 868 819 918 vocant
829 860 859 919 in
870 859 989 920 Arbelis
1002 865 1080 922 nasci
1090 862 1143 923 De·

149 944 288 1002 mocritus
311 941 398 1002 tradit
417 945 499 1003 nucis
523 943 665 1021 iuglandis
689 942 901 1019 magnitudine,
921 947 1017 1005 vitrea
1038 949 1140 1026 specie.

109 1038 161 1092 150
170 1026 352 1104 Baroptenus
378 1027 442 1086 siue
467 1025 590 1104 barippe
618 1028 703 1104 nigra
728 1029 896 1102 sanguineis
917 1035 947 1086 et
968 1029 1043 1090 albis
1064 1030 1143 1090 nodis
1155 1045 1180 1087 uo

150 1110 304 1186 adalligata
328 1110 469 1186 proicitur
494 1110 582 1169 ueluti
604 1118 787 1189 portentosa.
827 1109 970 1186 Botryitis
991 1112 1046 1174 alia
1066 1116 1161 1191 nigra,

151 1201 215 1270 est,
235 1193 291 1252 alia
306 1194 476 1271 pampinea,
493 1194 642 1270 incipienti
657 1211 731 1252 uvae
751 1193 863 1254 similis.
887 1192 1081 1272 bostrychitin
1092 1196 1144 1256 Zo-

151 1285 282 1337 roastres
294 1276 422 1335 crinibus
434 1276 583 1335 mulierum
594 1277 762 1336 similiorem
773 1285 867 1338 vocat.
889 1277 1027 1338 Bucardia
1038 1280 1143 1340 bubulo

150 1359 231 1420 cordi
248 1359 350 1418 similis
363 1359 514 1436 Babylone
529 1367 637 1418 tantum
652 1361 787 1420 nascitur.
813 1359 937 1420 Brontoa
953 1364 1040 1438 capiti
1056 1372 1142 1424 testu-

150 1442 246 1504 dinum
260 1463 277 1502 e
290 1444 445 1503 tonitribus
457 1443 544 1518 cadit,
559 1451 591 1502 ut
602 1451 713 1522 putant,
724 1444 934 1519 restinguitque
945 1444 1064 1505 fulmine
1075 1449 1142 1522 iota,
1156 1463 1180 1501 us

151 1529 177 1588 si
192 1527 345 1589 credimus.
367 1527 460 1587 Boloe
472 1529 502 1586 in
513 1527 602 1586 lbero
614 1528 798 1587 inveniuntur
810 1525 932 1603 glaebae
946 1526 1139 1588 similitudine.
1161 1571 1166 1575 -

109 1625 159 1677 151
213 1612 295 1689 (bb)
315 1610 451 1670 cadmitis
473 1609 574 1670 eadem
595 1619 642 1670 est
666 1628 740 1688 quae
763 1610 905 1670 ostracitis
926 1616 1061 1685 uocatur,
1084 1612 1138 1668 nisi

151 1695 229 1773 quod
242 1695 316 1754 bauo
331 1693 484 1754 caeruleae
499 1695 640 1754 interdum
656 1697 773 1772 cingunt
787 1693 895 1754 bullae.
926 1689 1028 1753 Callais
1045 1695 1138 1772 sappi-

151 1797 213 1838 rum
226 1779 353 1838 iuuitatur
366 1776 513 1837 candidior
527 1787 558 1838 et
575 1777 700 1837 litoroso
715 1778 786 1837 marl
801 1777 911 1837 similis.
941 1775 1066 1856 Capnitis
1082 1779 1142 1855 qui·

150 1861 270 1922 busdam
280 1861 394 1921 videtur
404 1878 485 1920 suum
496 1879 589 1937 genus
601 1861 722 1938 babere,
736 1861 867 1939 pluribus
880 1860 998 1938 iaspidis
1010 1860 1143 1938 tumidae,
1154 1877 1181 1918 ao

110 1964 145 2000 ns
154 1952 185 2003 ut
201 1963 254 2005 suo
269 1945 337 2004 looo
347 1945 480 2004 diximus.
503 1942 685 2023 cappadocia
700 1955 730 2004 et
744 1947 773 2004 in
783 1943 909 2022 Phrygia
923 1947 1049 2004 nascitur
1063 1943 1146 2005 ebori

151 2029 262 2088 similis.
298 2025 452 2088 callaicam
471 2036 576 2088 vocant
595 2047 613 2088 e
634 2029 748 2089 turbido
772 2028 905 2089 callaino.
940 2030 1037 2088 lerunt
1056 2028 1145 2107 pluris

109 2121 160 2176 152
172 2113 337 2171 coniunctas
360 2129 476 2190 semper
496 2113 628 2171 inveniri.
666 2111 824 2172 catochitis
848 2110 987 2172 corsicae
1007 2112 1080 2190 lapis
1102 2121 1149 2172 est

152 2196 260 2254 ceteris
273 2196 365 2254 maior
379 2204 410 2254 et
424 2197 517 2272 magis
531 2195 684 2269 mirabilis,
700 2197 725 2256 si
737 2213 807 2254 vera
818 2195 976 2272 traduntur,
993 2198 1150 2272 inpositam

150 2296 261 2338 manum
273 2277 364 2337 veluti
375 2281 476 2338 cummi
488 2281 640 2339 retinens.'
658 2277 828 2358 Gatoptritis
842 2281 872 2338 in
882 2276 1063 2356 cappadocia
1077 2297 1150 2357 pro·
1160 2297 1187 2336 os

151 2364 232 2422 uenit
254 2361 379 2421 candore
400 2363 554 2440 imaginem
568 2381 723 2440 regerens.
762 2359 874 2440 Capitis
895 2364 958 2432 sive
978 2362 1150 2440 cepolatitis

151 2445 270 2506 candida
287 2452 350 2521 est,
375 2463 512 2504 uenarum
531 2446 705 2506 coeuntibus
716 2445 796 2506 liniis
815 2447 845 2505 in
865 2463 956 2506 unum.
991 2443 1151 2506 ceramitis

109 2540 161 2594 153
169 2537 263 2596 tostae
271 2529 402 2589 colorem
413 2527 511 2588 babet.
526 2526 682 2588 cinaediae
691 2530 875 2590 inveniuntur
883 2529 912 2588 lu
920 2528 1046 2589 cerebro
1056 2531 1153 2608 piscis

153 2612 283 2673 eiusdem
297 2613 437 2688 nominis,
456 2611 594 2673 candidae
607 2622 638 2672 et
650 2612 796 2690 oblongae
811 2621 976 2690 eventuque
992 2614 1101 2690 mirae,
1123 2615 1153 2674 si

151 2696 236 2757 modo
256 2705 303 2756 est
323 2696 396 2757 fides
413 2697 583 2774 praesagire
602 2714 653 2756 eas
670 2696 797 2756 babitum
807 2697 892 2756 maris
904 2696 994 2756 nubili
1005 2696 1054 2756 vel
1069 2704 1193 2758 tran-ao

150 2779 241 2858 quilli.
277 2777 384 2840 ceritis
399 2797 487 2840 cerae
507 2779 609 2838 similis
631 2788 695 2856 est,
715 2782 810 2840 oiroos
831 2779 969 2856 triorchi,
991 2780 1154 2841 corsoides

150 2864 273 2923 canitiae
294 2865 414 2942 capitis,
435 2862 664 2923 ooralloaobates
683 2863 805 2926 corallio
826 2865 922 2924 aureis
937 2865 1027 2940 guttis
1045 2864 1156 2924 distin-

109 2957 161 3011 154
172 2954 236 3023 cta,
257 2947 375 3006 corallis
389 2947 495 3023 minio,
517 2947 646 3024 gignitur
663 2947 692 3005 iu
707 2946 786 3006 lndia
801 2955 831 3006 et
847 2946 955 3022 Syene.
990 2945 1156 3008 crateritis

151 3032 229 3090 intel
242 3029 449 3105 chrysolithum
468 3039 499 3089 at
517 3030 657 3091 electrum
676 3029 806 3090 colorem
826 3028 915 3090 babet
935 3029 1075 3108 praedura
1097 3048 1156 3092 na·

150 3121 223 3172 tura.
259 3111 400 3172 Groeallis
421 3129 553 3172 cerasum
574 3121 785 3191 repraesentat.
821 3110 913 3188 cyitis
936 3114 1011 3172 cirea
1028 3111 1196 3191 Coptonss

151 3197 278 3254 nascitur
293 3194 410 3254 candida
435 3203 466 3255 et
485 3195 600 3256 videtur
615 3198 693 3254 intus
713 3196 820 3256 babere
840 3202 951 3272 partum
971 3197 1017 3272 qui
1039 3197 1159 3258 sentia·

150 3284 197 3335 tur
211 3280 298 3337 etiam
321 3280 444 3356 crepitu.
473 3274 696 3356 cbaloopbonos
713 3281 794 3356 nigra
809 3287 869 3355 est,
891 3277 943 3337 sed
963 3279 1048 3339 inlisa
1067 3283 1160 3341 aeris

109 3367 160 3421 155
172 3360 301 3417 tinnitum
316 3359 425 3434 reddit,
442 3362 607 3438 tragoedis,
623 3370 654 3420 ut
669 3362 806 3439 suadent,
825 3360 975 3438 gestanda.
1008 3360 1162 3424 chelido-
