<?xml version="1.0" encoding="UTF-8"?>
<!DOCTYPE html PUBLIC "-//W3C//DTD XHTML 1.0 Transitional//EN"
    "http://www.w3.org/TR/xhtml1/DTD/xhtml1-transitional.dtd">
<html xmlns="http://www.w3.org/1999/xhtml" xml:lang="en" lang="en">
 <head>
  <title>
</title>
<meta http-equiv="Content-Type" content="text/html;charset=utf-8" />
  <meta name='ocr-system' content='tesseract 3.04.00' />
  <meta name='ocr-capabilities' content='ocr_page ocr_carea ocr_par ocr_line ocrx_word'/>
</head>
<body>
  <div class='ocr_page' id='page_1' title='image "./cplinisecundina24plingoog_0241.png"; bbox 0 0 2484 3817; ppageno 0'>
   <div class='ocr_carea' id='block_1_1' title="bbox 302 186 1084 263">
    <p class='ocr_par' dir='ltr' id='par_1_1' title="bbox 302 186 1084 263">
     <span class='ocr_line' id='line_1_1' title="bbox 302 186 1084 263; baseline 0.004 -18"><span class='ocrx_word' id='word_1_1' title='bbox 302 198 381 245; x_wconf 79' lang='lat' dir='ltr'><strong>unu.</strong></span> <span class='ocrx_word' id='word_1_2' title='bbox 398 196 488 245; x_wconf 81' lang='lat' dir='ltr'><strong>urar.</strong></span> <span class='ocrx_word' id='word_1_3' title='bbox 504 198 627 246; x_wconf 85' lang='lat' dir='ltr'><strong>xxvur.</strong></span> <span class='ocrx_word' id='word_1_4' title='bbox 641 196 667 251; x_wconf 83' lang='lat' dir='ltr'><strong>o.</strong></span> <span class='ocrx_word' id='word_1_5' title='bbox 683 190 874 263; x_wconf 74' lang='lat' dir='ltr'><strong>7.(1e-22.)</strong></span> <span class='ocrx_word' id='word_1_6' title='bbox 1025 186 1084 248; x_wconf 84' lang='grc'><strong>169</strong></span> 
     </span>
    </p>
   </div>
   <div class='ocr_carea' id='block_1_2' title="bbox 8 352 1126 3337">
    <p class='ocr_par' dir='ltr' id='par_1_2' title="bbox 8 352 1126 3337">
     <span class='ocr_line' id='line_1_2' title="bbox 97 352 1083 430; baseline -0.001 -17"><span class='ocrx_word' id='word_1_7' title='bbox 97 371 174 413; x_wconf 88' lang='lat' dir='ltr'><strong>crum</strong></span> <span class='ocrx_word' id='word_1_8' title='bbox 199 352 296 427; x_wconf 80' lang='lat' dir='ltr'><strong>ignem</strong></span> <span class='ocrx_word' id='word_1_9' title='bbox 317 353 542 430; x_wconf 76' lang='lat' dir='ltr'><strong>sanguinemque</strong></span> <span class='ocrx_word' id='word_1_10' title='bbox 558 353 641 428; x_wconf 89' lang='lat' dir='ltr'><strong>sisti,</strong></span> <span class='ocrx_word' id='word_1_11' title='bbox 663 352 744 412; x_wconf 90' lang='lat' dir='ltr'><strong>inlito</strong></span> <span class='ocrx_word' id='word_1_12' title='bbox 765 360 795 412; x_wconf 89' lang='lat' dir='ltr'><strong>et</strong></span> <span class='ocrx_word' id='word_1_13' title='bbox 816 354 845 412; x_wconf 95' lang='lat' dir='ltr'><strong>in</strong></span> <span class='ocrx_word' id='word_1_14' title='bbox 865 352 1083 413; x_wconf 72' lang='lat' dir='ltr'><strong>formicationes</strong></span> 
     </span>
     <span class='ocr_line' id='line_1_3' title="bbox 96 452 260 515; baseline -0.024 -19"><span class='ocrx_word' id='word_1_15' title='bbox 96 452 260 515; x_wconf 90' lang='lat' dir='ltr'><strong>corporum.</strong></span> 
     </span>
     <span class='ocr_line' id='line_1_4' title="bbox 157 517 1126 596; baseline 0.005 -20"><span class='ocrx_word' id='word_1_16' title='bbox 157 518 242 596; x_wconf 79' lang='lat'><strong>(21.)</strong></span> <span class='ocrx_word' id='word_1_17' title='bbox 263 517 308 577; x_wconf 88' lang='lat' dir='ltr'><strong>Dc</strong></span> <span class='ocrx_word' id='word_1_18' title='bbox 328 518 411 577; x_wconf 89' lang='lat' dir='ltr'><strong>lactis</strong></span> <span class='ocrx_word' id='word_1_19' title='bbox 430 538 482 577; x_wconf 91' lang='lat' dir='ltr'><strong>usn</strong></span> <span class='ocrx_word' id='word_1_20' title='bbox 504 519 639 578; x_wconf 86' lang='lat' dir='ltr'><strong>convenit</strong></span> <span class='ocrx_word' id='word_1_21' title='bbox 660 518 852 579; x_wconf 88' lang='lat' dir='ltr'><strong>dulcissimum</strong></span> <span class='ocrx_word' id='word_1_22' title='bbox 877 536 945 579; x_wconf 86' lang='lat' dir='ltr'><strong>esse</strong></span> <span class='ocrx_word' id='word_1_23' title='bbox 970 520 1077 580; x_wconf 89' lang='lat' dir='ltr'><strong>mollis·</strong></span> <span class='ocrx_word' id='word_1_24' title='bbox 1091 528 1126 583; x_wconf 82' lang='lat' dir='ltr'><strong>ta</strong></span> 
     </span>
     <span class='ocr_line' id='line_1_5' title="bbox 95 601 1082 679; baseline -0.001 -17"><span class='ocrx_word' id='word_1_25' title='bbox 95 605 254 679; x_wconf 85' lang='lat' dir='ltr'><strong>sinumque</strong></span> <span class='ocrx_word' id='word_1_26' title='bbox 281 602 358 659; x_wconf 92' lang='lat' dir='ltr'><strong>etin</strong></span> <span class='ocrx_word' id='word_1_27' title='bbox 380 602 467 678; x_wconf 83' lang='lat' dir='ltr'><strong>longa</strong></span> <span class='ocrx_word' id='word_1_28' title='bbox 490 601 564 660; x_wconf 80' lang='lat' dir='ltr'><strong>febri</strong></span> <span class='ocrx_word' id='word_1_29' title='bbox 586 602 783 678; x_wconf 81' lang='lat' dir='ltr'><strong>coeliacisque</strong></span> <span class='ocrx_word' id='word_1_30' title='bbox 804 602 999 679; x_wconf 89' lang='lat' dir='ltr'><strong>utilissimum,</strong></span> <span class='ocrx_word' id='word_1_31' title='bbox 1025 620 1082 662; x_wconf 91' lang='lat' dir='ltr'><strong>ma·</strong></span> 
     </span>
     <span class='ocr_line' id='line_1_6' title="bbox 74 684 1082 768; baseline -0.002 -22"><span class='ocrx_word' id='word_1_32' title='bbox 74 704 178 746; x_wconf 85' lang='lat' dir='ltr'><strong>uxume</strong></span> <span class='ocrx_word' id='word_1_33' title='bbox 200 686 262 743; x_wconf 90' lang='lat' dir='ltr'><strong>cius</strong></span> <span class='ocrx_word' id='word_1_34' title='bbox 279 701 353 762; x_wconf 87' lang='lat' dir='ltr'><strong>quae</strong></span> <span class='ocrx_word' id='word_1_35' title='bbox 372 687 428 743; x_wconf 90' lang='lat' dir='ltr'><strong>iam</strong></span> <span class='ocrx_word' id='word_1_36' title='bbox 447 684 583 743; x_wconf 85' lang='lat' dir='ltr'><strong>infantem</strong></span> <span class='ocrx_word' id='word_1_37' title='bbox 599 687 764 743; x_wconf 83' lang='lat' dir='ltr'><strong>removerit.</strong></span> <span class='ocrx_word' id='word_1_38' title='bbox 795 692 823 743; x_wconf 91' lang='lat' dir='ltr'><strong>et</strong></span> <span class='ocrx_word' id='word_1_39' title='bbox 838 686 865 741; x_wconf 93' lang='lat' dir='ltr'><strong>iu</strong></span> <span class='ocrx_word' id='word_1_40' title='bbox 885 688 1004 746; x_wconf 88' lang='lat' dir='ltr'><strong>malacia</strong></span> <span class='ocrx_word' id='word_1_41' title='bbox 1024 695 1082 768; x_wconf 83' lang='lat' dir='ltr'><strong>stq·</strong></span> 
     </span>
     <span class='ocr_line' id='line_1_7' title="bbox 94 766 1082 847; baseline -0.002 -18"><span class='ocrx_word' id='word_1_42' title='bbox 94 768 200 842; x_wconf 84' lang='lat' dir='ltr'><strong>machi,</strong></span> <span class='ocrx_word' id='word_1_43' title='bbox 225 769 253 825; x_wconf 92' lang='lat' dir='ltr'><strong>in</strong></span> <span class='ocrx_word' id='word_1_44' title='bbox 280 766 409 826; x_wconf 80' lang='lat' dir='ltr'><strong>febribus</strong></span> <span class='ocrx_word' id='word_1_45' title='bbox 430 767 652 846; x_wconf 87' lang='lat' dir='ltr'><strong>rosionibusque</strong></span> <span class='ocrx_word' id='word_1_46' title='bbox 678 768 905 829; x_wconf 80' lang='lat' dir='ltr'><strong>efficacissimum</strong></span> <span class='ocrx_word' id='word_1_47' title='bbox 930 771 1082 847; x_wconf 87' lang='lat' dir='ltr'><strong>experiun-</strong></span> 
     </span>
     <span class='ocr_line' id='line_1_8' title="bbox 94 850 1083 927; baseline -0.003 -14"><span class='ocrx_word' id='word_1_48' title='bbox 94 862 146 913; x_wconf 89' lang='lat' dir='ltr'><strong>tur.</strong></span> <span class='ocrx_word' id='word_1_49' title='bbox 174 852 243 910; x_wconf 92' lang='lat' dir='ltr'><strong>item</strong></span> <span class='ocrx_word' id='word_1_50' title='bbox 257 868 437 909; x_wconf 88' lang='lat' dir='ltr'><strong>mammarum</strong></span> <span class='ocrx_word' id='word_1_51' title='bbox 452 850 675 910; x_wconf 88' lang='lat' dir='ltr'><strong>collectionibus</strong></span> <span class='ocrx_word' id='word_1_52' title='bbox 691 868 754 911; x_wconf 88' lang='lat' dir='ltr'><strong>cum</strong></span> <span class='ocrx_word' id='word_1_53' title='bbox 771 860 850 927; x_wconf 88' lang='lat' dir='ltr'><strong>ture,</strong></span> <span class='ocrx_word' id='word_1_54' title='bbox 870 853 956 911; x_wconf 94' lang='lat' dir='ltr'><strong>oculo</strong></span> <span class='ocrx_word' id='word_1_55' title='bbox 972 851 1008 911; x_wconf 89' lang='lat' dir='ltr'><strong>ab</strong></span> <span class='ocrx_word' id='word_1_56' title='bbox 1025 853 1083 910; x_wconf 92' lang='lat' dir='ltr'><strong>ictu</strong></span> 
     </span>
     <span class='ocr_line' id='line_1_9' title="bbox 95 933 1082 1012; baseline -0.004 -17"><span class='ocrx_word' id='word_1_57' title='bbox 95 952 199 995; x_wconf 88' lang='lat' dir='ltr'><strong>cruore</strong></span> <span class='ocrx_word' id='word_1_58' title='bbox 221 933 340 993; x_wconf 90' lang='lat' dir='ltr'><strong>subfuso</strong></span> <span class='ocrx_word' id='word_1_59' title='bbox 365 942 395 992; x_wconf 90' lang='lat' dir='ltr'><strong>et</strong></span> <span class='ocrx_word' id='word_1_60' title='bbox 414 933 561 993; x_wconf 85' lang='lat' dir='ltr'><strong>indolere</strong></span> <span class='ocrx_word' id='word_1_61' title='bbox 581 943 630 993; x_wconf 89' lang='lat' dir='ltr'><strong>aut</strong></span> <span class='ocrx_word' id='word_1_62' title='bbox 653 934 808 1012; x_wconf 89' lang='lat' dir='ltr'><strong>epiphora,</strong></span> <span class='ocrx_word' id='word_1_63' title='bbox 837 936 861 993; x_wconf 92' lang='lat' dir='ltr'><strong>si</strong></span> <span class='ocrx_word' id='word_1_64' title='bbox 883 935 1082 1012; x_wconf 80' lang='lat' dir='ltr'><strong>inmulgeatur,</strong></span> 
     </span>
     <span class='ocr_line' id='line_1_10' title="bbox 94 1016 1121 1099; baseline -0.003 -21"><span class='ocrx_word' id='word_1_65' title='bbox 94 1020 252 1099; x_wconf 85' lang='lat' dir='ltr'><strong>plurumum</strong></span> <span class='ocrx_word' id='word_1_66' title='bbox 268 1016 402 1095; x_wconf 85' lang='lat' dir='ltr'><strong>prodest,</strong></span> <span class='ocrx_word' id='word_1_67' title='bbox 418 1018 567 1096; x_wconf 82' lang='lat' dir='ltr'><strong>magisque</strong></span> <span class='ocrx_word' id='word_1_68' title='bbox 584 1034 647 1076; x_wconf 91' lang='lat' dir='ltr'><strong>eum</strong></span> <span class='ocrx_word' id='word_1_69' title='bbox 658 1018 745 1077; x_wconf 91' lang='lat' dir='ltr'><strong>melle</strong></span> <span class='ocrx_word' id='word_1_70' title='bbox 763 1026 792 1077; x_wconf 89' lang='lat' dir='ltr'><strong>et</strong></span> <span class='ocrx_word' id='word_1_71' title='bbox 810 1019 932 1078; x_wconf 81' lang='lat' dir='ltr'><strong>narcissi</strong></span> <span class='ocrx_word' id='word_1_72' title='bbox 947 1035 1017 1077; x_wconf 88' lang='lat' dir='ltr'><strong>suco</strong></span> <span class='ocrx_word' id='word_1_73' title='bbox 1034 1026 1083 1076; x_wconf 86' lang='lat' dir='ltr'><strong>aut</strong></span> <span class='ocrx_word' id='word_1_74' title='bbox 1118 1056 1121 1061; x_wconf 90' lang='lat'><em>-</em></span> 
     </span>
     <span class='ocr_line' id='line_1_11' title="bbox 63 1100 1083 1179; baseline -0.004 -16"><span class='ocrx_word' id='word_1_75' title='bbox 63 1123 86 1164; x_wconf 81' lang='lat' dir='ltr'><strong>ro</strong></span> <span class='ocrx_word' id='word_1_76' title='bbox 94 1104 163 1162; x_wconf 90' lang='lat' dir='ltr'><strong>turis</strong></span> <span class='ocrx_word' id='word_1_77' title='bbox 178 1100 306 1179; x_wconf 89' lang='lat' dir='ltr'><strong>polline,</strong></span> <span class='ocrx_word' id='word_1_78' title='bbox 328 1118 473 1179; x_wconf 87' lang='lat' dir='ltr'><strong>superque</strong></span> <span class='ocrx_word' id='word_1_79' title='bbox 487 1102 516 1159; x_wconf 91' lang='lat' dir='ltr'><strong>iu</strong></span> <span class='ocrx_word' id='word_1_80' title='bbox 534 1102 609 1159; x_wconf 92' lang='lat' dir='ltr'><strong>omui</strong></span> <span class='ocrx_word' id='word_1_81' title='bbox 624 1118 675 1159; x_wconf 88' lang='lat' dir='ltr'><strong>usu</strong></span> <span class='ocrx_word' id='word_1_82' title='bbox 691 1100 838 1160; x_wconf 85' lang='lat' dir='ltr'><strong>efficacius</strong></span> <span class='ocrx_word' id='word_1_83' title='bbox 855 1104 916 1161; x_wconf 89' lang='lat' dir='ltr'><strong>eius</strong></span> <span class='ocrx_word' id='word_1_84' title='bbox 936 1118 1010 1179; x_wconf 89' lang='lat' dir='ltr'><strong>quae</strong></span> <span class='ocrx_word' id='word_1_85' title='bbox 1025 1116 1083 1159; x_wconf 87' lang='lat' dir='ltr'><strong>ma·</strong></span> 
     </span>
     <span class='ocr_line' id='line_1_12' title="bbox 93 1184 1082 1264; baseline -0.004 -19"><span class='ocrx_word' id='word_1_86' title='bbox 93 1204 152 1245; x_wconf 88' lang='lat' dir='ltr'><strong>rem</strong></span> <span class='ocrx_word' id='word_1_87' title='bbox 177 1185 263 1243; x_wconf 89' lang='lat' dir='ltr'><strong>enixa</strong></span> <span class='ocrx_word' id='word_1_88' title='bbox 287 1184 325 1242; x_wconf 93' lang='lat' dir='ltr'><strong>sit</strong></span> <span class='ocrx_word' id='word_1_89' title='bbox 344 1184 489 1262; x_wconf 89' lang='lat' dir='ltr'><strong>multoque</strong></span> <span class='ocrx_word' id='word_1_90' title='bbox 512 1184 742 1243; x_wconf 86' lang='lat' dir='ltr'><strong>efficacissimum</strong></span> <span class='ocrx_word' id='word_1_91' title='bbox 769 1185 831 1243; x_wconf 89' lang='lat' dir='ltr'><strong>eius</strong></span> <span class='ocrx_word' id='word_1_92' title='bbox 853 1203 926 1264; x_wconf 92' lang='lat' dir='ltr'><strong>quae</strong></span> <span class='ocrx_word' id='word_1_93' title='bbox 948 1186 1082 1262; x_wconf 81' lang='lat' dir='ltr'><strong>geminos</strong></span> 
     </span>
     <span class='ocr_line' id='line_1_13' title="bbox 92 1266 1123 1345; baseline 0.003 -16"><span class='ocrx_word' id='word_1_94' title='bbox 92 1270 177 1329; x_wconf 89' lang='lat' dir='ltr'><strong>maris</strong></span> <span class='ocrx_word' id='word_1_95' title='bbox 205 1275 235 1326; x_wconf 88' lang='lat' dir='ltr'><strong>et</strong></span> <span class='ocrx_word' id='word_1_96' title='bbox 256 1268 280 1325; x_wconf 95' lang='lat' dir='ltr'><strong>si</strong></span> <span class='ocrx_word' id='word_1_97' title='bbox 299 1268 367 1325; x_wconf 82' lang='lat' dir='ltr'><strong>uiuo</strong></span> <span class='ocrx_word' id='word_1_98' title='bbox 387 1268 451 1344; x_wconf 87' lang='lat' dir='ltr'><strong>ipsa</strong></span> <span class='ocrx_word' id='word_1_99' title='bbox 470 1266 600 1345; x_wconf 87' lang='lat' dir='ltr'><strong>cibisque</strong></span> <span class='ocrx_word' id='word_1_100' title='bbox 627 1266 787 1327; x_wconf 89' lang='lat' dir='ltr'><strong>acrioribus</strong></span> <span class='ocrx_word' id='word_1_101' title='bbox 809 1268 959 1328; x_wconf 85' lang='lat' dir='ltr'><strong>abstineat.</strong></span> <span class='ocrx_word' id='word_1_102' title='bbox 989 1268 1077 1327; x_wconf 87' lang='lat' dir='ltr'><strong>mixto</strong></span> <span class='ocrx_word' id='word_1_103' title='bbox 1087 1274 1123 1331; x_wconf 77' lang='grc'><strong>73</strong></span> 
     </span>
     <span class='ocr_line' id='line_1_14' title="bbox 92 1350 1081 1431; baseline -0.002 -19"><span class='ocrx_word' id='word_1_104' title='bbox 92 1360 244 1431; x_wconf 88' lang='lat' dir='ltr'><strong>praeterea</strong></span> <span class='ocrx_word' id='word_1_105' title='bbox 266 1367 385 1409; x_wconf 89' lang='lat' dir='ltr'><strong>ovorum</strong></span> <span class='ocrx_word' id='word_1_106' title='bbox 401 1350 521 1410; x_wconf 89' lang='lat' dir='ltr'><strong>candido</strong></span> <span class='ocrx_word' id='word_1_107' title='bbox 538 1350 652 1427; x_wconf 91' lang='lat' dir='ltr'><strong>liquore</strong></span> <span class='ocrx_word' id='word_1_108' title='bbox 674 1350 844 1429; x_wconf 91' lang='lat' dir='ltr'><strong>madidaque</strong></span> <span class='ocrx_word' id='word_1_109' title='bbox 860 1352 924 1412; x_wconf 90' lang='lat' dir='ltr'><strong>lana</strong></span> <span class='ocrx_word' id='word_1_110' title='bbox 939 1350 1081 1410; x_wconf 88' lang='lat' dir='ltr'><strong>frontibus</strong></span> 
     </span>
     <span class='ocr_line' id='line_1_15' title="bbox 92 1432 1082 1515; baseline -0.002 -20"><span class='ocrx_word' id='word_1_111' title='bbox 92 1437 247 1515; x_wconf 91' lang='lat' dir='ltr'><strong>inpositum</strong></span> <span class='ocrx_word' id='word_1_112' title='bbox 265 1432 417 1492; x_wconf 86' lang='lat' dir='ltr'><strong>ductiones</strong></span> <span class='ocrx_word' id='word_1_113' title='bbox 432 1434 580 1493; x_wconf 91' lang='lat' dir='ltr'><strong>oculorum</strong></span> <span class='ocrx_word' id='word_1_114' title='bbox 598 1433 756 1511; x_wconf 88' lang='lat' dir='ltr'><strong>suspendit.</strong></span> <span class='ocrx_word' id='word_1_115' title='bbox 787 1452 850 1493; x_wconf 90' lang='lat' dir='ltr'><strong>nam</strong></span> <span class='ocrx_word' id='word_1_116' title='bbox 867 1437 891 1493; x_wconf 92' lang='lat' dir='ltr'><strong>si</strong></span> <span class='ocrx_word' id='word_1_117' title='bbox 905 1452 974 1495; x_wconf 86' lang='lat' dir='ltr'><strong>rana</strong></span> <span class='ocrx_word' id='word_1_118' title='bbox 989 1435 1082 1494; x_wconf 84' lang='lat' dir='ltr'><strong>saliva</strong></span> 
     </span>
     <span class='ocr_line' id='line_1_16' title="bbox 61 1516 1081 1595; baseline -0.003 -17"><span class='ocrx_word' id='word_1_119' title='bbox 61 1544 84 1584; x_wconf 75' lang='lat' dir='ltr'><strong>m</strong></span> <span class='ocrx_word' id='word_1_120' title='bbox 94 1538 142 1579; x_wconf 90' lang='lat' dir='ltr'><strong>sua</strong></span> <span class='ocrx_word' id='word_1_121' title='bbox 158 1517 275 1577; x_wconf 91' lang='lat' dir='ltr'><strong>oculum</strong></span> <span class='ocrx_word' id='word_1_122' title='bbox 290 1516 476 1594; x_wconf 78' lang='lat' dir='ltr'><strong>adsperserit,</strong></span> <span class='ocrx_word' id='word_1_123' title='bbox 493 1517 679 1595; x_wconf 88' lang='lat' dir='ltr'><strong>praecipuum</strong></span> <span class='ocrx_word' id='word_1_124' title='bbox 694 1525 739 1575; x_wconf 92' lang='lat' dir='ltr'><strong>est</strong></span> <span class='ocrx_word' id='word_1_125' title='bbox 753 1517 918 1594; x_wconf 91' lang='lat' dir='ltr'><strong>remedium,</strong></span> <span class='ocrx_word' id='word_1_126' title='bbox 935 1527 965 1577; x_wconf 89' lang='lat' dir='ltr'><strong>et</strong></span> <span class='ocrx_word' id='word_1_127' title='bbox 980 1526 1081 1577; x_wconf 89' lang='lat' dir='ltr'><strong>contra</strong></span> 
     </span>
     <span class='ocr_line' id='line_1_17' title="bbox 8 1598 1081 1677; baseline -0.003 -16"><span class='ocrx_word' id='word_1_128' title='bbox 8 1631 9 1636; x_wconf 41' lang='lat'>1</span> <span class='ocrx_word' id='word_1_129' title='bbox 91 1619 218 1661; x_wconf 87' lang='lat' dir='ltr'><strong>morsum</strong></span> <span class='ocrx_word' id='word_1_130' title='bbox 234 1598 361 1659; x_wconf 88' lang='lat' dir='ltr'><strong>eiusdem</strong></span> <span class='ocrx_word' id='word_1_131' title='bbox 378 1599 483 1659; x_wconf 91' lang='lat' dir='ltr'><strong>bibitur</strong></span> <span class='ocrx_word' id='word_1_132' title='bbox 493 1600 713 1677; x_wconf 80' lang='lat' dir='ltr'><strong>instillaturque.</strong></span> <span class='ocrx_word' id='word_1_133' title='bbox 743 1617 807 1658; x_wconf 88' lang='lat' dir='ltr'><strong>eum</strong></span> <span class='ocrx_word' id='word_1_134' title='bbox 824 1602 871 1677; x_wconf 92' lang='lat' dir='ltr'><strong>qul</strong></span> <span class='ocrx_word' id='word_1_135' title='bbox 886 1601 969 1659; x_wconf 88' lang='lat' dir='ltr'><strong>simul</strong></span> <span class='ocrx_word' id='word_1_136' title='bbox 983 1601 1081 1660; x_wconf 85' lang='lat' dir='ltr'><strong>matris</strong></span> 
     </span>
     <span class='ocr_line' id='line_1_18' title="bbox 91 1682 1081 1763; baseline -0.004 -18.309"><span class='ocrx_word' id='word_1_137' title='bbox 91 1686 227 1763; x_wconf 85' lang='lat' dir='ltr'><strong>filiaeque</strong></span> <span class='ocrx_word' id='word_1_138' title='bbox 243 1684 319 1742; x_wconf 87' lang='lat' dir='ltr'><strong>lacte</strong></span> <span class='ocrx_word' id='word_1_139' title='bbox 338 1684 468 1742; x_wconf 90' lang='lat' dir='ltr'><strong>inunctus</strong></span> <span class='ocrx_word' id='word_1_140' title='bbox 490 1684 528 1743; x_wconf 90' lang='lat' dir='ltr'><strong>sit</strong></span> <span class='ocrx_word' id='word_1_141' title='bbox 551 1682 670 1741; x_wconf 89' lang='lat' dir='ltr'><strong>liberari</strong></span> <span class='ocrx_word' id='word_1_142' title='bbox 691 1684 767 1741; x_wconf 93' lang='lat' dir='ltr'><strong>omni</strong></span> <span class='ocrx_word' id='word_1_143' title='bbox 789 1682 937 1741; x_wconf 91' lang='lat' dir='ltr'><strong>oculorum</strong></span> <span class='ocrx_word' id='word_1_144' title='bbox 956 1690 1033 1741; x_wconf 85' lang='lat' dir='ltr'><strong>metu</strong></span> <span class='ocrx_word' id='word_1_145' title='bbox 1052 1684 1081 1741; x_wconf 92' lang='lat' dir='ltr'><strong>iu</strong></span> 
     </span>
     <span class='ocr_line' id='line_1_19' title="bbox 8 1764 1080 1846; baseline -0.004 -19"><span class='ocrx_word' id='word_1_146' title='bbox 8 1821 9 1846; x_wconf 73' lang='lat'><strong>,</strong></span> <span class='ocrx_word' id='word_1_147' title='bbox 91 1776 180 1827; x_wconf 87' lang='lat' dir='ltr'><strong>totam</strong></span> <span class='ocrx_word' id='word_1_148' title='bbox 202 1768 289 1825; x_wconf 86' lang='lat' dir='ltr'><strong>vitam</strong></span> <span class='ocrx_word' id='word_1_149' title='bbox 310 1765 468 1825; x_wconf 83' lang='lat' dir='ltr'><strong>adfirment.</strong></span> <span class='ocrx_word' id='word_1_150' title='bbox 501 1766 608 1824; x_wconf 89' lang='lat' dir='ltr'><strong>aurium</strong></span> <span class='ocrx_word' id='word_1_151' title='bbox 637 1781 752 1842; x_wconf 88' lang='lat' dir='ltr'><strong>quoque</strong></span> <span class='ocrx_word' id='word_1_152' title='bbox 776 1765 851 1823; x_wconf 84' lang='lat' dir='ltr'><strong>vitiis</strong></span> <span class='ocrx_word' id='word_1_153' title='bbox 874 1764 1004 1823; x_wconf 88' lang='lat' dir='ltr'><strong>medetur</strong></span> <span class='ocrx_word' id='word_1_154' title='bbox 1032 1764 1080 1823; x_wconf 93' lang='lat' dir='ltr'><strong>ad·</strong></span> 
     </span>
     <span class='ocr_line' id='line_1_20' title="bbox 8 1846 1081 1924; baseline -0.005 -14"><span class='ocrx_word' id='word_1_155' title='bbox 8 1863 9 1894; x_wconf 73' lang='lat' dir='ltr'><strong>t</strong></span> <span class='ocrx_word' id='word_1_156' title='bbox 91 1854 181 1910; x_wconf 82' lang='lat' dir='ltr'><strong>mixto</strong></span> <span class='ocrx_word' id='word_1_157' title='bbox 196 1849 311 1909; x_wconf 90' lang='lat' dir='ltr'><strong>modice</strong></span> <span class='ocrx_word' id='word_1_158' title='bbox 327 1849 395 1907; x_wconf 88' lang='lat' dir='ltr'><strong>olco</strong></span> <span class='ocrx_word' id='word_1_159' title='bbox 413 1856 468 1924; x_wconf 85' lang='lat' dir='ltr'><strong>aut,</strong></span> <span class='ocrx_word' id='word_1_160' title='bbox 483 1850 507 1906; x_wconf 92' lang='lat' dir='ltr'><strong>si</strong></span> <span class='ocrx_word' id='word_1_161' title='bbox 522 1847 558 1907; x_wconf 92' lang='lat' dir='ltr'><strong>ab</strong></span> <span class='ocrx_word' id='word_1_162' title='bbox 572 1848 630 1905; x_wconf 91' lang='lat' dir='ltr'><strong>ictu</strong></span> <span class='ocrx_word' id='word_1_163' title='bbox 646 1846 774 1923; x_wconf 85' lang='lat' dir='ltr'><strong>doleant,</strong></span> <span class='ocrx_word' id='word_1_164' title='bbox 791 1848 924 1908; x_wconf 89' lang='lat' dir='ltr'><strong>anserino</strong></span> <span class='ocrx_word' id='word_1_165' title='bbox 940 1846 1024 1924; x_wconf 88' lang='lat' dir='ltr'><strong>adipe</strong></span> <span class='ocrx_word' id='word_1_166' title='bbox 1040 1855 1081 1906; x_wconf 88' lang='lat' dir='ltr'><strong>te·</strong></span> 
     </span>
     <span class='ocr_line' id='line_1_21' title="bbox 57 1930 1080 2011; baseline -0.002 -19"><span class='ocrx_word' id='word_1_167' title='bbox 57 1934 249 2011; x_wconf 70' lang='lat' dir='ltr'><strong>nopcfactum.</strong></span> <span class='ocrx_word' id='word_1_168' title='bbox 278 1933 303 1990; x_wconf 92' lang='lat' dir='ltr'><strong>si</strong></span> <span class='ocrx_word' id='word_1_169' title='bbox 317 1932 353 1991; x_wconf 90' lang='lat' dir='ltr'><strong>sit</strong></span> <span class='ocrx_word' id='word_1_170' title='bbox 367 1932 440 1991; x_wconf 93' lang='lat' dir='ltr'><strong>odor</strong></span> <span class='ocrx_word' id='word_1_171' title='bbox 454 1932 587 2007; x_wconf 82' lang='lat' dir='ltr'><strong>gravior,</strong></span> <span class='ocrx_word' id='word_1_172' title='bbox 606 1938 637 1988; x_wconf 94' lang='lat' dir='ltr'><strong>ut</strong></span> <span class='ocrx_word' id='word_1_173' title='bbox 652 1930 821 2009; x_wconf 91' lang='lat' dir='ltr'><strong>plerumque</strong></span> <span class='ocrx_word' id='word_1_174' title='bbox 837 1931 866 1989; x_wconf 93' lang='lat' dir='ltr'><strong>lit</strong></span> <span class='ocrx_word' id='word_1_175' title='bbox 884 1931 978 2007; x_wconf 78' lang='lat' dir='ltr'><strong>longis</strong></span> <span class='ocrx_word' id='word_1_176' title='bbox 993 1930 1080 2007; x_wconf 85' lang='lat' dir='ltr'><strong>vitiis,</strong></span> 
     </span>
     <span class='ocr_line' id='line_1_22' title="bbox 8 2013 1123 2096; baseline -0.003 -20"><span class='ocrx_word' id='word_1_177' title='bbox 8 2057 9 2096; x_wconf 27' lang='lat' dir='ltr'><strong>p</strong></span> <span class='ocrx_word' id='word_1_178' title='bbox 93 2015 185 2076; x_wconf 91' lang='lat' dir='ltr'><strong>diluto</strong></span> <span class='ocrx_word' id='word_1_179' title='bbox 205 2016 288 2075; x_wconf 90' lang='lat' dir='ltr'><strong>melle</strong></span> <span class='ocrx_word' id='word_1_180' title='bbox 309 2014 373 2075; x_wconf 89' lang='lat' dir='ltr'><strong>lana</strong></span> <span class='ocrx_word' id='word_1_181' title='bbox 395 2014 556 2074; x_wconf 87' lang='lat' dir='ltr'><strong>includitur.</strong></span> <span class='ocrx_word' id='word_1_182' title='bbox 595 2022 626 2071; x_wconf 90' lang='lat' dir='ltr'><strong>et</strong></span> <span class='ocrx_word' id='word_1_183' title='bbox 649 2023 749 2074; x_wconf 92' lang='lat' dir='ltr'><strong>contra</strong></span> <span class='ocrx_word' id='word_1_184' title='bbox 769 2014 879 2090; x_wconf 84' lang='lat' dir='ltr'><strong>regium</strong></span> <span class='ocrx_word' id='word_1_185' title='bbox 900 2013 1028 2073; x_wconf 93' lang='lat' dir='ltr'><strong>morbum</strong></span> <span class='ocrx_word' id='word_1_186' title='bbox 1048 2015 1077 2074; x_wconf 91' lang='lat' dir='ltr'><strong>iu</strong></span> <span class='ocrx_word' id='word_1_187' title='bbox 1088 2022 1123 2079; x_wconf 83' lang='grc'><strong>74</strong></span> 
     </span>
     <span class='ocr_line' id='line_1_23' title="bbox 91 2096 1078 2175; baseline -0.003 -15.233"><span class='ocrx_word' id='word_1_188' title='bbox 91 2099 189 2160; x_wconf 89' lang='lat' dir='ltr'><strong>oculis</strong></span> <span class='ocrx_word' id='word_1_189' title='bbox 201 2099 330 2157; x_wconf 88' lang='lat' dir='ltr'><strong>relictum</strong></span> <span class='ocrx_word' id='word_1_190' title='bbox 340 2098 493 2158; x_wconf 87' lang='lat' dir='ltr'><strong>instillatur</strong></span> <span class='ocrx_word' id='word_1_191' title='bbox 508 2115 571 2156; x_wconf 93' lang='lat' dir='ltr'><strong>cum</strong></span> <span class='ocrx_word' id='word_1_192' title='bbox 582 2097 714 2175; x_wconf 75' lang='lat' dir='ltr'><strong>elaterio.</strong></span> <span class='ocrx_word' id='word_1_193' title='bbox 737 2096 923 2175; x_wconf 88' lang='lat' dir='ltr'><strong>peculiariter</strong></span> <span class='ocrx_word' id='word_1_194' title='bbox 937 2098 1015 2156; x_wconf 86' lang='lat' dir='ltr'><strong>valet</strong></span> <span class='ocrx_word' id='word_1_195' title='bbox 1027 2113 1078 2175; x_wconf 91' lang='lat' dir='ltr'><strong>po-</strong></span> 
     </span>
     <span class='ocr_line' id='line_1_24' title="bbox 90 2180 1079 2260; baseline -0.004 -16"><span class='ocrx_word' id='word_1_196' title='bbox 90 2194 150 2244; x_wconf 86' lang='lat' dir='ltr'><strong>tum</strong></span> <span class='ocrx_word' id='word_1_197' title='bbox 163 2191 262 2242; x_wconf 87' lang='lat' dir='ltr'><strong>contra</strong></span> <span class='ocrx_word' id='word_1_198' title='bbox 275 2199 385 2241; x_wconf 83' lang='lat' dir='ltr'><strong>venena</strong></span> <span class='ocrx_word' id='word_1_199' title='bbox 394 2215 438 2228; x_wconf 89' lang='lat'><em>-</em></span> <span class='ocrx_word' id='word_1_200' title='bbox 447 2199 521 2259; x_wconf 91' lang='lat' dir='ltr'><strong>quae</strong></span> <span class='ocrx_word' id='word_1_201' title='bbox 535 2180 599 2240; x_wconf 87' lang='lat' dir='ltr'><strong>data</strong></span> <span class='ocrx_word' id='word_1_202' title='bbox 611 2182 667 2239; x_wconf 89' lang='lat' dir='ltr'><strong>siut</strong></span> <span class='ocrx_word' id='word_1_203' title='bbox 681 2183 817 2240; x_wconf 89' lang='lat' dir='ltr'><strong>emariuo</strong></span> <span class='ocrx_word' id='word_1_204' title='bbox 829 2180 933 2259; x_wconf 83' lang='lat' dir='ltr'><strong>lepore</strong></span> <span class='ocrx_word' id='word_1_205' title='bbox 946 2199 1079 2260; x_wconf 89' lang='lat' dir='ltr'><strong>praeser-</strong></span> 
     </span>
     <span class='ocr_line' id='line_1_25' title="bbox 91 2263 1078 2344; baseline -0.001 -18"><span class='ocrx_word' id='word_1_206' title='bbox 91 2268 151 2344; x_wconf 88' lang='lat' dir='ltr'><strong>tim,</strong></span> <span class='ocrx_word' id='word_1_207' title='bbox 166 2274 198 2324; x_wconf 94' lang='lat' dir='ltr'><strong>ut</strong></span> <span class='ocrx_word' id='word_1_208' title='bbox 209 2264 268 2340; x_wconf 91' lang='lat' dir='ltr'><strong>alii,</strong></span> <span class='ocrx_word' id='word_1_209' title='bbox 284 2274 314 2324; x_wconf 94' lang='lat' dir='ltr'><strong>ut</strong></span> <span class='ocrx_word' id='word_1_210' title='bbox 323 2265 506 2325; x_wconf 83' lang='lat' dir='ltr'><strong>Aristoteles·</strong></span> <span class='ocrx_word' id='word_1_211' title='bbox 512 2263 606 2341; x_wconf 91' lang='lat' dir='ltr'><strong>tradit,</strong></span> <span class='ocrx_word' id='word_1_212' title='bbox 617 2264 784 2339; x_wconf 75' lang='lat' dir='ltr'><strong>dorycnium</strong></span> <span class='ocrx_word' id='word_1_213' title='bbox 796 2298 838 2311; x_wconf 88' lang='grc'><strong>--</strong></span> <span class='ocrx_word' id='word_1_214' title='bbox 851 2274 880 2324; x_wconf 93' lang='lat' dir='ltr'><strong>et</strong></span> <span class='ocrx_word' id='word_1_215' title='bbox 892 2274 992 2323; x_wconf 88' lang='lat' dir='ltr'><strong>contra</strong></span> <span class='ocrx_word' id='word_1_216' title='bbox 1004 2266 1078 2326; x_wconf 92' lang='lat' dir='ltr'><strong>iusa·</strong></span> 
     </span>
     <span class='ocr_line' id='line_1_26' title="bbox 58 2346 1080 2427; baseline -0.002 -19"><span class='ocrx_word' id='word_1_217' title='bbox 58 2351 165 2415; x_wconf 61' lang='lat' dir='ltr'><strong>uniam</strong></span> <span class='ocrx_word' id='word_1_218' title='bbox 181 2347 345 2427; x_wconf 85' lang='lat' dir='ltr'><strong>quaefacta</strong></span> <span class='ocrx_word' id='word_1_219' title='bbox 362 2350 399 2407; x_wconf 90' lang='lat' dir='ltr'><strong>sit</strong></span> <span class='ocrx_word' id='word_1_220' title='bbox 410 2348 577 2423; x_wconf 76' lang='lat' dir='ltr'><strong>hyoscyami</strong></span> <span class='ocrx_word' id='word_1_221' title='bbox 592 2357 672 2425; x_wconf 92' lang='lat' dir='ltr'><strong>potu.</strong></span> <span class='ocrx_word' id='word_1_222' title='bbox 699 2346 838 2426; x_wconf 81' lang='lat' dir='ltr'><strong>podagris</strong></span> <span class='ocrx_word' id='word_1_223' title='bbox 851 2364 965 2425; x_wconf 88' lang='lat' dir='ltr'><strong>quoque</strong></span> <span class='ocrx_word' id='word_1_224' title='bbox 982 2348 1080 2407; x_wconf 90' lang='lat' dir='ltr'><strong>iubent</strong></span> 
     </span>
     <span class='ocr_line' id='line_1_27' title="bbox 90 2430 1079 2508; baseline -0.001 -17"><span class='ocrx_word' id='word_1_225' title='bbox 90 2432 170 2491; x_wconf 90' lang='lat' dir='ltr'><strong>inlini</strong></span> <span class='ocrx_word' id='word_1_226' title='bbox 185 2449 249 2490; x_wconf 85' lang='lat' dir='ltr'><strong>cunr</strong></span> <span class='ocrx_word' id='word_1_227' title='bbox 268 2432 371 2505; x_wconf 84' lang='lat' dir='ltr'><strong>cicuta,</strong></span> <span class='ocrx_word' id='word_1_228' title='bbox 389 2432 438 2491; x_wconf 91' lang='lat' dir='ltr'><strong>alii</strong></span> <span class='ocrx_word' id='word_1_229' title='bbox 453 2450 515 2490; x_wconf 91' lang='lat' dir='ltr'><strong>cum</strong></span> <span class='ocrx_word' id='word_1_230' title='bbox 530 2447 642 2508; x_wconf 80' lang='lat' dir='ltr'><strong>oesypo</strong></span> <span class='ocrx_word' id='word_1_231' title='bbox 659 2439 688 2489; x_wconf 89' lang='lat' dir='ltr'><strong>et</strong></span> <span class='ocrx_word' id='word_1_232' title='bbox 699 2430 784 2508; x_wconf 86' lang='lat' dir='ltr'><strong>adipe</strong></span> <span class='ocrx_word' id='word_1_233' title='bbox 794 2432 938 2505; x_wconf 83' lang='lat' dir='ltr'><strong>anserino,</strong></span> <span class='ocrx_word' id='word_1_234' title='bbox 956 2432 1079 2507; x_wconf 87' lang='lat' dir='ltr'><strong>qualiter</strong></span> 
     </span>
     <span class='ocr_line' id='line_1_28' title="bbox 91 2514 1078 2592; baseline -0.002 -17"><span class='ocrx_word' id='word_1_235' title='bbox 91 2514 335 2575; x_wconf 74' lang='lat' dir='ltr'><strong>etiamsolvarum</strong></span> <span class='ocrx_word' id='word_1_236' title='bbox 348 2514 496 2574; x_wconf 89' lang='lat' dir='ltr'><strong>doloribus</strong></span> <span class='ocrx_word' id='word_1_237' title='bbox 508 2515 662 2592; x_wconf 88' lang='lat' dir='ltr'><strong>inponitur.</strong></span> <span class='ocrx_word' id='word_1_238' title='bbox 679 2514 773 2573; x_wconf 86' lang='lat' dir='ltr'><strong>alvom</strong></span> <span class='ocrx_word' id='word_1_239' title='bbox 785 2515 870 2573; x_wconf 89' lang='lat' dir='ltr'><strong>etiam</strong></span> <span class='ocrx_word' id='word_1_240' title='bbox 882 2514 956 2574; x_wconf 88' lang='lat' dir='ltr'><strong>sistit</strong></span> <span class='ocrx_word' id='word_1_241' title='bbox 969 2522 1078 2591; x_wconf 85' lang='lat' dir='ltr'><strong>potum,</strong></span> 
     </span>
     <span class='ocr_line' id='line_1_29' title="bbox 89 2596 1120 2676; baseline -0.003 -18"><span class='ocrx_word' id='word_1_242' title='bbox 89 2607 121 2658; x_wconf 91' lang='lat' dir='ltr'><strong>ut</strong></span> <span class='ocrx_word' id='word_1_243' title='bbox 133 2597 270 2659; x_wconf 85' lang='lat' dir='ltr'><strong>Rabirius</strong></span> <span class='ocrx_word' id='word_1_244' title='bbox 285 2597 401 2676; x_wconf 87' lang='lat' dir='ltr'><strong>scribit,</strong></span> <span class='ocrx_word' id='word_1_245' title='bbox 418 2606 447 2657; x_wconf 91' lang='lat' dir='ltr'><strong>et</strong></span> <span class='ocrx_word' id='word_1_246' title='bbox 462 2614 577 2657; x_wconf 90' lang='lat' dir='ltr'><strong>meuses</strong></span> <span class='ocrx_word' id='word_1_247' title='bbox 598 2597 665 2656; x_wconf 90' lang='lat' dir='ltr'><strong>ciet.</strong></span> <span class='ocrx_word' id='word_1_248' title='bbox 694 2597 758 2655; x_wconf 90' lang='lat' dir='ltr'><strong>eius</strong></span> <span class='ocrx_word' id='word_1_249' title='bbox 771 2613 842 2655; x_wconf 87' lang='lat' dir='ltr'><strong>vero</strong></span> <span class='ocrx_word' id='word_1_250' title='bbox 858 2615 931 2674; x_wconf 87' lang='lat' dir='ltr'><strong>quae</strong></span> <span class='ocrx_word' id='word_1_251' title='bbox 946 2596 1076 2655; x_wconf 86' lang='lat' dir='ltr'><strong>feminam</strong></span> <span class='ocrx_word' id='word_1_252' title='bbox 1086 2604 1120 2661; x_wconf 79' lang='lat'><strong>75</strong></span> 
     </span>
     <span class='ocr_line' id='line_1_30' title="bbox 90 2679 1079 2757; baseline -0.004 -16"><span class='ocrx_word' id='word_1_253' title='bbox 90 2683 177 2741; x_wconf 87' lang='lat' dir='ltr'><strong>enixa</strong></span> <span class='ocrx_word' id='word_1_254' title='bbox 188 2682 227 2740; x_wconf 89' lang='lat' dir='ltr'><strong>sit</strong></span> <span class='ocrx_word' id='word_1_255' title='bbox 237 2681 347 2740; x_wconf 83' lang='lat' dir='ltr'><strong>advitia</strong></span> <span class='ocrx_word' id='word_1_256' title='bbox 361 2690 465 2741; x_wconf 89' lang='lat' dir='ltr'><strong>tantum</strong></span> <span class='ocrx_word' id='word_1_257' title='bbox 475 2682 504 2740; x_wconf 95' lang='lat' dir='ltr'><strong>in</strong></span> <span class='ocrx_word' id='word_1_258' title='bbox 515 2680 590 2740; x_wconf 89' lang='lat' dir='ltr'><strong>facie</strong></span> <span class='ocrx_word' id='word_1_259' title='bbox 602 2679 728 2741; x_wconf 88' lang='lat' dir='ltr'><strong>sananda</strong></span> <span class='ocrx_word' id='word_1_260' title='bbox 741 2680 898 2757; x_wconf 84' lang='lat' dir='ltr'><strong>praevalet.</strong></span> <span class='ocrx_word' id='word_1_261' title='bbox 915 2679 1079 2757; x_wconf 87' lang='lat' dir='ltr'><strong>pulmonum</strong></span> 
     </span>
     <span class='ocr_line' id='line_1_31' title="bbox 57 2761 1078 2843; baseline -0.004 -20"><span class='ocrx_word' id='word_1_262' title='bbox 57 2782 208 2843; x_wconf 65' lang='lat' dir='ltr'><strong>aequoque</strong></span> <span class='ocrx_word' id='word_1_263' title='bbox 225 2764 403 2824; x_wconf 90' lang='lat' dir='ltr'><strong>incommoda</strong></span> <span class='ocrx_word' id='word_1_264' title='bbox 420 2765 496 2825; x_wconf 91' lang='lat' dir='ltr'><strong>lacte</strong></span> <span class='ocrx_word' id='word_1_265' title='bbox 514 2763 642 2822; x_wconf 90' lang='lat' dir='ltr'><strong>mulieris</strong></span> <span class='ocrx_word' id='word_1_266' title='bbox 660 2772 804 2840; x_wconf 89' lang='lat' dir='ltr'><strong>sanantur,</strong></span> <span class='ocrx_word' id='word_1_267' title='bbox 821 2765 865 2823; x_wconf 91' lang='lat' dir='ltr'><strong>cui</strong></span> <span class='ocrx_word' id='word_1_268' title='bbox 885 2764 909 2822; x_wconf 89' lang='lat' dir='ltr'><strong>si</strong></span> <span class='ocrx_word' id='word_1_269' title='bbox 920 2761 1078 2821; x_wconf 87' lang='lat' dir='ltr'><strong>admiscea-</strong></span> 
     </span>
     <span class='ocr_line' id='line_1_32' title="bbox 89 2844 1077 2924; baseline -0.003 -18"><span class='ocrx_word' id='word_1_270' title='bbox 89 2856 135 2906; x_wconf 88' lang='lat' dir='ltr'><strong>tur</strong></span> <span class='ocrx_word' id='word_1_271' title='bbox 145 2845 261 2924; x_wconf 92' lang='lat' dir='ltr'><strong>inpubis</strong></span> <span class='ocrx_word' id='word_1_272' title='bbox 273 2847 356 2924; x_wconf 90' lang='lat' dir='ltr'><strong>pueri</strong></span> <span class='ocrx_word' id='word_1_273' title='bbox 370 2850 449 2908; x_wconf 87' lang='lat' dir='ltr'><strong>urina</strong></span> <span class='ocrx_word' id='word_1_274' title='bbox 461 2857 491 2907; x_wconf 89' lang='lat' dir='ltr'><strong>et</strong></span> <span class='ocrx_word' id='word_1_275' title='bbox 507 2847 564 2907; x_wconf 88' lang='lat' dir='ltr'><strong>mel</strong></span> <span class='ocrx_word' id='word_1_276' title='bbox 577 2847 714 2923; x_wconf 81' lang='lat' dir='ltr'><strong>Atticum,</strong></span> <span class='ocrx_word' id='word_1_277' title='bbox 727 2849 819 2907; x_wconf 86' lang='lat' dir='ltr'><strong>omnia</strong></span> <span class='ocrx_word' id='word_1_278' title='bbox 832 2845 1006 2904; x_wconf 80' lang='lat' dir='ltr'><strong>coclearium</strong></span> <span class='ocrx_word' id='word_1_279' title='bbox 1022 2844 1077 2903; x_wconf 88' lang='lat' dir='ltr'><strong>sin·</strong></span> 
     </span>
     <span class='ocr_line' id='line_1_33' title="bbox 89 2927 1079 3009; baseline -0.003 -19"><span class='ocrx_word' id='word_1_280' title='bbox 89 2932 224 3005; x_wconf 78' lang='lat' dir='ltr'><strong>gulosum</strong></span> <span class='ocrx_word' id='word_1_281' title='bbox 240 2946 383 3007; x_wconf 89' lang='lat' dir='ltr'><strong>mensura,</strong></span> <span class='ocrx_word' id='word_1_282' title='bbox 398 2931 529 2991; x_wconf 90' lang='lat' dir='ltr'><strong>animalia</strong></span> <span class='ocrx_word' id='word_1_283' title='bbox 542 2946 657 3009; x_wconf 90' lang='lat' dir='ltr'><strong>quoque</strong></span> <span class='ocrx_word' id='word_1_284' title='bbox 671 2930 778 2989; x_wconf 89' lang='lat' dir='ltr'><strong>aurium</strong></span> <span class='ocrx_word' id='word_1_285' title='bbox 791 2930 848 2988; x_wconf 89' lang='lat' dir='ltr'><strong>eici</strong></span> <span class='ocrx_word' id='word_1_286' title='bbox 861 2928 985 2987; x_wconf 85' lang='lat' dir='ltr'><strong>invenio.</strong></span> <span class='ocrx_word' id='word_1_287' title='bbox 1016 2927 1079 2987; x_wconf 85' lang='lat' dir='ltr'><strong>eius</strong></span> 
     </span>
     <span class='ocr_line' id='line_1_34' title="bbox 90 3009 1077 3091; baseline -0.005 -19"><span class='ocrx_word' id='word_1_288' title='bbox 90 3031 165 3091; x_wconf 85' lang='lat' dir='ltr'><strong>quae</strong></span> <span class='ocrx_word' id='word_1_289' title='bbox 179 3030 288 3072; x_wconf 87' lang='lat' dir='ltr'><strong>marem</strong></span> <span class='ocrx_word' id='word_1_290' title='bbox 299 3015 414 3091; x_wconf 90' lang='lat' dir='ltr'><strong>peperit</strong></span> <span class='ocrx_word' id='word_1_291' title='bbox 425 3014 502 3074; x_wconf 87' lang='lat' dir='ltr'><strong>lactc</strong></span> <span class='ocrx_word' id='word_1_292' title='bbox 512 3022 627 3089; x_wconf 77' lang='lat' dir='ltr'><strong>gustato</strong></span> <span class='ocrx_word' id='word_1_293' title='bbox 639 3029 726 3072; x_wconf 90' lang='lat' dir='ltr'><strong>canes</strong></span> <span class='ocrx_word' id='word_1_294' title='bbox 739 3012 874 3073; x_wconf 86' lang='lat' dir='ltr'><strong>rabiosos</strong></span> <span class='ocrx_word' id='word_1_295' title='bbox 885 3016 991 3086; x_wconf 82' lang='lat' dir='ltr'><strong>negant</strong></span> <span class='ocrx_word' id='word_1_296' title='bbox 1005 3009 1077 3067; x_wconf 85' lang='lat' dir='ltr'><strong>lieri.</strong></span> 
     </span>
     <span class='ocr_line' id='line_1_35' title="bbox 157 3091 1120 3175; baseline -0.007 -19"><span class='ocrx_word' id='word_1_297' title='bbox 157 3096 242 3174; x_wconf 80' lang='lat'><strong>(22.)</strong></span> <span class='ocrx_word' id='word_1_298' title='bbox 263 3095 392 3155; x_wconf 84' lang='lat' dir='ltr'><strong>blulieris</strong></span> <span class='ocrx_word' id='word_1_299' title='bbox 414 3114 530 3175; x_wconf 91' lang='lat' dir='ltr'><strong>quoque</strong></span> <span class='ocrx_word' id='word_1_300' title='bbox 547 3097 665 3156; x_wconf 81' lang='lat' dir='ltr'><strong>salivam</strong></span> <span class='ocrx_word' id='word_1_301' title='bbox 681 3098 795 3155; x_wconf 87' lang='lat' dir='ltr'><strong>ieiunae</strong></span> <span class='ocrx_word' id='word_1_302' title='bbox 815 3100 961 3173; x_wconf 85' lang='lat' dir='ltr'><strong>potentem</strong></span> <span class='ocrx_word' id='word_1_303' title='bbox 975 3091 1075 3152; x_wconf 90' lang='lat' dir='ltr'><strong>diiudi·</strong></span> <span class='ocrx_word' id='word_1_304' title='bbox 1086 3100 1120 3157; x_wconf 80' lang='grc'><strong>76</strong></span> 
     </span>
     <span class='ocr_line' id='line_1_36' title="bbox 58 3176 1077 3255; baseline -0.005 -17"><span class='ocrx_word' id='word_1_305' title='bbox 58 3187 157 3238; x_wconf 63' lang='lat' dir='ltr'><strong>ceant</strong></span> <span class='ocrx_word' id='word_1_306' title='bbox 172 3179 329 3239; x_wconf 89' lang='lat' dir='ltr'><strong>cruentatis</strong></span> <span class='ocrx_word' id='word_1_307' title='bbox 344 3179 436 3239; x_wconf 93' lang='lat' dir='ltr'><strong>oculis</strong></span> <span class='ocrx_word' id='word_1_308' title='bbox 451 3189 496 3252; x_wconf 87' lang='lat' dir='ltr'><strong>et,</strong></span> <span class='ocrx_word' id='word_1_309' title='bbox 521 3180 546 3237; x_wconf 90' lang='lat' dir='ltr'><strong>si</strong></span> <span class='ocrx_word' id='word_1_310' title='bbox 569 3187 669 3239; x_wconf 86' lang='lat' dir='ltr'><strong>contra</strong></span> <span class='ocrx_word' id='word_1_311' title='bbox 685 3178 842 3255; x_wconf 89' lang='lat' dir='ltr'><strong>epiphoras</strong></span> <span class='ocrx_word' id='word_1_312' title='bbox 863 3176 1010 3235; x_wconf 84' lang='lat' dir='ltr'><strong>ferventes</strong></span> <span class='ocrx_word' id='word_1_313' title='bbox 1030 3192 1077 3235; x_wconf 89' lang='lat' dir='ltr'><strong>an·</strong></span> 
     </span>
     <span class='ocr_line' id='line_1_37' title="bbox 90 3258 1079 3337; baseline -0.004 -16"><span class='ocrx_word' id='word_1_314' title='bbox 90 3262 152 3337; x_wconf 81' lang='lat' dir='ltr'><strong>guli</strong></span> <span class='ocrx_word' id='word_1_315' title='bbox 168 3262 320 3321; x_wconf 91' lang='lat' dir='ltr'><strong>oculorum</strong></span> <span class='ocrx_word' id='word_1_316' title='bbox 334 3262 453 3322; x_wconf 90' lang='lat' dir='ltr'><strong>subinde</strong></span> <span class='ocrx_word' id='word_1_317' title='bbox 468 3261 630 3337; x_wconf 88' lang='lat' dir='ltr'><strong>madefiant,</strong></span> <span class='ocrx_word' id='word_1_318' title='bbox 647 3261 813 3334; x_wconf 89' lang='lat' dir='ltr'><strong>efficacius,</strong></span> <span class='ocrx_word' id='word_1_319' title='bbox 833 3260 857 3319; x_wconf 91' lang='lat' dir='ltr'><strong>sl</strong></span> <span class='ocrx_word' id='word_1_320' title='bbox 874 3258 938 3318; x_wconf 91' lang='lat' dir='ltr'><strong>cibo</strong></span> <span class='ocrx_word' id='word_1_321' title='bbox 954 3260 1079 3336; x_wconf 90' lang='lat' dir='ltr'><strong>vinoque</strong></span> 
     </span>
    </p>
   </div>
   <div class='ocr_carea' id='block_1_3' title="bbox 90 3342 1144 3509">
    <p class='ocr_par' dir='ltr' id='par_1_3' title="bbox 90 3342 1144 3509">
     <span class='ocr_line' id='line_1_38' title="bbox 90 3342 1078 3423; baseline -0.003 -19"><span class='ocrx_word' id='word_1_322' title='bbox 90 3362 124 3404; x_wconf 89' lang='lat' dir='ltr'><strong>se</strong></span> <span class='ocrx_word' id='word_1_323' title='bbox 138 3345 233 3423; x_wconf 88' lang='lat' dir='ltr'><strong>pridie</strong></span> <span class='ocrx_word' id='word_1_324' title='bbox 249 3363 284 3405; x_wconf 88' lang='lat' dir='ltr'><strong>ca</strong></span> <span class='ocrx_word' id='word_1_325' title='bbox 297 3344 475 3406; x_wconf 86' lang='lat' dir='ltr'><strong>abstinuerit.</strong></span> <span class='ocrx_word' id='word_1_326' title='bbox 504 3342 621 3405; x_wconf 82' lang='lat' dir='ltr'><strong>lunanio</strong></span> <span class='ocrx_word' id='word_1_327' title='bbox 643 3350 673 3403; x_wconf 91' lang='lat' dir='ltr'><strong>et</strong></span> <span class='ocrx_word' id='word_1_328' title='bbox 692 3342 782 3403; x_wconf 86' lang='lat' dir='ltr'><strong>fascia</strong></span> <span class='ocrx_word' id='word_1_329' title='bbox 804 3342 932 3403; x_wconf 84' lang='lat' dir='ltr'><strong>mulieris</strong></span> <span class='ocrx_word' id='word_1_330' title='bbox 951 3343 1078 3419; x_wconf 81' lang='lat' dir='ltr'><strong>adligato</strong></span> 
     </span>
     <span class='ocr_line' id='line_1_39' title="bbox 90 3428 1144 3509; baseline -0.031 -19"><span class='ocrx_word' id='word_1_331' title='bbox 90 3430 188 3509; x_wconf 67' lang='lat' dir='ltr'><strong>ca‘pite</strong></span> <span class='ocrx_word' id='word_1_332' title='bbox 201 3428 322 3489; x_wconf 89' lang='lat' dir='ltr'><strong>dolores</strong></span> <span class='ocrx_word' id='word_1_333' title='bbox 335 3428 431 3489; x_wconf 74' lang='lat' dir='ltr'><strong>minui</strong></span> <span class='ocrx_word' id='word_1_334' title='bbox 516 3462 517 3470; x_wconf 59' lang='lat'><strong>.</strong></span> <span class='ocrx_word' id='word_1_335' title='bbox 1142 3438 1144 3443; x_wconf 83' lang='lat'><strong>.</strong></span> 
     </span>
    </p>
   </div>
   <div class='ocr_carea' id='block_1_4' title="bbox 0 0 1246 3817">
    <p class='ocr_par' dir='ltr' id='par_1_4' title="bbox 0 0 1246 3817">
     <span class='ocr_line' id='line_1_40' title="bbox 0 0 1246 3817; baseline 0 2"><span class='ocrx_word' id='word_1_336' title='bbox 0 0 1246 3817; x_wconf 95' lang='lat' dir='ltr'><strong> </strong></span> 
     </span>
    </p>
   </div>
  </div>
 </body>
</html>
