2484 3817
330 207 411 255 rann.
426 206 516 255 man.
531 206 630 254 xxxx.
646 204 671 261 9.
688 206 731 258 10.
749 196 807 274 (45.
823 196 884 271 lo.)
904 218 912 227 ·
1036 194 1094 258 281

110 371 139 423 et
152 360 306 439 lapidescit
320 359 359 419 ibi
372 361 402 419 in
419 363 547 437 acervis,
562 360 700 440 malique
711 369 775 420 sunt
791 362 894 422 cumuli
908 378 943 422 ea
960 360 997 421 de
1011 378 1097 424 causa

109 448 201 507 saxei.
226 446 332 505 iaciunt
346 463 385 504 ex
397 444 442 504 his
456 462 526 504 vasa
536 489 544 520 ,
555 462 612 503 neo
627 462 685 503 non
700 445 867 524 frequenter
883 446 1019 524 liquatum
1035 448 1097 505 cum

109 530 226 607 sulpure
244 537 404 606 coquentes
424 529 454 586 in
475 526 608 587 carnibus
635 546 749 607 quoque
771 546 842 607 quas
871 530 1025 589 inveterari
1045 548 1096 589 vo·

108 616 169 675 lunt
184 612 236 672 illo
252 614 326 671 nitro
339 620 463 672 utuntur.
492 619 559 670 sunt
570 611 610 670 ibi
630 613 765 672 nitrariae
783 613 812 671 in
833 612 935 690 quibus
956 619 986 671 et
1004 613 1097 674 rnlnm
1165 649 1167 655 ·

85 700 168 758 nexit
181 715 198 756 a
210 696 311 757 colore
323 705 429 755 terrae.
459 695 592 773 Spumam
604 696 686 773 nitri,
705 710 781 773 quae
790 712 920 755 maxume
935 694 1075 772 laudatur,
1089 708 1140 763 nu

107 783 213 858 antiqui
230 778 376 856 negabant
389 780 452 838 lieri
469 779 525 837 nisi
540 794 604 837 oum
624 795 674 838 ros
698 778 868 857 cecidisset,
892 779 1098 861 praegnatibus
1166 834 1169 838 .

106 865 247 938 nitrariis,
267 863 320 923 sed
335 862 458 922 nondum
473 862 657 939 parientibus.
687 862 785 940 itaque
805 879 863 923 non
879 863 942 923 lieri
961 864 1097 943 incitatis,

107 948 216 1009 etiamsi
232 946 358 1007 caderet.
390 945 439 1005 alii
454 962 621 1005 acervorum
633 946 773 1005 fermento
788 946 868 1023 gigni
884 948 1096 1007 existimavere.

106 1048 245 1110 proxuma
260 1039 338 1090 aetas
354 1028 530 1089 medicorum
549 1029 745 1108 aphronitrum
759 1028 872 1090 tradidit
888 1031 917 1090 in
930 1029 1003 1089 Asia
1017 1030 1140 1097 col-113

72 1128 98 1169 ιι
106 1117 155 1192 ligi
166 1117 195 1173 in
207 1114 354 1192 speluncis
363 1112 498 1173 mollibus
504 1112 663 1190 destillans,
678 1146 716 1157 -—
726 1132 834 1193 specus
846 1132 899 1175 eos
911 1114 1035 1190 colligas
1046 1132 1096 1175 vo·

106 1196 310 1275 cant,·-dein
323 1196 517 1257 siccantsole.
544 1205 688 1275 optumum
699 1206 812 1276 putatur
823 1198 950 1275 lydium,
960 1196 1097 1276 probatio

105 1292 136 1343 ut
150 1284 187 1342 sit
201 1283 323 1340 minume
338 1281 533 1360 ponderosum
546 1289 577 1341 et
592 1298 723 1341 maxume
737 1280 868 1357 friabile,
884 1282 987 1343 colore
1004 1299 1097 1361 paene

106 1382 263 1446 purpureo.
290 1364 348 1425 hoc
360 1366 389 1425 in
401 1365 525 1443 pastillis
538 1364 683 1443 adfertur,
699 1364 875 1443 Aegyptium
884 1366 913 1425 in
927 1366 1005 1426 vasis
1016 1366 1096 1443 pica·

106 1453 158 1526 tis,
171 1468 208 1509 ne
223 1450 373 1528 liquescat.
401 1467 473 1510 vasa
483 1465 599 1547 quoquo
612 1466 649 1509 ea
663 1448 727 1509 sole
739 1450 931 1510 inarescentia
945 1450 1096 1529 perlicinn·

72 1547 97 1587 ιι
106 1544 158 1594 tur
184 1534 231 1613 [4]
243 1533 318 1594 Nitri
334 1533 468 1611 probatio
485 1542 517 1592 ut
531 1534 568 1592 sit
587 1534 783 1593 tenuissimum
797 1540 827 1593 et
845 1550 930 1609 quum
945 1550 1076 1593 maxume
1089 1545 1141 1599 114

106 1634 302 1697 spongeosum
320 1617 549 1713 listulcsnmqne.
584 1616 798 1675 adulteratur
790 1632 818 1673 ιιι
838 1614 977 1692 Aegypto
1004 1617 1096 1693 calce,

106 1701 330 1779 deprehenditur
343 1710 438 1777 gustu.
469 1701 613 1757 sincerum
629 1698 703 1756 enim
719 1696 812 1755 statim
826 1695 998 1772 resolvitur,
1019 1699 1097 1758 adnl-

105 1794 225 1845 teratum
238 1785 346 1861 pungit
376 1781 458 1840 calce
470 1780 639 1858 adspersum
649 1779 744 1839 reddit
756 1779 876 1838 odorem
887 1778 1096 1842 vehementem.

105 1868 207 1927 ntritur
222 1869 340 1924 intesta
354 1872 486 1960 opertum
500 1880 537 1922 ne
552 1862 694 1938 exsultet,
709 1862 806 1921 alias·
797 1864 856 1939 ugni
870 1878 929 1921 non
945 1862 1042 1923 exsilit
1056 1864 1096 1922 ni·

68 1960 194 2024 nobum,
214 1946 342 2025 nihilque
356 1946 450 2023 gignit
466 1954 513 2006 ant
529 1944 594 2023 alit,
616 1964 679 2005 oum
693 1948 722 2005 in
737 1947 835 2006 salinis
855 1945 965 2007 herbae
977 1947 1096 2024 gignan-

105 2043 151 2094 tur
165 2039 196 2091 et
209 2032 319 2090 inmari
333 2038 376 2089 tot
385 2030 533 2107 animalia,
548 2038 654 2091 tantum
667 2029 763 2108 algae.
788 2029 840 2091 sed
855 2032 993 2090 maiorem
1008 2044 1139 2097 essens

105 2114 289 2177 acrimoniam
313 2114 379 2172 nitri
401 2112 521 2194 adparet
541 2132 600 2183 non
620 2114 678 2174 hoc
694 2123 801 2190 tantum
819 2124 987 2192 argumento
1001 2114 1053 2175 sed
1068 2124 1098 2174 ιιι

104 2199 156 2260 ἰΙΙο
175 2197 252 2276 quod
265 2198 398 2257 nitrariae
416 2198 603 2259 calciamenta
618 2198 748 2277 protinus
766 2207 945 2274 consumunt,
960 2197 1031 2258 alias
1052 2216 1097 2258 sa·

104 2284 203 2344 lubres
219 2281 426 2361 oculorumque
442 2282 564 2342 claritati
579 2282 676 2342 utiles.
708 2283 737 2341 in
752 2283 877 2343 nitrariis
891 2300 949 2342 non
964 2282 1095 2361 lippiunt.

69 2383 96 2423 ιι
107 2367 204 2427 ulcera
218 2365 314 2426 adlata
327 2382 364 2426 eo
380 2365 532 2426 celerrime
546 2374 698 2441 sanantur,
721 2365 761 2425 ibi
775 2366 852 2426 lacta
866 2365 958 2426 tarde.
996 2366 1054 2425 ciet
1068 2374 1097 2425 et

105 2449 227 2510 sudores
242 2466 304 2509 eum
320 2451 388 2509 oleo
404 2450 550 2527 perunctis
567 2466 732 2527 corpusque
748 2449 865 2509 emollit.
894 2448 927 2509 ln
939 2466 1013 2528 pane
1028 2449 1097 2509 salis

106 2534 173 2592 vice
187 2540 299 2592 utuntur
314 2531 519 2609 Chalestraeo,
534 2533 571 2592 ad
584 2533 729 2611 raphanos
744 2533 911 2613 Aegyptio,
933 2532 1097 2593 teneriores

107 2633 162 2676 eos
178 2615 262 2690 iacit,
279 2615 332 2675 sed
345 2617 468 2694 opsonia
487 2616 553 2677 alba
574 2625 605 2676 et
618 2617 780 2694 deteriora,
798 2616 879 2677 clera
896 2616 1077 2675 viridiora.
1068 2634 1098 2675 ιιι

105 2697 351 2759 medicinauutem
362 2699 514 2777 calefacit,
534 2708 687 2776 extenuat,
702 2699 832 2777 mordet,
851 2701 974 2778 spissat,
993 2699 1094 2774 siccat,

70 2800 97 2841 ao
106 2782 265 2842 exulcerat.
292 2780 361 2840 utile
370 2781 416 2841 his
425 2800 499 2861 quae
514 2782 664 2844 evocanda
676 2783 731 2843 sint
742 2794 790 2845 aut
805 2781 983 2843 discutienda
994 2790 1024 2842 et
1034 2782 1139 2847 lis-116

105 2868 169 2925 nius
180 2862 336 2923 mordenda
350 2873 436 2943 atqrm
452 2865 646 2965 extenuanda,
663 2867 757 2927 sicut
749 2886 777 2927 m
780 2865 902 2946 papulis
916 2866 1095 2944 pusulisque.

106 2948 243 3047 quidam
234 2965 262 3005 un
276 2946 333 3006 hoc
350 2966 403 3007 usu
422 2966 577 3009 accensum
597 2950 666 3009 tino
688 2958 804 3009 austero
831 2950 992 3025 restingunt
1010 2957 1095 3028 atque

105 3034 145 3094 ita
159 3019 227 3091 trito
239 3032 269 3089 in
282 3029 405 3090 balineis
418 3041 533 3091 utuntur
546 3034 609 3091 sine
627 3033 704 3092 olco.
735 3034 857 3093 sudores
870 3034 972 3091 nimios
987 3031 1096 3091 inhibet

107 3132 170 3175 cum
192 3114 265 3174 iride
282 3113 362 3174 arida
384 3114 497 3175 adiecto
522 3115 590 3176 cleo
613 3114 715 3190 viridi,
734 3123 871 3176 extenuat
892 3121 922 3174 et
943 3115 1095 3175 cicatrices
1181 3111 1183 3115 ’

71 3214 100 3259 aa
108 3197 257 3258 oculorum
269 3207 299 3259 et
312 3197 463 3257 scabritias
473 3214 610 3275 genarum
623 3216 686 3259 cum
697 3200 753 3259 lico
763 3194 872 3259 inlitum
886 3206 933 3259 aut
944 3199 1096 3259 decoctum

106 3283 137 3342 in
157 3298 246 3359 passo
267 3282 303 3342 ad
321 3282 451 3343 dimidias
472 3284 577 3360 partis,
596 3284 665 3341 item
685 3290 784 3341 contra
805 3298 921 3359 argema
948 3282 1096 3342 oculorum

105 3365 248 3441 inanqnes
259 3364 410 3425 decoctum
425 3383 488 3424 cum
500 3366 626 3443 passoin
640 3364 706 3424 mali
718 3364 816 3423 Punici
828 3365 937 3440 calyce.
962 3364 1075 3425 adiuvat
1086 3366 1136 3429 uli

106 3448 263 3509 claritatem
278 3450 356 3509 visus
371 3464 434 3508 curn
450 3445 559 3526 mqlle
549 3455 703 3506 nunctum.
733 3446 854 3525 prodest
864 3447 988 3508 dentium
1000 3446 1095 3507 dolori
