2484 3817
170 144 229 207 172
507 153 538 202 c.
559 155 653 203 surm
675 154 823 202 saeuum

168 312 269 372 eadem
280 329 353 389 quae
365 309 561 388 amphicomos
572 317 603 369 et
614 309 844 387 hieromnemon,
854 308 1024 372 Democrito
1033 312 1168 375 laudatur

168 398 197 454 in
224 396 400 472 argumentis
425 394 637 453 divinationum.
674 391 817 452 Eumenes
847 395 878 453 in
895 393 1007 454 Bactris
1037 399 1170 458 nascitur

168 478 242 538 'silici
254 477 377 555 similis,
392 477 443 537 sed
454 479 541 554 capiti
554 478 705 555 supposita
719 477 782 536 visa
797 485 936 538 nocturna
953 480 1062 540 oraculi
1078 483 1169 541 modo

168 562 271 622 reddit.
308 561 458 621 llnmitren
477 561 540 620 Beli
566 578 720 638 gemmam,
749 563 921 620 sanctissimi
945 562 1066 623 deoruum
1097 565 1170 642 sibi,

169 645 284 721 Assyrii
299 645 448 723 appellant
467 647 601 723 porracei
618 644 744 719 coloris,
769 647 1026 722 superstitionibus
1041 657 1187 724 gramma

127 727 349 807 161Eupetatos
378 736 513 806 quattuor
541 728 658 788 colores
686 727 791 801 habet,
823 729 1003 806 caeruleum,
1036 733 1169 808 igneum,

168 814 252 888 mini,
273 806 348 871 mali.
382 811 497 871 Euneos
513 813 636 871 nnculeo
658 811 753 872 oliuae
770 811 871 870 similis
893 821 954 888 est,
974 816 1075 873 striata
1097 833 1170 874 oon-

168 895 282 954 charum
297 896 400 971 modo,
420 913 478 954 non
492 895 566 954 adeo
582 894 708 954 candida.
738 893 876 954 Eurotias
891 897 948 955 situ
962 897 1078 958 videtur
1093 916 1169 976 ope-

168 982 229 1038 rire
243 981 396 1056 nigritiam.
434 979 586 1055 Eusebes,
611 996 649 1037 ex
667 994 704 1037 eo
720 977 816 1055 lapide
840 988 886 1038 est
901 997 976 1057 quae
994 982 1116 1060 traditur
1137 986 1167 1041 in

169 1062 248 1138 'ipro
260 1062 394 1122 Herculis
407 1063 516 1140 templo
530 1063 605 1122 iact'a
620 1061 707 1120 sedes
721 1079 760 1121 ex
775 1079 830 1139 qua
842 1065 882 1140 pli
893 1063 980 1124 iacile
996 1065 1167 1142 surgebant.
1178 1077 1197 1116 1⁰

168 1145 315 1224 Epimelas
330 1147 378 1221 lit,
400 1163 463 1204 cum
477 1148 506 1205 in
520 1145 637 1205 candida
652 1162 764 1222 gemma
779 1160 907 1224 superne
924 1150 1049 1224 nigricat
1067 1149 1168 1209 colos.

127 1238 179 1292 162
231 1229 313 1307 (59.)
331 1227 468 1288 Galaxian
482 1229 570 1306 aliqui
582 1227 738 1306 galactiten
749 1238 871 1306 vocant,
887 1231 1006 1290 similem
1022 1249 1168 1308 proxume

168 1312 270 1386 dictis,
299 1311 351 1370 sed
377 1313 635 1371 intercurrentibus
656 1313 822 1388 sanguineis
853 1323 901 1371 aut
921 1314 1047 1374 candidis
1068 1319 1166 1377 venis.

169 1393 318 1453 Galactitis
336 1413 374 1454 ex
387 1402 444 1454 uno
470 1395 571 1454 colore
593 1394 676 1454 lactis
693 1403 747 1454 est.
784 1395 901 1455 eandem
921 1397 1109 1473 leucogaeam
1132 1409 1167 1459 et

165 1472 408 1557 leucographitim
432 1479 580 1557 appellant
607 1487 638 1537 et
654 1478 867 1556 ¹spnnephitim,
896 1481 924 1536 in
947 1483 1047 1537 attritu
1073 1481 1165 1541 lactis
1176 1501 1200 1540 15

169 1580 239 1623 suco
266 1580 300 1622 ac
326 1581 432 1642 sapore
455 1563 623 1622 notabilem.
661 1564 691 1620 in
711 1563 878 1621 educatione
896 1561 1051 1620 nutricibus
1072 1563 1163 1622 lactis

167 1646 289 1705 fecunda
305 1648 452 1707 infantium
467 1663 584 1725 quoque
598 1646 677 1706 collo
697 1646 847 1722 adalligata
861 1644 975 1704 saliuam
987 1645 1085 1704 lacere
1099 1653 1158 1704 tra-

169 1729 261 1803 ditur,
285 1731 315 1788 in
330 1747 383 1789 ore
399 1737 494 1789 autem
508 1729 685 1807 liquescere.
719 1730 839 1788 eandem
854 1729 1016 1788 memoriam
1030 1729 1159 1789 adimere

168 1810 272 1871 dicunt.
315 1815 429 1872 mittunt
453 1829 516 1872 eam
536 1812 619 1872 Nilus
646 1822 676 1872 et
697 1812 846 1873 Achelous
875 1829 980 1872 amnes.
1023 1819 1087 1871 sunt
1110 1817 1161 1890 qui

126 1905 178 1959 163
189 1896 368 1972 zmaragdum
378 1895 452 1955 albis
465 1897 549 1955 uenis
559 1895 782 1972 circumligatum
795 1897 951 1973 galactiten
961 1904 1074 1956 vocent.
1096 1893 1199 1956 Gal-20

126 2041 132 2048 ,
168 1977 240 2037 laica
253 1979 482 2055 argyrodamanti
497 1980 598 2040 similis
613 1988 675 2054 est,
691 1979 788 2057 paullo
801 1980 963 2055 sordidior,
978 1981 1164 2040 inveniuntur

168 2062 282 2121 iunctae
298 2063 383 2122 binae
404 2071 573 2141 ternaeque.
614 2062 812 2122 Gassinnaden
828 2063 904 2122 Medi
923 2065 1037 2123 mittunt
1052 2063 1163 2123 coloris

139 2141 143 2154 ’
169 2145 284 2205 orobini
297 2146 387 2204 veluti
403 2145 523 2206 lloribus
538 2162 682 2224 sparsam,
698 2147 824 2205 nascitur
841 2155 871 2206 et
885 2149 913 2204 in
932 2146 1061 2206 Arbelis.
1089 2146 1163 2206 haec

169 2246 283 2306 qunque
306 2247 417 2305 gemma
441 2231 597 2308 concipere
622 2229 725 2289 dieitur
748 2237 778 2287 et
797 2231 870 2288 intra
891 2249 924 2288 se
944 2238 1056 2308 partum
1076 2231 1162 2290 lateri

127 2322 179 2376 164
189 2328 348 2387 concussa,
370 2315 528 2392 concipere
552 2321 648 2373 autem
668 2313 805 2372 trimestri
828 2315 930 2391 spatio.
970 2312 1196 2390 Glossopetraas

168 2396 283 2470 linguae
300 2396 400 2455 similis
414 2397 551 2456 humanae
566 2399 596 2456 ln
616 2405 695 2457 terra
715 2412 773 2455 nou
788 2399 866 2455 nasci
884 2396 1004 2472 dicitur,
1026 2396 1078 2457 sed
1094 2397 1164 2457 deli·

170 2480 266 2539 ciente
281 2478 346 2540 luna
360 2479 444 2540 caelo·
458 2481 613 2558 decidere,
636 2479 863 2540 selenomantiae
878 2481 1053 2541 necessaria.
1085 2481 1164 2558 quod

168 2581 205 2622 ue
220 2561 421 2639 crederemus,
443 2565 578 2642 promissi
599 2580 715 2642 quoque
730 2565 841 2622 vanitas
858 2565 946 2640 lecit,
966 2573 1070 2623 ventos
1086 2567 1164 2622 enim

169 2664 203 2705 ea
214 2647 353 2723 conprimi
365 2654 489 2706 narranti
518 2645 665 2724 Gorgonis
682 2645 752 2705 nihil
768 2646 843 2707 aliud
856 2655 901 2707 est
916 2665 998 2724 quam
1015 2647 1161 2706 curalium.

168 2731 290 2788 nominis
311 2747 413 2802 eausa,
438 2729 514 2808 quod
534 2731 563 2788 in
583 2730 713 2789 duritiam
734 2729 837 2806 lapidis
858 2739 981 2790 mutatur
1004 2729 1194 2792 emollitunrac

165 2813 292 2871 inmari.
325 2811 397 2872 banc
409 2813 647 2872 fascinationibus
661 2813 803 2872 resistere
820 2813 975 2873 adfirmant.
1006 2812 1163 2872 Goniaeam

169 2895 269 2954 eadem
283 2897 409 2957 vanitate
423 2896 600 2956 inimicorum
615 2913 725 2974 poenas
741 2896 861 2956 allicere
876 2899 1051 2975 promittunt.

126 2989 176 3042 165
230 2979 311 3059 (60.)
327 2978 539 3057 Heliotropium
554 2980 681 3039 nascitur
696 2981 724 3037 in
739 2979 908 3058 Aethiopia,
923 2979 1033 3056 Africa,
1051 2977 1161 3056 Cypro,

167 3078 311 3138 porraceo
326 3061 445 3138 colore,
464 3065 631 3140 sanguineis
645 3064 728 3123 venis
744 3063 886 3136 distincta.
917 3061 1009 3122 Causa
1025 3065 1160 3139 nominis,

92 3201 98 3211 ,
168 3147 300 3220 quoniam
315 3144 429 3205 deiecta
445 3148 474 3205 in
488 3152 540 3204 vas
555 3165 646 3223 aquae
663 3145 806 3222 fulgorem
827 3147 899 3206 solis
921 3147 1094 3205 accidentem
1112 3164 1194 3206 re-as

138 3262 141 3266 -
168 3242 308 3301 percussu
324 3230 484 3304 sanguineo
499 3237 598 3304 mutat,
614 3247 743 3288 maxume
756 3229 937 3306 Aethiopica.
962 3229 1064 3290 eadem
1077 3238 1162 3290 extra

168 3324 267 3382 aquam
279 3311 390 3386 speculi
401 3311 486 3370 modo
496 3310 588 3370 sulem
600 3313 703 3390 accipit
715 3307 925 3390 deprenditque
938 3310 1081 3389 deiectus,
1094 3313 1162 3372 sub·

135 3422 140 3436 ·
168 3399 284 3449 euntem
304 3394 397 3452 lunam
419 3393 585 3453 ostendens.
610 3393 759 3471 blagorum
776 3395 960 3474 inpudentiae
977 3397 1025 3455 vel
1043 3397 1163 3456 manile-
