2484 3817
134 172 195 233 222
485 164 791 229 cremonenses

133 356 191 417 quo
206 338 335 397 dissecto
348 335 470 396 inveniri
484 335 617 395 dicuutur
632 332 708 392 intus
721 329 870 391 vermiculi
891 329 947 391 duo
961 329 1121 409 adalligati·

135 439 191 500 que
206 420 374 480 mulieribus
389 420 468 497 pelle
486 419 605 478 cervina
625 424 692 475 ante
713 414 784 475 solis
804 422 896 473 ortum
915 423 1065 493 praestare
1083 434 1121 475 ue

134 505 309 583 concipiunt,
324 512 355 562 nt
373 501 518 562 coecilius
533 503 562 559 in
577 498 789 559 commentariis
803 496 929 575 reliquit.
961 500 1005 558 vis
1023 516 1057 559 ea
1074 517 1122 559 an·

133 606 188 648 uua
206 597 258 663 est,
276 604 359 664 quarn
374 586 466 645 solam
482 585 611 645 exomni
627 584 722 643 atocio
738 582 846 641 dixisse
862 582 906 641 fas
922 582 973 658 sit,
989 584 1123 659 quoniam

92 671 294 750 86aliqnarum
308 668 469 729 fecunditas
483 668 571 746 plena
586 666 686 725 liberis
706 665 755 725 tali
776 666 859 724 venia
877 664 997 742 indiget.
1026 666 1147 727 Voce-s

133 763 179 813 tur
195 762 225 813 et
243 753 365 829 rhagion
380 754 464 811 acino
479 752 564 827 nigro
580 749 690 824 similis,
705 766 756 809 ore
772 748 894 808 minume
910 748 963 807 sub
978 750 1056 826 alvo,
1072 767 1122 828 pc·

133 836 217 896 dibus
230 836 409 895 brevissimis
429 843 573 912 tamquam
591 832 771 910 inperfectis.
803 830 889 891 dolor
910 848 1039 892 amorsu
1060 834 1122 893 eius

134 920 226 997 qualis
250 937 267 979 a
287 921 458 995 scorpione,
482 918 564 975 urina
582 915 682 975 similis
703 916 815 975 araneis
836 916 934 975 textis.
962 914 1037 975 idem
1060 925 1124 976 crat

132 1004 270 1078 asserios,
285 1003 339 1060 nisi
354 1002 576 1076 distingueretur
589 998 713 1075 virgulis
733 998 815 1060 albis.
846 998 928 1058 buius
943 1014 1055 1059 morsus
1068 1016 1121 1076 ge·

132 1105 187 1146 nua
202 1085 370 1147 labefactat.
405 1084 490 1161 peior
503 1092 626 1160 unoque
637 1090 682 1141 est
695 1081 863 1157 caeruleus,
880 1082 1013 1159 lanugine
1029 1084 1162 1160 nigra,1o

133 1170 287 1245 caliginem
302 1167 449 1226 concitans
465 1176 494 1225 et
505 1169 628 1225 vomitus
643 1182 810 1225 araneoscs.
833 1166 983 1225 etiamnum
995 1166 1123 1227 deterior

132 1270 149 1311 a
163 1252 304 1311 crabrone
319 1252 404 1327 pinna
422 1258 529 1309 tanturn
543 1250 698 1325 differens,
718 1248 766 1308 bic
789 1258 818 1328 ct
833 1248 868 1309 ad
882 1250 1001 1310 maciem
1018 1250 1121 1329 perdu-

91 1342 124 1398 st
138 1336 184 1393 cit.
211 1332 389 1407 birrmecion
407 1333 545 1393 formicae
560 1331 661 1391 similis
686 1335 797 1411 capite,
822 1332 887 1392 alvo
908 1335 1007 1409 nigra,
1032 1334 1123 1410 guttis

133 1416 207 1477 albis
221 1416 471 1493 distinguentibus,
487 1433 642 1493 vesparum
656 1414 758 1475 dolore
773 1424 897 1493 torquet.
927 1416 1123 1493 Tetragnathii

133 1499 189 1559 duo
204 1517 313 1575 genera
330 1499 452 1560 habent:
480 1502 566 1578 peior
583 1500 705 1559 medium
730 1507 816 1577 caput
839 1500 1031 1576 distinguente
1054 1500 1161 1561 liniare

133 1583 200 1643 alba
214 1592 244 1642 et
258 1593 416 1643 traversum
432 1584 533 1642 altera.
557 1582 605 1641 hic
620 1584 680 1641 oris
696 1590 835 1642 tumorem
849 1583 929 1659 facit,
944 1593 973 1642 at
988 1586 1123 1647 cinereus

133 1668 289 1745 posteriori
305 1674 387 1745 parte
403 1667 556 1725 candicans
571 1665 688 1742 lentior,
709 1668 830 1725 minume
845 1675 938 1725 autem
953 1669 1055 1727 noxius
1070 1685 1121 1726 eo·

134 1750 198 1809 dem
220 1750 322 1809 colore
343 1752 391 1826 qui
412 1750 486 1809 telas
505 1752 611 1809 muscis
635 1750 664 1808 in
681 1749 837 1828 perietibus
857 1750 995 1810 latissime
1014 1750 1120 1828 pandit.

91 1833 240 1899 ttitGoutra
257 1834 380 1892 omniurn
394 1850 507 1893 morsus
520 1832 649 1893 remedio
666 1841 710 1892 est
725 1832 950 1909 gallinaceorum
970 1833 1122 1895 cerebrum

133 1936 197 1977 cum
211 1918 321 1995 piperis
337 1918 442 1992 exiguo
455 1925 553 1995 potum
572 1918 600 1975 in
624 1934 731 1993 posca,
753 1916 820 1975 item
841 1917 979 1977 formicae
997 1919 1122 1995 quinque
1131 1938 1160 1979 no
1240 1906 1241 1955 Ὗ

109 1998 122 2025 “
133 2009 233 2078 potae,
250 1998 391 2076 pecudum
408 1998 464 2058 dmi
480 2002 551 2059 cinis
565 1999 662 2059 inlitus
676 2017 714 2058 ex
729 2009 814 2058 aceto
832 2009 861 2058 et
878 2001 933 2077 ipsi
947 2000 1042 2060 aranei
1058 2001 1121 2078 qui·

134 2099 255 2158 cumque
269 2084 297 2140 in
313 2082 380 2142 oleo
394 2083 559 2159 putrefacti.
594 2082 683 2141 liaris
700 2086 797 2143 aranei
811 2100 922 2141 morsus
940 2093 1055 2143 sanatur
1070 2100 1120 2142 co·

135 2164 222 2242 agulo
247 2167 351 2241 aguino
373 2165 402 2223 iu
422 2166 489 2224 vino
512 2174 598 2244 poto,
628 2166 753 2242 ungulae
778 2168 916 2225 arietinae
937 2169 1034 2226 cinere
1057 2184 1121 2226 cnm

100 2248 238 2323 conaelle,
269 2248 409 2307 mustelae
434 2248 528 2308 catulo
553 2257 584 2307 ut
600 2251 635 2308 in
655 2250 838 2327 serpentibus
864 2248 969 2309 dictum
992 2257 1045 2309 est.
1095 2251 1122 2308 si

134 2333 257 2390 iumenta
272 2330 471 2407 momorderit,
492 2348 553 2391 mus
569 2325 673 2391 redens
691 2350 753 2391 cum
775 2332 836 2393 sale
852 2334 996 2411 inponitur
1012 2340 1058 2393 aut
1078 2331 1158 2393 felte

92 2424 125 2477 89
137 2414 352 2490 vespertilionis
368 2432 406 2472 ex
421 2424 515 2475 aceto.
546 2417 652 2491 etipse
673 2433 735 2475 mus
757 2433 877 2475 araneus
900 2424 997 2477 contre
1017 2434 1051 2476 se
1073 2434 1120 2475 re·

133 2496 226 2555 medio
256 2500 300 2555 es't
320 2496 449 2556 divolsus
473 2508 502 2558 et
523 2500 672 2576 inpositus.
706 2518 769 2559 nam
790 2502 813 2558 si
834 2518 977 2577 praegnas
997 2514 1120 2560 momor-
1194 2524 1196 2529 ·

134 2580 186 2654 dit,
203 2581 334 2658 protinus
351 2580 463 2641 dissilit.
499 2592 657 2658 optumum,
676 2584 700 2641 si
723 2584 747 2641 is
767 2583 920 2661 inponatur
934 2585 981 2662 qui
997 2598 1121 2643 momor-

135 2662 224 2738 derit,
245 2662 298 2722 sed
319 2671 350 2721 et
371 2662 445 2722 alios
465 2662 598 2725 adhunc
618 2684 699 2724 usum
721 2676 837 2726 servant
856 2668 883 2725 irr
905 2667 973 2727 oleo
995 2676 1041 2726 aut
1059 2668 1120 2726 luto

135 2746 317 2806 circumlitos.
355 2756 401 2805 est
420 2757 518 2807 contra
538 2767 662 2808 morsum
685 2751 746 2809 eius
766 2750 894 2810 remedio
915 2760 992 2810 terra
1013 2768 1051 2809 cr
1073 2767 1160 2811 or-ao

134 2828 208 2905 bita,
229 2829 323 2889 lerunt
338 2832 410 2889 enim
427 2848 484 2889 non
498 2834 611 2892 transiri
624 2832 660 2892 ab
675 2850 711 2893 eo
727 2832 847 2893 orbitam
862 2842 981 2913 torpore
997 2833 1121 2910 quodam

134 2920 260 2972 naturae.

94 3005 128 3058 90
192 2996 276 3074 (28.)
307 2997 515 3075 Scorpionibus
544 3000 705 3058 contrarius
731 3016 861 3059 maxume
886 3001 1007 3059 invicem
1033 3000 1120 3060 stelio

134 3077 261 3153 traditur,
278 3088 307 3139 ut
323 3083 385 3140 visu
401 3098 516 3159 quoque
530 3098 668 3158 pavorem
683 3083 718 3142 iis
732 3082 843 3143 adferat
857 3093 886 3142 et
900 3093 1047 3161 torporem
1069 3082 1119 3143 fri·

133 3160 191 3237 gidi
207 3161 329 3222 sudoris.
354 3168 450 3242 itaque
470 3166 497 3223 in
513 3165 582 3224 oleo
597 3166 787 3244 putrefaciunt
807 3183 872 3225 eum
892 3175 921 3226 et
943 3168 981 3225 ita
996 3166 1161 3231 vulnerans

133 3255 303 3320 perungunt.
324 3248 436 3326 quidam
453 3248 520 3308 oleo
539 3247 590 3307 illo
605 3266 731 3326 spumam
745 3258 909 3324 argenteam
924 3249 1068 3309 decocunt
1080 3249 1118 3310 ad

135 3326 281 3403 emplastri
301 3347 393 3406 genus
408 3342 492 3412 atque
511 3333 550 3390 ita
564 3331 692 3391 inlinunt.
723 3331 798 3390 bunc
814 3330 917 3392 Graeci
932 3332 1049 3391 coloten
1064 3350 1116 3392 vo·

134 3416 201 3468 cant
217 3419 246 3470 ct
261 3412 447 3476 ascalaboten
468 3424 498 3475 et
512 3413 658 3492 galeoten.
672 3448 675 3457 ·
690 3417 718 3475 iu
732 3414 812 3475 ltulic
834 3432 892 3477 nou
907 3416 1041 3478 nascitur.
1071 3424 1118 3479 est
