2484 3817
172 197 231 261 162
486 208 518 257 o.
540 208 635 256 sums
656 206 804 257 securos

169 363 264 442 lapide
278 362 325 422 rel
339 362 438 422 missili
460 380 498 422 ex
511 362 555 421 bis
570 363 618 440 qui
633 362 686 421 trin
700 360 829 421 animalia
845 357 964 435 singulis
986 354 1091 416 ictibus
1110 357 1149 415 ln·

127 448 355 522 atteriecerint,
378 446 536 522 bominem,
556 462 674 523 aprum,
697 462 802 504 ursum.
835 440 1011 521 probabilius
1033 440 1061 499 id
1082 438 1151 517 lacit

168 531 249 590 basta
265 529 393 589 velitaris
408 530 509 589 evolsa
525 530 640 606 corpori
659 527 795 602 hominis,
815 527 838 586 si
857 534 962 585 terram
977 540 1034 582 uon
1051 524 1150 599 attige-

168 615 213 672 rit.
240 612 358 671 eosdem
372 614 446 671 enim
460 612 547 672 inlata
562 612 683 671 effectus
702 610 798 669 babet.
832 611 877 668 sic
898 616 927 667 et
953 607 1073 683 sagittas
1088 622 1149 665 cor·

169 697 232 774 pori
247 695 381 771 eductas,
407 697 431 754 si
452 703 557 754 terram
571 712 628 753 nou
642 687 804 770 attigerint,
819 691 965 751 subiectas
985 688 1177 751 cubantibuss

168 779 331 839 amatorium
346 796 412 837 esse
428 777 560 856 Orpbeus
576 786 606 837 et
620 776 783 837 Archelaus
797 775 941 850 scribunt,
963 774 1030 852 quin
1051 781 1080 831 et
1102 788 1150 831 oo-

167 862 281 920 mitialis
300 860 417 920 morbos
437 860 532 919 sanari
557 860 624 920 cibo
648 879 666 920 e
688 877 775 919 carne
801 858 882 917 ferae
911 858 1028 916 occisae
1049 854 1152 915 eodem

167 945 246 1004 ierro
263 962 319 1022 quo
334 943 419 1002 bomo
434 942 602 1002 interiectus
615 946 662 1002 sit.
689 942 869 1017 Quorundam
882 948 980 1019 partes
993 937 1151 998 medicinae

147 1048 165 1088 a.
175 1048 200 1082 sa
211 1037 284 1101 sont,
300 1028 385 1085 sicuti
400 1025 520 1085 diximus
534 1026 571 1084 de
585 1025 687 1100 Pyrrhi
702 1027 782 1102 regis
796 1024 915 1102 pollice,
933 1031 962 1081 et
975 1021 1059 1081 Elide
1074 1020 1151 1081 sole·

168 1110 216 1169 bat
228 1110 339 1169 ostendi
347 1109 465 1187 Pelopis
473 1124 516 1184 os,
531 1108 615 1185 ulnae
628 1107 941 1187 eiusqoameburoeam
953 1103 1149 1165 adfirmabant.
1160 1121 1186 1161 ro

168 1192 285 1251 Naeros
301 1193 328 1251 in
343 1192 418 1250 iacie
434 1192 555 1251 tondere
571 1192 738 1267 religiosum
754 1190 859 1250 habent
874 1191 1048 1249 etiamnunc
1064 1188 1152 1247 multi.

126 1287 159 1340 35
234 1274 296 1351 (7.)
319 1273 446 1333 Omnium
464 1293 536 1335 vero
551 1276 579 1333 in
595 1275 693 1353 primis
708 1275 828 1333 ieiunam
846 1272 963 1333 saliuam
980 1280 1153 1331 contrascr-

148 1380 166 1418 τ,
178 1377 200 1409 n
211 1357 464 1435 pentispraesidio
480 1376 547 1417 esse
561 1357 727 1432 docuimus,
744 1355 840 1415 sedet
856 1356 930 1415 alios
945 1354 1075 1415 efficacis
1091 1354 1153 1413 eius

167 1458 234 1497 usus
249 1449 444 1516 recognoscat
457 1442 524 1499 rita.
554 1440 718 1517 despuimus
732 1439 881 1499 comitialis
897 1438 1024 1512 morbos,
1039 1437 1097 1495 boc
1108 1445 1153 1495 est

105 1536 108 1542 ·
168 1524 300 1598 contagia
318 1524 488 1599 regerimus.
518 1523 602 1582 simili
616 1523 702 1583 modo
718 1532 747 1582 et
766 1522 972 1583 fascinationes
993 1521 1188 1599 repercuti-15

168 1623 229 1663 mus
245 1606 422 1683 dextraeque
439 1606 599 1665 clauditatis
616 1624 776 1668 occursum.
799 1608 911 1665 reniam
927 1622 1042 1684 quoque
1058 1621 1074 1663 a
1090 1602 1153 1661 deis

127 1686 236 1765 36spoi
260 1688 379 1748 alicuius
398 1689 559 1749 audacioris
582 1690 703 1767 petimus
723 1690 751 1747 in
770 1690 860 1749 sinum
882 1688 1021 1768 spuendo.
1051 1686 1153 1746 cadem

132 1842 135 1850 Ι
168 1773 280 1831 ratione
297 1781 378 1832 terna
395 1772 540 1850 despuere
556 1772 771 1850 praedicatione
793 1775 822 1833 in
844 1774 919 1833 omni
934 1771 1074 1832 medicina
1089 1786 1153 1829 mos

168 1864 228 1928 est,
255 1863 342 1932 atque
366 1857 404 1915 ita
426 1856 546 1915 effectus
562 1856 714 1931 adiuuare,
736 1857 898 1935 incipientis
919 1854 1086 1917 furunculos
1107 1862 1153 1913 ter

168 1939 354 2016 praesignare
368 1939 461 1997 ieiuna
479 1939 579 1998 saliva.
609 1942 708 1998 mirum
723 1940 858 2014 dicimus,
880 1939 931 1999 sed
952 1939 1188 2015 experimentum

168 2019 269 2079 iacile:
293 2021 317 2078 si
333 2039 416 2099 quem
430 2024 575 2099 paeniteat
588 2023 663 2082 ictus
682 2023 791 2081 eminus
809 2022 1002 2081 comminusve
1020 2020 1099 2079 inlati
1123 2029 1153 2079 et

168 2104 261 2161 statim
276 2111 398 2179 exspuat
409 2105 437 2162 iu
451 2104 571 2162 mediam
587 2121 698 2163 manum
716 2122 771 2183 qua
787 2106 940 2182 percussit,
957 2104 1068 2163 leuatur
1082 2102 1152 2162 ilico

167 2188 195 2242 in
211 2202 353 2262 percusso
370 2184 463 2263 culpa.
494 2184 552 2244 boc
573 2204 663 2265 saepe
677 2186 838 2247 delumbata
856 2186 1032 2263 quadripedo
1047 2185 1151 2263 adpro·

125 2276 158 2331 37
169 2268 251 2325 batur
270 2270 363 2326 statim
379 2286 395 2352 a
411 2268 460 2328 tali
474 2268 603 2329 remedio
618 2280 753 2329 correcto
770 2270 898 2330 animalis
911 2272 1054 2345 ingressu.
1090 2270 1151 2347 qui·

168 2351 230 2409 darn
244 2367 315 2409 vero
331 2351 487 2428 adgravant
504 2353 578 2411 ictos
593 2362 659 2413 aute
673 2363 804 2413 conatum
818 2354 901 2412 simili
916 2352 1000 2412 modo
1016 2352 1107 2411 saliva
1123 2352 1188 2410 inas

167 2452 275 2492 manum
290 2434 412 2509 ingesta.
435 2435 583 2495 credamus
594 2454 666 2512 ergo
682 2445 712 2495 et
727 2436 855 2497 lichenas
867 2437 1021 2513 leprasque
1039 2436 1152 2494 ieiunae

167 2517 244 2575 inlito
261 2516 379 2575 adsiduo
393 2519 500 2593 arceri,
521 2520 589 2577 item
603 2519 789 2598 lippitudines
803 2520 935 2578 matutina
951 2518 1057 2579 cotidie
1072 2518 1154 2577 velut

167 2600 339 2675 inunctione,
355 2601 546 2660 carcinomata
561 2602 637 2661 malo
652 2612 748 2661 terrae
763 2602 898 2678 subacto,
923 2603 1047 2662 cervicis
1069 2600 1152 2661 dolo-

165 2701 214 2741 res
239 2682 335 2741 saliva
353 2683 439 2742 ieiuni
458 2683 558 2745 dextra
580 2703 664 2745 manu
684 2686 718 2746 ad
739 2686 868 2745 dextrum
890 2685 1028 2764 poplitem
1048 2684 1152 2759 relata,

167 2765 248 2824 laeva
266 2767 300 2826 ad
319 2768 471 2841 sinistrum,
486 2769 510 2827 si
527 2768 604 2846 qood
618 2769 719 2829 animal
732 2787 828 2829 aurem
838 2769 986 2829 intraverit
994 2776 1023 2827 et
1032 2769 1152 2845 iuspua-
1163 2776 1190 2817 ³⁰

125 2859 158 2912 38
167 2857 220 2924 tor,
233 2850 323 2910 exire.
347 2852 422 2909 inter
432 2851 553 2911 amuleta
565 2860 610 2910 est
626 2853 720 2913 editae
735 2870 876 2930 quemque
890 2852 988 2911 annae
999 2852 1153 2928 inspuere,

166 2932 295 2990 similiter
313 2934 341 2990 in
364 2933 580 2992 calciamentum
601 2935 694 2994 dextri
715 2934 797 3013 pedis
821 2937 984 3012 prinsquam
1007 2932 1154 3007 induatur,

165 3015 232 3072 item
248 3032 311 3073 cum
325 3018 389 3093 quis
403 3025 530 3076 transeat
544 3017 639 3077 locum
657 3020 684 3076 in
700 3034 756 3095 quo
771 3017 888 3094 aliquod
899 3016 1057 3095 periculum
1073 3016 1154 3077 adie-

166 3097 211 3155 rit.
243 3097 371 3158 llarcion
385 3099 575 3175 Zmyrnaeos,
597 3102 646 3177 qui
663 3100 699 3159 de
714 3099 890 3177 simplicibus
907 3098 1058 3160 effectibus
1078 3100 1153 3159 sori·

165 3181 233 3257 psit,
248 3184 339 3259 rumpi
354 3182 562 3260 scolopendras
576 3184 698 3243 marinas
714 3191 798 3260 spato
819 3182 918 3258 tradit,
941 3185 1009 3243 item
1030 3182 1154 3243 rubetas
1164 3200 1192 3245 so

165 3261 292 3340 aliasque
303 3282 397 3340 ranas,
415 3264 525 3344 Opilius
539 3265 693 3343 serpentis,
709 3266 734 3324 si
750 3265 813 3342 quis
828 3266 856 3323 in
871 3265 975 3325 hiatum
987 3283 1084 3325 earum
1100 3284 1153 3325 ex·

165 3353 261 3421 spuet,
278 3347 367 3425 Salpe
384 3357 530 3428 torporem
550 3349 645 3407 sedari
660 3364 840 3426 quocumque
853 3347 979 3408 membro
1003 3356 1153 3426 stupente,

165 3428 189 3485 si
205 3431 269 3504 quis
282 3432 310 3489 iu
324 3433 413 3491 sinam
428 3441 548 3510 exspuat
562 3440 610 3491 aut
627 3432 651 3489 si
673 3432 805 3509 superior
825 3432 964 3511 palpebra
979 3432 1069 3493 saliva
1087 3439 1153 3492 tan-
