2484 3817
161 146 220 208 166
494 157 525 207 c.
543 160 639 209 aurun
657 159 807 208 aucunnr

157 315 228 373 teris
250 312 391 372 subicitur
406 312 613 388 aurichalcum,
643 316 756 374 tametsi
778 316 881 376 exiere
897 316 953 376 iarn
969 317 1006 378 de
1027 337 1146 396 gemma·

38 427 49 446 1
157 416 218 456 rum
233 414 295 455 usu.

114 490 163 543 1111
203 480 303 560 (43)
330 481 523 560 Appellantur
548 479 664 557 aliquae
691 489 722 540 et
745 481 1022 562 chryselectroe,
1014 503 1043 544 ιιι
1071 486 1148 547 colo·

156 583 217 624 rem
237 563 341 625 electri
362 565 559 641 declinantes,
586 565 724 625 matutino
746 574 843 626 tamen
866 575 975 627 tanturn
1002 569 1146 646 adspectu.

155 641 305 708 Ponticas
310 648 501 726 deprehendit
522 648 636 708 leuitas.
670 649 807 726 quaedam
823 648 912 710 durae
928 661 994 712 sunt
1010 669 1042 711 ac
1057 653 1168 730 rotarat

156 731 295 808 quaedam
309 732 425 808 molles,
438 731 580 791 sordidae.
606 721 737 791 Bocchus
752 739 855 793 auctor
870 737 985 794 estet
976 755 1004 794 ru
1015 733 1148 814 Hispania

120 824 314 892 arepertum,
329 833 386 892 quo
401 818 431 875 in
446 815 512 875 loco
530 815 696 891 crystallum
710 814 782 875 dixit
800 815 835 875 ad
851 816 1051 879 libramentum
1060 837 1169 898 aquae

154 900 251 976 puteis
267 897 393 958 defossis
409 900 484 976 erui,
499 897 700 974 chrysolithon
717 897 773 958 xil
788 901 885 977 pondo
900 919 916 960 a
934 921 968 962 se
984 902 1082 962 visam.

113 991 164 1045 128
227 981 467 1060 (4411111111
490 981 674 1080 leucochrysi
695 984 909 1044 interveniente
932 986 1052 1046 candida
1066 1003 1147 1044 vena.
1216 1047 1217 1052 ,

155 1068 262 1124 suntin
272 1064 329 1124 hoc
339 1084 451 1140 genere
462 1067 593 1143 copulae,
605 1073 670 1125 suut
682 1074 712 1126 et
722 1067 825 1126 vitreis
839 1068 959 1146 similes,
972 1069 1051 1129 velut
1062 1085 1148 1128 croco
1159 1088 1183 1128 ao

154 1148 311 1225 fulgentes.
348 1151 424 1208 vitro
445 1148 642 1208 adulterantur
667 1158 698 1208 ut
718 1151 782 1209 visu
804 1149 931 1212 discerni
955 1153 1148 1230 nonpossint,
1216 1151 1217 1154 ’

155 1241 247 1291 tactus
259 1230 412 1310 deprendit
427 1232 555 1309 tepidior
569 1232 598 1290 in
613 1233 725 1292 vitreis.

213 1316 295 1394 (45.)
314 1314 1148 1396 lneodemgeueresuntmelichrysivelutiperaurumsin·

154 1416 224 1458 cero
231 1399 319 1459 melle
332 1399 501 1459 tralucente.
518 1396 569 1457 has
575 1397 655 1457 ludia
664 1399 733 1475 lert,
742 1417 907 1477 quamquam
914 1403 941 1458 in
950 1401 1054 1460 duritia
1060 1401 1149 1478 fragi-

154 1482 267 1560 lis,non
279 1485 415 1560 ingratas.
434 1483 535 1542 eadem
543 1490 573 1541 et
580 1481 691 1541 xuthon
699 1483 921 1562 paritpleheiam
931 1483 987 1540 sihi
993 1500 1145 1558 gemmam.
1160 1505 1185 1542 ιι

113 1576 163 1630 tuo
223 1568 306 1645 (46.)
327 1565 514 1626 Candidarum
535 1564 592 1624 dux
613 1575 660 1624 est
680 1566 840 1644 paederos,
861 1582 1022 1644 quamquam
1041 1570 1145 1641 quaeri

155 1659 255 1728 potest
270 1653 368 1729 inquo
379 1650 481 1709 colore
493 1651 637 1708 numerari
652 1649 769 1727 debeat,
788 1651 893 1710 totiens
903 1649 997 1709 iactati
1008 1665 1060 1725 per
1071 1647 1143 1706 alie·
1176 1658 1178 1660 ’

129 1782 131 1790 ,
153 1752 204 1792 nas
221 1733 448 1811 pulchritudines
464 1733 606 1809 nominis,
629 1732 703 1792 adeo
719 1742 750 1792 ut
765 1733 881 1793 decoris
900 1733 1099 1811 praerogativa
1113 1733 1144 1790 in

153 1817 297 1877 vocabulo
319 1819 395 1877 lacta
409 1817 456 1875 sit.
495 1816 547 1875 sed
563 1824 658 1875 tamen
673 1825 704 1876 et
721 1834 801 1876 suurn
816 1836 909 1893 genus
926 1816 1147 1892 exspectatione

153 1909 231 1959 tanta
246 1900 370 1977 dignum.
398 1908 504 1959 coeunt
520 1900 629 1977 quippe
646 1901 676 1958 in
692 1899 858 1960 tralucidam
873 1899 1037 1976 crystallum
1047 1899 1148 1958 viridis
1160 1922 1188 1960 ao

84 1973 93 1987 ’
154 2003 207 2043 suo
222 1984 308 2043 modo
331 2001 382 2043 aer
397 1982 538 2061 simulque
560 2001 705 2061 purpurae
721 1991 750 2043 et
775 1983 887 2060 quidum
902 1985 962 2043 vini
977 1985 1057 2042 aurei
1071 1984 1150 2041 nitor

112 2080 163 2132 130
172 2085 289 2144 semper
301 2075 449 2126 extremus
463 2069 493 2126 in
505 2066 642 2142 visu,=sed
654 2084 778 2145 purpura
788 2085 904 2145 semper
912 2074 1077 2126 coronatus.
1091 2084 1149 2125 ma-

153 2151 224 2210 dere
241 2149 356 2209 uidetur
373 2159 403 2209 et
418 2149 540 2227 singulis
559 2149 603 2210 his
623 2158 652 2210 et
666 2152 776 2228 pariter
788 2151 935 2227 omnihus,
954 2168 1008 2209 nec
1025 2167 1153 2226 gemma·

153 2253 214 2294 rum
233 2253 300 2294 esse
317 2233 375 2292 ulla
386 2233 524 2312 liquidior
539 2243 639 2311 potest
656 2233 777 2293 iucunda
792 2235 931 2294 suavitate
948 2232 1050 2292 oculis.
1076 2232 1153 2292 haec

152 2319 345 2378 laudatissima
361 2327 409 2377 cst
422 2319 452 2377 in
465 2316 560 2393 ludis,
581 2316 656 2396 apud
671 2335 745 2394 quos
762 2335 911 2394 sangenon
925 2324 1063 2391 vocatur,
1081 2333 1153 2394 pro·
1164 2334 1192 2372 25

152 2419 235 2460 xuma
248 2403 277 2460 in
288 2402 440 2480 Aegypto,
455 2402 504 2461 uhi
518 2402 638 2477 tenites,
650 2402 735 2460 tertia
748 2401 778 2460 iu
788 2399 907 2476 Arabia,
920 2416 1021 2458 verum
1032 2399 1155 2477 scabra,

153 2494 211 2543 tum
223 2483 344 2544 Pontica
365 2503 439 2563 quae
458 2485 573 2544 mollius
593 2483 702 2556 radiat,
724 2483 828 2544 Thasia
845 2517 887 2528 -
901 2491 930 2543 ct
949 2484 1013 2560 ipsa
1029 2482 1157 2542 mollior

153 2577 200 2627 est
215 2603 274 2644 -,
298 2568 424 2628 Galatica
442 2576 471 2627 et
487 2567 607 2626 Thracia
627 2575 656 2626 et
676 2564 790 2646 Cypria.
820 2568 890 2627 vitia
908 2583 1005 2628 earum
1022 2564 1156 2642 languor

152 2661 200 2711 aut
215 2652 317 2711 alienis
335 2653 445 2710 turbari
459 2650 608 2710 coloribus
624 2660 654 2710 et
668 2668 742 2726 quae
759 2660 928 2712 ceterarum.

110 2749 159 2802 131
220 2736 301 2813 (tt.)
332 2735 473 2794 Proxuma
499 2733 706 2794 candicantium
729 2742 775 2794 est
799 2735 915 2796 asteria.
956 2734 1158 2811 principatum
1170 2747 1198 2787 ao

152 2819 241 2879 hahet
256 2821 583 2897 proprietatenaturae,
598 2816 675 2894 quod
691 2816 827 2876 inclusam
842 2817 936 2877 lucern
951 2815 1060 2895 pupilla
1080 2833 1161 2893 qua-

152 2905 214 2962 darn
238 2903 377 2961 continet.
405 2902 479 2961 hanc
496 2899 668 2960 transfundit
683 2917 745 2958 curn
765 2900 952 2960 inclinatione
967 2899 1047 2960 uelut
1070 2900 1161 2959 intus

152 2986 351 3047 ambulantem.
382 2984 439 3044 alio
463 2994 549 3062 atque
566 2982 623 3042 alio
642 2983 708 3042 loco
730 2981 854 3044 reddens
882 2983 982 3043 eadern
1000 2985 1163 3043 contraria

126 3142 130 3150 Ι
152 3068 208 3128 soli
223 3070 334 3146 regerit
350 3068 525 3128 candicantis
538 3067 635 3126 radios
652 3068 681 3125 iu
696 3066 809 3126 modurn
821 3065 937 3142 stellae,
952 3067 1026 3125 unde
1040 3083 1163 3126 nomen

150 3153 268 3210 inuenit.
291 3151 449 3211 difficiles
440 3170 470 3210 ιιι
483 3151 563 3210 ludia
585 3158 669 3209 natae
685 3149 720 3208 ad
735 3149 908 3210 caelandum.
940 3151 1163 3228 praeferuntur
1176 3163 1203 3204 es

152 3231 345 3293 Carmanicae.

29 3372 31 3375 .
109 3323 160 3377 132
223 3317 304 3393 (48.)
325 3316 463 3374 Similiter
483 3315 602 3376 candida
625 3325 672 3376 est
695 3283 768 3392 quae
789 3277 910 3374 vocatur
928 3316 1057 3392 astrion,
1084 3333 1166 3392 cry·

150 3395 235 3456 stallo
262 3400 438 3477 propinqua,
470 3398 601 3459 inludia
625 3417 745 3460 nascens
767 3400 796 3457 in
814 3395 968 3480 Patalenes
996 3398 1166 3464 litoribus.
