2484 3817
260 207 340 255 nnn.
357 208 447 255 uma.
463 208 587 258 xxvsm
606 210 650 262 13.
668 207 710 263 14.
728 197 877 280 (sa—58.)
1008 200 1067 265 193

76 362 173 423 elixus
192 361 221 419 in
238 359 315 420 cibo.
345 362 375 419 in
389 363 488 422 vesica
510 380 626 442 quoque
642 363 727 425 bovis
749 364 787 425 ali
807 368 901 445 capita
916 364 971 427 XX
985 374 1068 427 tunsa

76 463 142 505 com
156 445 232 503 aceti
249 445 376 503 sextario
394 446 567 523 inponuntur
580 446 616 506 ad
632 447 715 507 lienis
731 448 858 509 dolores.
895 449 995 510 eadem
1011 469 1049 509 ex
1058 460 1108 515 201

75 542 171 588 causa.
200 528 256 585 emi
276 527 380 588 lienem
402 529 481 587 uituli
512 532 609 608 quarm
636 531 776 591 indicatus
805 535 842 593 sit
866 533 965 593 iubent
989 534 1067 610 Magi

73 611 154 671 nulla
170 612 247 689 preti
264 612 462 686 cunctatione,
485 616 618 690 quoniam
634 614 691 673 hoc
711 632 826 693 quoque
846 616 985 693 religiose
1001 634 1066 695 per·

53 697 181 772 stineat,
204 692 382 772 divisumque
403 712 458 773 per
477 695 683 772 longitudinem
704 697 817 757 adnecti
840 701 951 759 tunicae
970 701 1066 759 utrim-

74 796 130 857 que
142 786 174 836 et
185 776 351 837 induentem
364 780 424 856 pati
439 777 575 839 decidere
590 780 626 839 ad
640 780 740 859 pedes,
756 781 822 841 dein
836 781 990 841 collectum
1004 802 1067 843 are·

74 863 176 921 iacere
197 859 348 919 inumbra.
385 879 448 921 cum
462 861 519 933 hoc
537 863 600 939 liat,
616 865 697 923 simul
712 864 843 924 residere
860 865 964 925 lienem
986 868 1066 942 aegri

75 947 203 1004 vitiatum
217 943 392 1021 liberarique
407 963 470 1003 eum
491 944 593 1004 morbo
611 945 723 1007 dicitur.
752 948 873 1025 prodest
889 948 985 1026 pulmo
1006 949 1067 1008 vol-

76 1031 151 1107 pium
168 1028 268 1086 cinere
284 1028 409 1087 siccatus
421 1037 506 1106 atque
519 1030 547 1089 in
562 1047 635 1107 aqua
650 1038 746 1109 potus,
759 1032 825 1090 item
839 1032 995 1091 haedorum
1009 1031 1067 1091 lien

47 1114 100 1173 tuin
123 1114 229 1171 esitus.
832 1138 835 1143 ·

103 1130 121 1191 Ρ
138 1196 188 1254 14.
213 1194 297 1272 (58.)
319 1194 425 1254 Aluom
436 1196 511 1255 sistit
526 1198 605 1255 cervi
617 1198 745 1273 sanguis,
758 1197 825 1255 item
840 1216 945 1257 coruus
961 1198 1044 1274 cinis,
1056 1209 1109 1261 202

74 1281 155 1339 iocur
174 1294 315 1355 aprunum
336 1296 374 1337 ex
388 1278 456 1337 vino
473 1288 570 1357 potum
591 1282 663 1339 citra
683 1281 773 1340 salem
796 1299 975 1359 recensque,
999 1284 1067 1341 item

74 1378 169 1422 assum
186 1360 301 1420 suillum
323 1361 372 1420 uel
393 1361 531 1422 hircinum
551 1364 703 1423 decoctum
725 1363 761 1423 ad
781 1366 905 1441 quintam
926 1364 1067 1425 heminam

74 1446 100 1503 in
113 1447 196 1518 rino,
217 1443 369 1519 coagulum
387 1444 498 1523 leporis
513 1448 543 1505 in
556 1449 624 1506 uino
641 1448 744 1505 ciceris
760 1447 954 1523 magnitudine
971 1457 1028 1522 aut,
1043 1449 1067 1507 si

44 1528 164 1588 salebris
182 1529 231 1601 sit,
248 1543 285 1585 ex
299 1544 373 1605 aqua
386 1528 527 1607 -aliqui
541 1538 571 1589 ct
584 1528 691 1606 gallam
703 1529 836 1606 adiciunt,
852 1530 899 1589 alii
911 1548 963 1606 per
978 1550 1011 1590 se
1025 1531 1065 1590 le·

73 1613 155 1691 poris
172 1608 315 1685 sauguinis
332 1614 458 1671 contenti
475 1622 540 1671 eunt
556 1613 632 1672 lacte
650 1622 735 1671 cocto
750 1646 811 1687 -‚
832 1614 928 1690 equini
950 1613 1006 1671 limi
1027 1615 1066 1673 ci·

72 1698 116 1755 uie
135 1696 167 1754 iu
189 1711 265 1771 aqua
286 1702 387 1770 potos,
409 1696 511 1753 taurini
529 1712 635 1754 coruus
658 1696 767 1753 veteris
789 1712 805 1752 e
827 1702 909 1771 parte
925 1694 979 1753 ima
996 1696 1067 1755 cinis

72 1781 225 1857 inspersus
247 1778 357 1854 potioni
383 1795 474 1855 aquae
495 1778 611 1853 sanguis
635 1777 761 1837 hircinus
782 1776 810 1833 in
832 1775 959 1835 carbone
980 1776 1067 1837 deco·

73 1870 155 1937 ctus,
179 1860 288 1920 corium
307 1861 453 1939 caprinum
474 1877 537 1919 cum
557 1877 609 1918 suo
628 1858 688 1937 pilo
705 1859 855 1919 decoctum
878 1876 949 1919 suco
966 1868 1065 1938 epoto.

42 1942 238 2020 noGoagulum
259 1944 324 2021 eqni
345 1952 375 2002 et
399 1943 518 2019 sanguis
537 1944 671 2020 caprinus
688 1942 736 2001 uel
756 1941 880 2003 medulla
899 1943 947 2002 uel
963 1944 1044 2003 iocur
1058 1953 1109 2011 203

73 2028 172 2088 alvom
188 2026 292 2101 solvit,
315 2026 356 2086 fel
377 2025 436 2104 lupi
459 2045 522 2085 cum
544 2025 667 2086 elaterio
690 2026 826 2085 umbilico
847 2026 992 2103 inligatum
1016 2027 1066 2087 uel

73 2111 160 2171 lactis
177 2110 273 2186 equini
288 2118 389 2187 potus,
412 2111 480 2168 item
494 2110 603 2187 caprini
619 2127 682 2169 cum
702 2110 765 2169 sale
786 2116 815 2168 et
833 2109 936 2188 melle,
959 2127 1066 2189 caprae

72 2194 114 2254 iel
129 2210 197 2253 cum
218 2192 368 2266 cyclamini
383 2209 453 2252 suco
470 2202 499 2253 et
514 2192 643 2252 aluminis
657 2202 801 2253 momento
817 2194 962 2271 -aliqui
978 2204 1007 2254 et
1024 2196 1064 2257 ιιί·Ι

73 2286 148 2337 uum
164 2284 195 2335 et
210 2292 310 2353 aquam
325 2276 468 2335 adiecisse
482 2276 588 2336 malunt
610 2311 667 2354 -‚
687 2277 729 2336 fel
752 2277 825 2337 tauri
841 2295 904 2338 cum
923 2277 1065 2339 absinthio

44 2362 173 2420 retritum
187 2375 224 2418 ac
239 2358 380 2417 subditum
394 2359 522 2438 pastillo,
538 2359 668 2433 butyrum
677 2360 785 2436 largius
801 2369 949 2439 sumptum.
978 2378 1045 2421 coe·
1056 2372 1109 2425 204

74 2444 159 2503 liacis
174 2448 207 2500 et
220 2441 401 2515 dysintericis
415 2443 545 2502 medetur
562 2443 645 2501 iocur
661 2445 817 2520 vaccinum,
834 2459 939 2503 cornus
957 2444 1066 2505 cervini

74 2528 149 2586 cinis
166 2523 259 2585 tribus
275 2523 372 2600 digitis
391 2534 491 2603 captus
510 2526 537 2583 in
554 2528 797 2604 potionesque,
814 2526 965 2604 coagulum
983 2526 1065 2605 lepo-

74 2612 114 2669 ris
128 2606 281 2669 subactum
294 2610 322 2666 in
338 2626 429 2687 pane,
454 2610 478 2669 si
500 2625 571 2668 vero
592 2612 758 2686 sauguinem
783 2609 945 2687 detrahant,
966 2612 995 2667 in
1013 2625 1065 2686 po·

75 2693 166 2767 lenta,
181 2692 284 2768 apruni
296 2690 343 2749 uel
354 2692 429 2750 suilli
441 2692 489 2751 uel
504 2691 626 2770 leporini
637 2694 692 2752 limi
705 2693 776 2751 ciuis
790 2693 939 2771 inspersus
956 2692 1066 2770 potioni

44 2775 169 2855 ootepidi
185 2775 253 2833 vini.
283 2774 363 2834 uituli
383 2791 496 2853 quoque
521 2776 564 2834 ius
580 2776 740 2852 uolgariter
760 2775 851 2836 datum
874 2778 948 2835 inter
962 2773 1066 2835 auxilia

77 2858 277 2919 coeliacorum
291 2866 328 2916 et
349 2857 586 2931 dysintericorum
599 2858 722 2918 tradunt.
752 2858 835 2918 lactis
855 2857 958 2917 asinini
980 2866 1065 2933 potus

76 2942 176 3001 utilior
189 2939 288 3000 addito
298 2940 396 3016 melle,
411 2958 466 3000 nec
479 2944 570 3001 minus
581 2942 688 3001 efficax
705 2943 760 3001 lumi
777 2943 849 3001 ciuis
866 2958 905 2999 ex
916 2942 982 2999 vino
997 2941 1063 2998 utri·

78 3042 134 3101 que
147 3025 237 3099 uitio,
261 3023 328 3082 item
343 3023 429 3101 polea
446 3024 630 3103 supradicta.
655 3027 721 3102 equi
737 3022 904 3101 coagulum,
922 3022 998 3100 quod
1010 3022 1059 3082 ali·
1071 3044 1108 3077 ιω

80 3109 125 3184 qui
139 3106 287 3185 hippacen
302 3106 464 3184 appellunt,
487 3107 571 3165 etiam
587 3108 611 3166 si
630 3109 795 3184 sanguinem
811 3104 973 3182 detrahant,
997 3105 1044 3165 vol
1056 3116 1106 3169 205

18 3192 137 3250 autimi
156 3191 228 3249 cinis
246 3190 427 3267 dentiumque
446 3188 572 3250 eiusdem
593 3191 739 3250 tunsoruiu
761 3189 852 3249 farina
875 3187 1015 3250 salutares
1036 3198 1066 3249 ot

81 3273 179 3333 bubuli
194 3273 280 3332 lactis
295 3271 412 3332 decocti
425 3283 520 3351 potus.
548 3271 730 3346 dysintericis
744 3270 808 3331 addi
823 3270 917 3330 mellis
932 3275 1065 3349 exiguum

81 3357 264 3434 praecipiunt
277 3364 322 3430 et,
346 3355 372 3413 si
384 3358 505 3416 tormina
528 3355 600 3430 sint,
625 3370 728 3413 coruus
744 3355 852 3413 cervini
873 3354 998 3415 cinerem
1018 3366 1067 3415 aot

81 3438 122 3499 iel
140 3439 282 3499 murinum
305 3440 416 3498 cumino
436 3441 551 3502 mixtum
569 3446 599 3497 et
619 3435 784 3497 cucurbitae
813 3437 906 3500 caruis
931 3436 1065 3503 umbilico

120 3542 189 3583 aum.
206 3542 270 3583 nun.
285 3542 353 3583 uren.
368 3526 415 3581 1v.
868 3520 903 3581 13
