2484 3817
140 216 180 277 12
478 225 508 275 e.
524 224 620 273 euna
636 222 786 274 succum

138 383 226 459 dent,
254 400 308 442 nec
330 381 361 440 in
383 376 685 454 lebri‘tussicntibus,
709 394 766 437 nec
784 378 814 436 iu
836 385 963 437 uemore
978 395 1134 438 nervorum

138 465 187 525 vel
198 465 349 525 doloribus
366 464 499 538 faucium,
516 469 565 521 aut
578 462 603 521 si
619 462 665 519 vis
677 460 771 521 morbi
787 462 865 520 circa
875 460 924 519 ilia
934 460 1133 538 intellegatur,

138 566 193 607 nec
214 551 244 607 in
260 548 364 607 duritia
379 544 632 625 praecordium,
659 560 796 603 venarum
809 542 1007 620 vehementia,
1038 561 1134 621 neque

137 634 166 690 in
184 630 390 710 opisthotono,
409 637 520 704 temno,
534 645 590 688 nec
603 626 851 703 singultientibus,
865 644 921 687 uec
936 628 961 685 si
979 644 1042 685 cum
1056 628 1133 686 febri

94 726 128 780 49
139 715 289 793 dyspnoea
310 714 363 789 sit,
390 714 513 771 minume
528 727 603 769 vero
625 709 717 769 oculis
733 709 894 787 rigentibus
910 718 941 769 et
956 712 1041 786 genis
1057 719 1132 769 stau·
1147 737 1162 773 s

137 797 215 857 tibus
231 805 279 856 aut
296 796 418 857 delectis
430 792 579 872 gravibus,
594 810 649 851 nec
661 810 782 870 quorum
794 794 990 853 coniventium
1001 793 1134 871 perluce-

136 882 208 941 bunt
230 881 306 940 oculi
328 879 514 957 palpebrisve
531 893 590 935 non
604 875 795 952 coeuntibus,
821 875 909 936 vel
884 895 909 935 ιι
926 875 1133 936 dormientibus

136 965 193 1024 hoc
219 964 296 1023 idem
320 964 419 1022 evenit
448 967 496 1019 aut
515 961 539 1019 si
560 975 665 1018 cruore
687 959 896 1019 sublunduntur
915 959 1011 1036 oculi,
1039 959 1133 1021 vel
1108 980 1133 1019 ει

137 1048 229 1108 lentae
245 1049 274 1105 in
289 1046 380 1105 oculis
396 1049 500 1120 erunt,
526 1043 651 1101 minume
664 1040 762 1118 lingua
775 1042 915 1119 fungosa,
936 1059 993 1101 nec
1005 1044 1089 1121 gravi
1104 1054 1135 1103 et

137 1130 259 1191 subinde
280 1128 442 1206 inperfecta
462 1124 667 1203 loquentibus,
687 1142 743 1184 nec
763 1125 1173 1191 siurinadiilicileredde·1o.

136 1222 196 1289 tur,
212 1230 307 1289 neque
323 1208 584 1287 expavescentibus
599 1216 735 1285 repente,
750 1224 805 1267 nec
819 1209 954 1285 spasticis
968 1218 1018 1268 aut
1032 1228 1134 1270 rursus

137 1295 338 1375 torpentibus,
352 1310 407 1352 nec
422 1293 446 1350 si
461 1309 516 1370 per
531 1308 649 1352 somnos
664 1292 800 1367 genitura
813 1290 982 1351 effundetur.

95 1392 129 1443 50
202 1378 285 1454 (25.)
321 1374 523 1435 cardiacorum
541 1373 647 1434 morbo
667 1376 778 1433 unicam
797 1391 880 1452 spem
900 1372 974 1433 hanc
987 1394 1057 1437 esse
1070 1396 1134 1437 cer-

137 1471 195 1521 tum
212 1468 264 1521 est.
297 1460 351 1519 sed
364 1458 485 1518 dandum
499 1457 612 1535 quidam
628 1475 687 1517 non
700 1458 754 1517 nisi
770 1458 801 1517 in
815 1458 986 1517 accessione
1000 1469 1134 1537 censent,

136 1544 184 1603 alii
199 1547 228 1603 in
242 1544 432 1617 remissione,
448 1540 509 1617 illi,
524 1549 555 1601 ut
573 1539 710 1600 sudorem
722 1548 890 1616 coerceant,
903 1538 946 1617 bi,
962 1544 1028 1618 quia
1044 1546 1133 1604 tutius
1145 1569 1174 1609 rs

136 1636 236 1705 putant
255 1629 401 1687 minuente
422 1643 456 1685 se
477 1624 598 1701 morbo,
624 1641 708 1701 quam
729 1623 852 1701 plurirun
871 1627 1045 1685 sententiam
1065 1646 1134 1687 esse

136 1710 232 1770 video.
264 1711 324 1769 dari
340 1711 439 1786 utique
455 1724 513 1767 non
529 1708 585 1767 nisi
602 1707 633 1766 in
647 1707 713 1766 cibo
730 1707 830 1784 debet,
846 1725 933 1767 neca
949 1726 1062 1786 somno,
1079 1728 1135 1770 nec

137 1794 333 1871 praecedente
356 1792 414 1851 alio
433 1800 523 1870 potu,
550 1790 607 1850 hoc
629 1799 676 1851 est
694 1792 794 1869 utique
815 1790 942 1867 sitienti,
967 1810 1022 1852 nec
1034 1794 1090 1853 nisi
1104 1795 1135 1853 in
1229 1857 1230 1860 ,

95 1890 127 1941 51
140 1879 346 1956 desperatione
370 1893 520 1953 suprema,
548 1883 579 1935 et
593 1877 658 1934 viro
678 1874 791 1936 facilius
806 1893 889 1953 quam
904 1874 1045 1950 feminae,
1069 1879 1133 1937 seni

137 1978 220 2039 quarn
241 1962 362 2036 iuveni,
376 1960 475 2017 iuveni
491 1976 574 2034 quam
594 1976 704 2037 puero,
724 1959 819 2019 hieme
835 1976 918 2036 quam
933 1967 1064 2036 aestate,
1086 1960 1133 2019 ad·
1144 1985 1176 2025 ao

137 2046 228 2102 suetis
247 2045 343 2120 potius
360 2058 443 2118 quam
460 2041 640 2118 expertibus.
669 2043 770 2102 modus
785 2042 868 2103 dandi
881 2058 935 2118 pro
951 2043 1138 2106 vehementia

137 2128 213 2201 vini,
234 2127 304 2185 item
320 2125 442 2182 ndxtura
461 2140 560 2219 aquae.
590 2124 681 2200 volgo
704 2127 774 2185 satis
790 2132 890 2203 putant
905 2143 989 2183 unum
1002 2126 1135 2200 cyathum

137 2209 249 2267 duobus
265 2224 356 2284 aquae
369 2206 493 2265 misceri.
526 2224 551 2264 ει
544 2205 722 2266 dissolutio
739 2209 777 2266 sit
793 2204 932 2265 stomachi
936 2206 1093 2286 ,dandum
1108 2213 1134 2269 si

137 2292 219 2350 cibus
236 2308 295 2349 non
310 2287 474 2349 descendat.

94 2385 130 2438 ιιι
202 2374 284 2451 (26.)
313 2370 399 2430 blitto
418 2372 476 2430 vini
498 2388 608 2446 genera
627 2348 701 2447 quae
722 2370 791 2447 lingi
810 2370 966 2432 docuimus.
994 2375 1179 2435 ascherius
1207 2363 1214 2375 '

96 2457 126 2541 ’,4,
127 2456 189 2541 ,’44
179 2473 237 2515 ram
250 2456 377 2515 arbitror
389 2462 419 2513 et
436 2470 645 2531 supervacuum
658 2470 759 2513 corum
772 2471 864 2530 usum,
879 2471 943 2513 cum
941 2457 1029 2534 ipsis
1044 2457 1133 2523 rebus

115 2506 176 2599 qqex
190 2539 293 2617 quibus
309 2539 453 2637 linguntur
467 2537 621 2596 doceamus
636 2537 685 2595 uti
711 2544 742 2595 et
757 2534 827 2595 alias
838 2522 952 2597 modum
962 2549 1135 2599 excesserat

136 2623 337 2682 medicorum'
329 2640 358 2680 ιιι
373 2620 417 2681 bis
434 2620 610 2695 ostentatio,
629 2618 720 2679 veluti
738 2637 755 2679 e
770 2620 852 2696 napis
867 2622 966 2680 vinum
977 2621 1049 2681 utile
1064 2641 1133 2684 esse

88 2712 89 2715 ’
137 2705 173 2765 ab
188 2721 330 2764 armornm
344 2702 528 2782 equitandive
543 2701 712 2763 lassitudine
728 2704 967 2781 praecipientium
980 2714 1085 2783 atque,
1101 2716 1133 2767 ut

136 2788 248 2866 reliqua
264 2789 442 2863 omittamus,
471 2787 591 2845 etiame
612 2786 746 2863 iunipiro.
780 2795 811 2845 et
827 2789 891 2864 quis
906 2791 995 2849 satius
1013 2798 1174 2851 censeatao

136 2872 294 2931 absinthite
308 2872 376 2930 vino
393 2869 528 2931 utendum
542 2870 741 3011 potiusquam
758 2870 902 2931 absinthio
920 2869 1006 2950 ipso?
1020 2875 1051 2933 in
1065 2873 1133 2933 reli·

136 2956 201 3034 quis
221 2963 251 3014 et
265 2955 407 3033 palmeum
421 2954 541 3031 capitia
562 2953 656 3030 ιίιιιιι,
682 2956 835 3032 ventrique
853 2963 962 3015 tantum
973 2956 1132 3033 molliendo

94 3050 128 3103 53
140 3046 171 3099 st
184 3040 353 3115 sanguinem
370 3036 590 3097 exscreautibus
607 3054 666 3095 non
683 3038 793 3098 inutsse.
813 3038 951 3118 licticium
961 3058 1020 3102 non
1031 3048 1132 3118 potest

95 3141 123 3184 ιι,
135 3143 159 3176 ιι
179 3121 273 3180 videri
286 3120 364 3198 quod
377 3121 447 3181 bion
461 3118 681 3199 appellavimus,
693 3140 758 3181 eum
770 3122 809 3181 sit
823 3124 853 3182 in
868 3141 905 3182 eo
921 3124 984 3183 sola
998 3140 1051 3201 pro
1067 3131 1131 3183 arte

136 3204 294 3263 festinatio.
325 3205 447 3282 prodest
470 3203 619 3263 stomacho
641 3204 785 3265 dissoluto
814 3212 863 3265 aut
880 3207 963 3267 cibos
985 3223 1042 3265 non
1064 3224 1171 3283 per-as

135 3286 256 3363 llcienti,
281 3288 500 3365 praegnatibus,
522 3288 663 3363 delectis,
678 3288 864 3366 paralyticis,
886 3289 1027 3365 tremulis,
1042 3292 1131 3349 verti·

135 3370 211 3447 gini,
236 3371 425 3449 torminibus,
450 3370 622 3431 ischiadicis.
653 3372 682 3430 in
704 3371 873 3450 pestilentia
888 3389 1050 3450 quoqueac
1065 3389 1132 3450 per·
1227 3367 1228 3378 ¹

136 3455 365 3530 egrinationibus
378 3457 435 3515 vim
449 3472 579 3534 inagnum
594 3454 749 3515 auxiliandi
764 3453 873 3516 habere
888 3456 998 3517 dicitur.
