2484 3817
355 247 434 293 unu.
453 246 543 295 mrsu.
560 247 661 295 xnu.
677 248 702 297 1.
721 238 873 314 (na—35.)
1068 239 1107 298 15

106 412 156 462 tur
179 418 238 461 non
262 400 372 460 inclusa
391 400 512 460 condita.
547 402 685 461 crematio
707 401 734 460 ei
754 399 872 461 multum
885 400 989 463 uirium
1011 402 1105 465 adicit.

106 484 262 545 utilissima
288 492 334 543 est
355 484 390 542 ad
408 484 630 561 conpescendos
649 483 795 558 lichenas,
819 485 947 562 imlures
967 505 1031 547 cum
1050 488 1106 548 lico

105 570 237 629 decocta.
270 569 312 627 sic
328 574 358 625 et
370 566 461 645 lepris
472 575 502 626 et
513 567 661 627 ulceribus
671 566 848 626 manantibus
857 568 1012 644 inponitur.
1042 572 1148 634 lun-65

104 670 210 729 gornnu
232 659 353 710 naturae
372 652 515 709 contraria
531 658 577 709 est
593 659 680 728 pota,
702 650 756 710 sed
771 652 863 725 magis
879 653 973 713 cruda.
1008 653 1107 713 oculo·

79 754 170 795 srnm
189 733 406 794 medicamentis
426 741 508 793 cocta
525 742 556 793 et
576 734 636 793 lota
652 736 798 793 miscetur.
830 734 961 794 medetur
976 735 1057 795 inlita
1074 744 1106 795 et

105 818 233 887 testibus
255 825 286 877 et
305 816 491 893 genitalibus.
523 819 553 876 in
571 820 640 877 vino
663 825 760 876 autem
773 817 913 876 adversus
928 820 1104 894 strangurias

104 901 232 976 bibitur,
247 919 311 960 cum
325 902 485 977 exspiravit
505 917 637 978 quoque,
651 899 781 959 lavandis
791 900 965 977 corporibus
978 903 1106 961 etvesti·

104 985 159 1044 bus
176 984 266 1043 utilis.
302 992 370 1043 tunc
386 1001 467 1043 usum
483 985 597 1043 acaciae
612 983 709 1043 babet.
962 997 967 1007 ¹

167 1067 251 1147 (32.)
277 1068 358 1127 llaex
369 1068 444 1126 aceti
456 1084 512 1144 pro
522 1068 643 1127 materia
654 1068 749 1125 aerior
760 1067 798 1125 sit
806 1084 932 1127 necesse
945 1074 992 1125 est
1002 1066 1147 1131 multo-66

67 1170 162 1230 mque
188 1152 282 1228 magis
310 1149 468 1209 exulceret.
511 1152 625 1210 resistit
646 1150 882 1226 suppurationum
903 1151 1104 1225 incrementis,

101 1234 298 1309 stomachum,
320 1235 488 1310 interanea,
511 1241 643 1292 ventrem
663 1232 744 1291 inlita
766 1233 889 1293 adiuvat.
925 1234 1003 1293 sistit
1019 1232 1105 1291 rheu-

100 1320 251 1377 matismos
267 1326 369 1376 earum'
381 1318 502 1393 partium
519 1325 549 1375 et
564 1316 713 1375 mulierum
728 1333 853 1375 menses.
884 1333 976 1395 panos
987 1314 1105 1375 discutit

101 1402 229 1461 nondum
245 1399 430 1460 exulceratos
446 1409 476 1459 et
490 1401 620 1476 anginas,
634 1400 709 1475 iguis
724 1416 824 1457 sacros
838 1416 901 1457 eum
911 1417 987 1459 cera.
1016 1416 1100 1457 mam·
1112 1408 1144 1465 67

100 1503 161 1543 mas
184 1485 269 1544 lactis
291 1484 335 1542 sui
354 1484 522 1560 inpatientis
544 1483 644 1541 eadem
660 1483 837 1559 exstinguit,
858 1484 961 1559 unguis
982 1482 1103 1542 scabros

64 1592 91 1631 rs
101 1569 215 1645 aufert,
231 1586 248 1627 e
263 1567 449 1643 serpentibus
461 1574 561 1626 contra
574 1574 702 1625 cerastas
712 1564 888 1624 ualidissima
898 1583 962 1624 cum
973 1564 1102 1643 polenta,

100 1670 166 1712 cum
189 1650 347 1710 melanthio
371 1658 465 1708 autern
483 1658 583 1709 contra
606 1648 746 1710 crocodili
764 1664 878 1706 morsus
899 1656 929 1708 et
952 1649 1038 1706 canis.
1072 1656 1105 1707 et

100 1735 176 1795 baec
191 1742 317 1794 cremata
334 1732 450 1810 ampliat
468 1734 546 1792 uiris.
580 1742 648 1792 tuno
662 1731 759 1791 addito
771 1730 927 1789 lentiscino
940 1730 1009 1788 oleo
1020 1729 1103 1788 inlita

99 1836 159 1877 una
175 1826 262 1877 noete
277 1817 352 1876 rufat
365 1816 506 1898 capillum.
538 1815 639 1875 eadem
655 1833 693 1873 ex
709 1831 781 1890 aqua
796 1814 825 1869 iu
836 1811 959 1871 linteolo
972 1809 1103 1888 adposita

1 1891 2 1911 ¹
102 1900 206 1960 volvas
223 1909 334 1977 purgat.

62 2003 93 2045 ao
170 1983 249 2060 (tt.)
276 1982 369 2061 Sapae
385 1982 468 2041 faece
486 1981 614 2041 ambusta
628 1987 778 2055 sanantur,
792 1976 895 2037 melius
913 1976 1007 2037 addita
1022 1976 1099 2036 lanu·
1110 1987 1145 2041 68

104 2067 178 2143 gine
189 2064 367 2143 harundinis,
383 2065 484 2125 eadem
495 2066 578 2125 faece
590 2065 712 2125 decocta
725 2071 852 2141 potaque
865 2067 961 2119 tusses
972 2070 1100 2121 veteres.

102 2150 277 2226 decoquitur
297 2152 327 2209 in
351 2151 456 2228 patinis
472 2165 535 2208 cum
553 2148 615 2209 sale
631 2156 662 2209 et
678 2146 764 2224 adipe
779 2146 814 2205 ad
830 2154 971 2204 tumorem
985 2161 1101 2223 quoque

101 2232 280 2293 maxillarum
294 2242 325 2292 et
340 2233 492 2293 cervicum.

167 2315 195 2375 3.
232 2317 312 2394 (34.)
336 2316 472 2375 Olearurn
486 2332 627 2393 proxuma
639 2314 795 2374 auotoritas
810 2310 999 2388 intellegitur.
1028 2308 1099 2370 lolia
1109 2320 1143 2375 69

36 2454 39 2457 .
66 2417 203 2462 assarum
221 2398 474 2459 uehementissime
492 2398 690 2475 adstringunt,
704 2404 844 2475 purgant,
860 2396 973 2453 sistunt.
1002 2395 1101 2470 itaque

102 2482 324 2542 conmanducata
335 2483 462 2559 inposita
475 2481 618 2541 ulceribus
633 2480 783 2561 medentur
794 2488 825 2538 et
836 2478 938 2555 eapitis
950 2476 1100 2534 doloribus

102 2566 186 2625 inlita
207 2565 271 2625 cum
286 2566 371 2641 oleo,
395 2564 545 2624 decoctum
559 2580 660 2623 eorum
676 2582 739 2623 cum
751 2562 841 2622 melle
857 2562 894 2620 iis
910 2576 983 2637 quae
997 2557 1100 2615 modici

103 2650 243 2725 usserint,
255 2650 435 2725 gingivarum
446 2646 714 2707 inflammationibus
725 2654 756 2705 et
767 2643 950 2722 paronychiis
963 2639 1102 2701 sordidis·

101 2750 162 2873 pue
182 2731 330 2791 ulceribus
354 2740 384 2791 et
407 2732 651 2809 putrescentibus.
681 2748 744 2790 cum
764 2728 851 2787 melle
872 2726 1018 2801 sanguinis
1034 2738 1101 2801 pro-

63 2838 91 2878 so
122 2815 221 2873 urium
238 2834 255 2873 e
271 2817 405 2874 nervosis
423 2814 552 2893 partibus
568 2814 694 2874 cohibet.
723 2830 808 2872 sucus
824 2827 925 2870 eorum
941 2806 1143 2866 carbunculo

101 2898 230 2957 lantibus
251 2898 329 2957 circa
352 2897 453 2958 oculos
474 2897 620 2957 ulceribus
639 2904 669 2955 ct
685 2895 797 2974 pusulis
813 2891 1035 2971 procidentique
1049 2904 1100 2965 pu·

100 2981 189 3059 pulae
212 2981 332 3057 ellicax,
355 2989 533 3059 quapropter
554 2982 584 3039 iu
605 2980 727 3056 collyria
746 2978 866 3037 additur.
895 2990 959 3033 uam
973 2979 1004 3031 et
1018 2979 1100 3031 vete-

1 3090 2 3111 t
99 3082 151 3123 res
174 3063 389 3124 lacrimationes
412 3072 493 3123 sanat
515 3072 546 3123 et
567 3080 705 3140 genarum
727 3062 890 3122 erosiones.
931 3055 1100 3133 exprimitur

101 3155 198 3205 autem
218 3165 306 3205 sucus
322 3150 412 3207 tunsis
427 3147 527 3207 adfuso
544 3148 612 3205 vino
627 3154 658 3205 et
672 3164 745 3224 aqua
760 3141 898 3215 caelesti,
918 3140 1099 3215 siccatusque

1 3266 2 3303 1
67 3232 131 3291 asin
152 3229 289 3307 pastillos
311 3230 458 3307 digeritur.
490 3231 566 3289 sistit
582 3247 697 3291 meuses
717 3231 747 3288 in
763 3227 826 3286 lana
840 3222 968 3282 admotus
983 3220 1099 3294 volvae,

102 3313 182 3371 utilis
198 3322 230 3373 et
248 3314 330 3373 sanie
344 3312 537 3387 manantibus,
551 3314 621 3373 item
638 3310 862 3388 condylomatis,
878 3303 994 3383 ignibus
1009 3304 1099 3362 sacris

101 3413 237 3475 quaeque
252 3406 372 3475 serpunt
386 3398 499 3472 ulcera,
517 3396 682 3473 epinyctidi.

64 3552 69 3561 ,
127 3482 132 3494 ’
166 3480 249 3558 (35.)
285 3478 414 3541 Eosdem
441 3480 561 3541 allectus
583 3486 614 3539 et
642 3477 697 3538 dos
730 3493 827 3536 earum
854 3472 949 3533 babet.
977 3475 1096 3526 uruntur
1106 3476 1138 3531 ιι
