2484 3817
175 183 237 246 224
530 190 831 243 c.aunusnoonn1

175 362 292 425 corpus,
309 351 420 404 crustas
439 343 596 405 obducere.
632 340 731 399 eadem
745 340 933 419 pityocampis
954 339 982 397 in
1003 340 1086 418 picea
1107 357 1155 399 na·
1235 383 1236 391 κ

174 426 333 502 scientibus,
348 426 449 487 eadem
464 427 607 504 bupresti,
621 423 806 501 similiterque
822 431 1036 502 praeparantur.
1059 423 1157 483 elhoa·
1236 491 1237 507 2

175 511 308 571 cissimae
322 520 431 571 omues·
442 511 478 570 ad
494 511 571 569 ieras
585 506 730 582 lichenas,
751 507 880 565 dicuntur
903 514 933 565 et
946 524 1060 565 menses
1076 507 1156 565 ciere
1236 510 1237 529 l

132 606 167 661 96
177 603 207 655 et
220 594 338 670 urinam,
351 594 419 654 ideo
429 594 620 670 Hippocrates
635 599 663 648 et
673 588 840 669 hydropicis
854 588 947 649 dabat.
969 587 1157 649 Cantharides
1237 599 1238 639 t

175 677 310 739 obiectae
332 688 396 739 suut
415 675 515 737 Catoni
535 673 679 747 Uticensi,
700 690 753 733 ceu
774 690 914 731 uenenum
933 673 1109 732 vendidisset
1129 674 1185 738 ins
1238 707 1239 727 r

175 763 310 825 auctione
324 763 420 838 regia,
444 758 575 834 quoniam
595 774 646 815 eas
665 757 806 815 sestertiis
820 755 869 815 LX
883 754 1039 814 addixerat.
1074 756 1103 814 5.
1119 754 1159 815 Et

175 845 278 907 sebum
294 854 387 905 autem
403 838 685 899 struthocamelinum
701 848 769 897 tunc
789 838 901 897 venisse
920 840 1060 897 sestertiis
1074 837 1160 899 XXX

176 928 271 990 obiter
286 928 389 987 dictum
402 923 446 999 sit,
463 922 637 982 efficacioris
650 922 687 982 ad
705 923 797 981 omnia
811 939 879 981 usus
894 937 977 998 quam
991 931 1036 980 est
1050 925 1158 981 anseri-

176 1031 230 1073 nus
243 1011 288 1071 adi
310 1028 334 1069 s.

135 1108 169 1165 97
232 1028 313 1170 (iiip)
335 1089 464 1149 Diximus
483 1096 512 1147 et
532 1088 626 1147 mellis
647 1088 778 1146 venenati
805 1104 928 1162 genera,
954 1098 1052 1148 contra
1080 1090 1159 1167 qnod
1169 1101 1197 1141 10

142 1180 172 1220 ¹¹·
186 1177 209 1213 ⁷⁴
231 1183 343 1235 utuntur
361 1170 448 1230 melle
468 1172 568 1247 inquo
590 1189 662 1249 apes
682 1171 737 1229 sint
751 1178 888 1229 mortuae.
919 1169 993 1229 idem
1012 1181 1109 1249 potum
1130 1174 1160 1231 in

176 1263 243 1321 vino
258 1254 414 1315 remedium
429 1262 475 1315 est
489 1256 621 1316 uitiorum
637 1271 710 1331 quae
727 1272 743 1311 a
760 1252 825 1311 cibo
840 1253 958 1331 piscium
973 1256 1136 1331 gignuntur.

134 1353 170 1409 93
230 1338 313 1417 (32.)
331 1337 363 1397 ln
379 1338 457 1396 canis
471 1337 578 1396 rabiosi
598 1355 697 1395 morsu
715 1345 810 1395 tuetur
832 1354 847 1393 a
869 1352 978 1413 pavore
1001 1356 1092 1416 aquae
1110 1356 1159 1399 oa·

175 1425 234 1484 nini
246 1422 348 1498 capitis
362 1422 433 1479 cinis
445 1420 540 1479 inlitus
552 1420 674 1495 volneri,
690 1427 805 1497 oportet
818 1428 909 1477 autem
921 1418 1048 1480 comburi
1065 1424 1160 1484 omnia

177 1506 280 1567 eodem
293 1504 397 1578 modo,
417 1512 448 1563 ut
467 1503 558 1564 semel
573 1503 714 1577 dicamus,
735 1504 848 1560 invase
866 1502 946 1561 fictili
961 1521 1037 1563 novo
1055 1505 1160 1581 argilla
1172 1515 1198 1555 1⁵

177 1587 335 1649 circumlito
359 1596 444 1664 atque
467 1588 506 1646 ita
529 1587 557 1644 in
577 1586 687 1645 furnum
708 1584 806 1644 indito.
843 1585 919 1644 idem
940 1595 968 1644 et
990 1589 1018 1645 iu
1040 1591 1159 1666 potione

127 1719 130 1723 .
177 1671 300 1751 prolicit.
331 1670 443 1749 quidam
460 1669 498 1728 ob
514 1669 542 1728 id
558 1668 696 1729 edendum
713 1667 859 1727 dederunt.
889 1668 974 1746 aliqui
991 1680 1019 1730 et
1032 1689 1159 1731 vermem

177 1753 351 1815 acadavere
370 1755 472 1814 canino
494 1753 690 1829 adalligavere
710 1760 890 1811 menstruave
911 1747 989 1812 canis
1012 1756 1040 1813 in
1063 1772 1158 1831 panno

177 1837 330 1899 subdidere
347 1838 430 1897 calici
451 1846 500 1896 aut
514 1839 590 1897 intus
610 1837 701 1913 ipsius
717 1833 825 1893 caudae
845 1835 920 1913 pilos
937 1836 1102 1897 combustos
1117 1840 1158 1897 in-

134 1935 298 1989 disseruere
316 1921 465 1998 [voluerit
485 1918 543 1979 Cor
559 1921 686 1979 caninum
700 1918 849 1977 habentem
865 1918 974 1995 lugiunt
990 1938 1087 1995 canes,
1101 1938 1198 1980 nonao

176 2005 280 2065 latrant
294 2021 364 2063 vero
381 2004 479 2080 lingua
495 2004 594 2062 canina
613 2003 643 2060 in
662 2002 848 2061 calciamento
864 2000 973 2063 subdita
989 2003 1089 2080 pollici
1111 2013 1161 2064 aut

177 2087 294 2147 caudam
317 2086 455 2145 mustelae
470 2103 546 2163 quae
564 2085 679 2144 abscisa
700 2102 734 2144 ea
756 2084 870 2143 dimissa
890 2086 925 2145 sit
944 2085 1084 2146 habentis.
1114 2096 1161 2147 est

175 2170 259 2230 limus
271 2170 380 2229 salivae
391 2169 443 2228 sub
456 2169 552 2244 lingua
563 2167 672 2227 rabiosi
687 2168 765 2227 canis
779 2169 826 2244 qui
838 2168 919 2227 datus
935 2170 962 2226 in
973 2176 1042 2246 potu
1054 2170 1160 2244 hydro·

177 2252 292 2331 phobos
308 2252 371 2311 lieri
384 2270 441 2311 non
465 2252 585 2328 patitur,
608 2250 696 2309 multo
718 2260 811 2311 tamen
826 2250 973 2311 utilissime
994 2254 1074 2311 iecur
1096 2253 1160 2311 eius

178 2337 225 2413 qui
243 2335 272 2393 in
288 2335 370 2394 rabie
384 2333 570 2394 momorderit
584 2333 682 2408 datur,
705 2335 729 2392 si
744 2334 836 2411 possit
852 2334 928 2412 lieri,
950 2336 1065 2395 crudum
1082 2352 1158 2396 man·
1170 2356 1198 2397 as

176 2417 308 2492 deudum,
328 2418 370 2476 sin
384 2418 487 2492 minus,
503 2434 617 2494 quoquo
635 2416 720 2477 modo
731 2425 856 2494 coctum,
870 2425 918 2476 ant
934 2417 977 2476 ius
990 2420 1080 2479 coctis
1096 2435 1159 2479 oar·

135 2513 187 2565 loo
196 2501 287 2561 nibus.
304 2498 357 2559 Est
371 2500 544 2560 vermiculus
559 2501 587 2558 in
602 2498 698 2577 lingua
709 2518 808 2559 canum
822 2500 868 2576 qui
882 2509 1001 2559 vocatur
1014 2519 1030 2561 a
1043 2501 1161 2563 Graecis

176 2585 259 2660 lptta,
277 2600 334 2661 quo
353 2593 487 2660 exempto
502 2583 654 2642 infantibus
672 2583 772 2643 catulis
786 2600 842 2641 neo
856 2581 947 2643 rabidi
962 2584 1030 2643 liunt
1047 2602 1101 2643 neo
1118 2583 1160 2645 le·

175 2667 289 2727 stidium
308 2668 442 2726 sentiunt.
470 2665 546 2726 idem
568 2676 612 2725 ter
632 2667 692 2743 igni
711 2666 892 2725 circumlatus
915 2667 997 2726 datur
1018 2667 1123 2726 morsis
1144 2684 1162 2727 a

177 2750 293 2810 rabioso
313 2768 350 2808 ne
372 2748 464 2809 rabidi
479 2750 555 2810 dant.
586 2758 616 2809 et
636 2748 785 2809 cerebello
806 2749 968 2825 gallinaceo
989 2750 1200 2826 occurritur,oo

178 2832 230 2892 sed
245 2832 274 2893 id
289 2833 456 2893 devoratum
471 2849 544 2891 anno
560 2842 666 2892 tautum
683 2848 719 2891 eo
739 2833 870 2921 prodest.
905 2834 982 2893 aiunt
1001 2841 1030 2891 et
1046 2834 1163 2893 cristam

176 2915 246 2992 galli
257 2916 404 2977 contritam
419 2915 577 2975 eldoaciter
588 2916 686 2993 luponi
699 2922 729 2973 et
739 2916 849 2973 auseris
860 2916 973 2992 adipem
990 2933 1053 2975 oum
1063 2915 1163 2975 melle.

178 2998 314 3059 saliuntur
329 3006 359 3058 et
376 3016 478 3059 carnes
492 3014 591 3081 eorum
606 2999 654 3077 qui
668 2995 759 3058 rabidi
774 2998 889 3057 luerunt
906 2998 941 3059 ad
955 2998 1054 3057 eadem
1068 3016 1163 3059 reme·

136 3094 186 3147 101
199 3082 244 3143 dia
258 3082 287 3141 in
307 3082 373 3142 cibo
393 3080 512 3143 dandae.
549 3083 616 3159 quin
630 3089 662 3140 et
680 3089 816 3141 necantur
832 3082 917 3141 catuli
939 3083 1030 3141 statim
1043 3082 1072 3140 ln
1082 3080 1162 3159 'aqua

178 3164 214 3226 ad
229 3182 328 3225 sexum
350 3167 411 3226 eins
432 3166 479 3244 qui
498 3164 698 3239 momorderit,
718 3173 748 3223 ut
770 3166 851 3223 iecur
870 3164 984 3224 crudum
1005 3164 1202 3225 devoraturos

178 3246 270 3308 exiis.
288 3247 750 3327 prodeatetfimumgallinacenm‚
764 3245 906 3307 dumtaxat
917 3246 1018 3321 rufum,
1031 3256 1162 3307 exaceto

176 3330 344 3409 inpositum,
368 3341 398 3391 et
411 3333 498 3393 muris
514 3330 610 3391 aranei
627 3330 734 3389 caudae
758 3328 846 3403 cinis,
869 3333 907 3389 ita
924 3337 953 3388 ut
968 3331 1032 3409 ipse
1048 3331 1093 3391 cni
1112 3329 1163 3389 ab·

176 3414 253 3475 suisa
266 3415 303 3475 sit
315 3416 400 3475 vivos
416 3415 582 3489 dimittatur,
601 3411 737 3489 glaebula
756 3429 794 3473 ex
807 3410 983 3476 hirundinum
999 3413 1066 3475 nido
1080 3413 1164 3477 inlita
