2484 3817
329 169 409 218 usu.
426 170 517 222 mss.
531 172 616 220 xxx.
633 166 660 225 t.
677 170 703 228 5.
720 111 855 241 (ΗΞ.)
1019 160 1086 228 239

83 323 157 392 trita
171 322 202 382 in
222 322 291 383 tirno
307 322 469 388 columbino
486 342 550 387 evm
566 342 655 405 passo
669 328 1004 406 gargarizatum„etian
1020 344 1083 393 oum

83 408 145 469 lico
167 406 247 465 arida
268 423 304 467 ae
323 408 397 467 nitro
417 408 571 487 inpositum
597 417 680 469 entra
703 411 889 489 asperitatem
908 412 1032 473 faucium
1053 419 1084 471 et

83 488 302 552 destillationes
316 490 434 569 leniunt,
453 524 496 540 -
510 493 630 553 cocleae
646 494 732 571 coqui
749 492 855 554 debent
869 494 988 570 inlotae,
1005 493 1082 556 dam·

82 581 198 652 ptoque
220 582 325 632 tanturn
345 582 462 634 terreno
485 578 596 635 conteri
618 585 648 636 et
669 577 698 635 in
714 594 802 654 passo
824 577 884 637 dari
907 586 988 656 potu.
1018 586 1084 638 sunt

57 657 133 735 aqui
150 655 379 735 Astypalaeicae
390 658 608 734 efficacissimas
623 668 723 738 putent
746 670 775 721 et
795 663 824 721 in
837 661 883 721 his
899 663 954 720 irna
973 678 1082 737 earum,

82 773 127 787 -
143 739 259 817 gryllus
272 740 422 801 infricatus
435 751 484 803 aut
507 744 608 821 siquis
623 742 753 805 manibus
769 743 872 824 quibus
895 762 959 805 eum
976 738 1087 805 contriss

83 825 162 885 verit
177 822 311 883 tonsillas
324 824 454 901 attingat.

150 905 237 984 (12.)
257 904 380 984 Anginis
394 908 466 969 teile
484 910 618 969 anserino
634 927 698 969 oum
714 910 836 971 elaterio
858 918 886 969 et
899 909 986 969 melle
1001 910 1077 971 citis·
1090 921 1127 976 33

84 992 156 1051 sime
172 992 360 1066 succurritur,
376 992 500 1053 cerebro
513 1002 646 1070 noctuae,
667 996 765 1053 cinere
779 992 935 1054 hirundinis
952 1011 989 1053 ex
1008 1010 1083 1073 aqua

51 1093 75 1135 st
84 1073 178 1135 calida
194 1082 277 1150 poto.
312 1074 395 1134 huius
410 1075 570 1138 medicinae
587 1085 688 1137 auctor
712 1086 757 1137 est
771 1076 889 1137 Ovidius
904 1085 1001 1155 poeta.
1030 1076 1083 1137 sed

83 1156 271 1218 eiiicaciores
286 1156 323 1217 ad
338 1161 430 1219 omnia
448 1177 523 1237 quae
538 1178 576 1220 en
589 1159 784 1221 hirundinibus
801 1168 992 1221 monstrantur
1011 1160 1082 1239 pulli

83 1241 270 1312 silvestrium,
287 1272 331 1287 -
344 1240 436 1318 ligura
448 1244 577 1304 nidorum
591 1261 643 1303 eas
661 1243 863 1322 deprehendit,
878 1277 921 1291 -
933 1243 1023 1305 multo
1039 1253 1080 1304 ta·

83 1343 148 1385 men
163 1323 362 1383 efficacissimi
378 1327 549 1403 ripariarum
564 1326 645 1405 pulli.
674 1330 713 1389 ita
726 1336 832 1388 vocant
848 1329 876 1387 in
893 1327 1018 1407 riparum
1034 1344 1081 1387 ea·

4 1417 5 1422 ’
86 1410 131 1466 vis
142 1406 326 1467 nidificantis.
358 1409 438 1469 multi
459 1411 664 1487 cuiuscumque
684 1411 842 1472 hirundinis
867 1410 975 1489 pullum
994 1411 1080 1471 eden·

4 1487 5 1550 l
53 1508 79 1549 1⁵
89 1490 150 1550 dum
168 1499 309 1566 censent,
328 1501 359 1552 ut
373 1501 434 1553 toto
449 1510 523 1553 anno
538 1512 596 1554 non
609 1502 751 1555 metuatur
766 1494 794 1553 id
809 1493 921 1555 malurn.
948 1504 1077 1571 strangu·
1089 1502 1127 1559 34

85 1574 160 1634 latos
180 1592 245 1633 cum
260 1577 399 1651 sanguine
413 1577 582 1637 comburunt
600 1578 628 1635 in
648 1595 718 1637 vasa
738 1576 908 1636 etcinerem
929 1594 991 1637 curn
1005 1595 1081 1655 pane

87 1666 133 1717 aot
149 1666 222 1735 potu
240 1656 317 1716 daut.
347 1658 503 1737 quidamst
521 1658 662 1719 mustelae
682 1662 794 1719 cineres
814 1658 978 1742 parimodo
994 1660 1081 1720 admi·

4 1771 5 1798 r
85 1748 178 1802 scant,
201 1741 244 1799 sie
259 1749 288 1799 et
302 1741 338 1801 ad
355 1750 478 1801 strumae
495 1740 623 1800 remedia
640 1741 706 1801 dant
722 1750 751 1800 et
766 1740 958 1802 comitialibus
974 1742 1081 1800 cotidie

4 1825 5 1882 i
85 1832 166 1900 potu.
189 1822 290 1884 insale
300 1842 417 1904 quoque
429 1832 562 1883 servatae
577 1823 741 1883 hirundines
751 1824 788 1883 ad
805 1825 937 1901 anginam
948 1822 1082 1883 drachma

4 1909 5 1912 ’
51 1924 79 1965 ao
86 1905 232 1981 bibuntur,
250 1909 296 1967 cui
309 1907 385 1967 malo
402 1914 431 1965 et
444 1905 526 1965 nidus
542 1924 639 1966 earum
649 1906 758 1981 mederi
773 1906 876 1967 dieitur
892 1916 987 1985 potus.
1010 1904 1125 1971 ltili-as

87 1990 192 2070 pedam
213 1989 292 2049 inlini
312 1991 427 2067 anginis
446 1990 676 2049 efficacissimum
697 2000 803 2069 putant.
832 1989 880 2050 alii
899 1989 940 2051 XI
955 1992 1036 2050 tritas
1053 1992 1082 2051 in

87 2092 182 2151 aquae
193 2072 304 2133 mulsae
317 2074 430 2134 hemina
445 2090 498 2151 per
513 2072 697 2134 harundinem
713 2073 784 2151 dari,
801 2076 934 2152 quoniam
949 2073 1082 2135 dentibus

86 2158 172 2217 tactis
190 2155 260 2215 nihil
277 2159 397 2234 prosint.
429 2156 542 2217 tradunt
557 2167 586 2216 et
602 2175 711 2220 murem
731 2174 793 2217 eum
808 2157 975 2219 verbenaca
991 2176 1080 2219 exoc-

87 2247 174 2314 etum‚
189 2239 215 2297 si
227 2238 340 2299 bibatur
352 2241 377 2299 is
389 2240 494 2318 liquor,
509 2241 638 2301 remedio
651 2258 729 2317 esse,
742 2250 771 2303 et
783 2242 935 2317 corrigiam
951 2243 1081 2301 caninam

52 2331 130 2382 aeter
146 2321 229 2383 collo
244 2322 462 2398 circumdatam,
485 2324 579 2385 fimum
592 2323 782 2384 columbinum
797 2326 864 2385 vino
882 2332 911 2385 et
932 2324 1000 2385 oleo
1016 2342 1081 2404 per·

84 2408 215 2467 mixtum.
242 2402 372 2466 Cervicis
386 2408 484 2467 nervis
500 2417 529 2467 et
543 2406 731 2484 opisthotono
744 2426 760 2467 e
772 2406 851 2467 milvi
865 2408 932 2469 nido
948 2407 1081 2467 surculus

83 2490 182 2551 viticis
192 2488 364 2565 adalligatus
376 2490 505 2551 auxiliari
515 2492 627 2551 dicitur.
657 2493 688 2553 5.
703 2492 817 2551 strumis
829 2491 1004 2552 exulceratis
1016 2507 1075 2547 mu·
1087 2498 1125 2553 36

4 2569 5 2588 ’
84 2572 180 2633 stelae
196 2573 323 2647 sanguis,
338 2573 402 2651 ipsa
414 2572 533 2634 decocta
545 2576 574 2634 in
585 2576 663 2652 vino,
672 2592 729 2635 non
741 2582 833 2634 tamen
845 2574 933 2634 sectis
945 2572 1079 2633 admove·

82 2664 138 2715 tur.
146 2657 228 2717 aiunt
237 2663 269 2715 et
279 2654 344 2716 cibo
356 2665 495 2735 sumptam
502 2657 576 2717 idern
585 2657 715 2732 efficere,
723 2657 770 2718 vel
779 2658 869 2717 cineri
881 2658 943 2717 eius
952 2672 1078 2715 sarmen-

52 2740 121 2799 attis
135 2738 308 2799 combustae
322 2740 458 2800 miscetur
475 2742 608 2818 axungia.
635 2740 772 2801 Laeertus
782 2738 881 2800 viridis
898 2737 1079 2813 adalligatur,

82 2832 152 2901 post
165 2821 229 2882 dies
239 2820 323 2883 XXX
337 2822 422 2883 alium
433 2823 616 2900 adalligatum
632 2831 757 2901 oportet.
780 2822 891 2901 quidam
908 2838 960 2881 eor
974 2823 1036 2880 eius
1051 2820 1080 2878 iu

82 2915 228 2983 argenteo
240 2906 360 2966 vasculo
374 2916 490 2968 servant
505 2906 541 2966 ad
554 2907 719 2969 feminarum
731 2916 860 2967 strumas.
884 2906 1010 2965 Veteres
1026 2919 1074 2961 eo·
1086 2910 1122 2969 37

84 2989 170 3051 oleae
186 3006 253 3049 cum
267 2995 341 3049 testa
356 3007 407 3051 sna
422 2999 522 3049 tunsae
535 2990 702 3067 inlinuntur,
726 3004 875 3050 maxumae
894 3003 968 3063 quae
989 2983 1077 3045 frute-

4 3105 5 3120 κ
84 3075 139 3133 otis
155 3072 333 3147 adhaerent,
351 3075 418 3134 itern
434 3075 505 3133 ciuis
520 3073 649 3150 aspidum
668 3073 742 3133 sebo
758 3090 821 3133 curn
838 3071 948 3130 taurino
966 3070 1077 3146 inponi·

4 3221 5 3224 ,
52 3164 142 3232 astur,
162 3155 303 3231 anguinus
318 3154 399 3233 adips
415 3158 519 3217 mixtus
535 3156 618 3233 oleo,
637 3158 704 3216 item
720 3156 851 3232 anguium
866 3150 937 3211 einis
952 3170 990 3212 ea
1010 3149 1077 3213 oleo

4 3233 5 3318 l
83 3240 183 3301 inlitus
193 3238 242 3299 vel
254 3256 319 3298 cum
332 3257 409 3301 cera.
429 3240 525 3301 edisse
535 3257 650 3318 quoque
661 3256 713 3300 eos
725 3238 835 3301 medios
849 3236 970 3299 abscisis
983 3236 1084 3295 utrim-⁴

4 3333 5 3370 l
84 3340 142 3401 pne
157 3324 298 3383 extremis
309 3323 437 3402 partibus
454 3324 592 3385 adversus
606 3330 727 3382 strumas
738 3319 873 3398 prodest,
893 3318 939 3379 vel
951 3319 1078 3379 cinerem

4 3445 5 3472 r
83 3404 198 3469 bibisse
213 3407 244 3467 io
264 3423 342 3467 novo
360 3407 440 3467 fictili
453 3408 492 3468 ita
507 3415 711 3481 crematorum,
733 3403 879 3465 eilicaeius
899 3401 986 3461 multo
1003 3402 1077 3461 inter
