2484 3817
261 201 342 250 usu.
356 200 447 251 111ar.
461 200 585 249 xxvnn.
601 198 629 255 9.
644 200 688 253 10.
701 196 850 266 (ιι-ιι.)
999 190 1058 255 183

75 355 239 432 semihora,
256 335 326 415 mox
339 354 479 416 sicmtm
491 355 555 415 sine
571 354 637 417 sole
659 362 746 433 atque
759 356 789 415 in
805 355 892 417 melle
908 356 1061 419 corilum.

74 442 226 503 damnatur
239 440 383 517 ιιιίιιιιιι,
397 446 503 499 mutum
518 438 593 499 iuter
608 456 731 499 reuera.
759 439 826 499 irleo
842 439 947 501 llamini
962 459 1062 503 sacro·

74 529 369 669 {tffiiffiosltbffire
382 537 441 581 non
454 521 535 598 licet,
551 539 615 582 oum
626 522 738 583 Romae
751 522 875 601 publicis
889 525 983 585 saeris
993 542 1062 587 eous

53 702 64 739 ι
141 691 228 768 (41.)
250 688 325 763 Quin
341 696 372 747 et
383 688 501 765 sanguis
515 703 615 747 eorum
633 688 772 766 septicam
787 690 843 749 rim
857 688 958 767 babet,
976 691 1044 753 item
1054 702 1103 757 147
1183 708 1192 721 “

75 790 229 854 equarum,
250 779 451 851 praeterquam
465 770 621 847 virginum,
644 771 757 847 erodit,
781 774 937 849 emarginat
954 774 1062 836 ulcera

74 858 205 919 taurinus
218 854 334 933 quidem
347 871 453 914 recem
466 855 541 915 inter
553 871 665 914 reueua
680 863 726 915 est
740 865 864 935 excepta
880 856 998 933 Aegira.
1024 858 1064 918 ibi

75 942 152 1002 euim
162 937 304 1000 sacerdos
314 937 424 999 lernae
434 938 621 999 vaticinatura
632 939 799 1015 sangninem
812 941 886 1000 tauri
897 939 968 999 bibit
984 942 1064 1018 prius

75 1042 159 1103 qnam
174 1024 206 1083 in
222 1038 329 1099 specus
350 1020 515 1082 ιιιιιιιιιι.
547 1029 654 1081 tantum
670 1030 768 1100 potest
782 1022 939 1101 sympathia
961 1022 1011 1083 illa
1026 1023 1063 1084 de

47 1122 131 1185 roqua
144 1106 304 1185 loquimur,
319 1104 516 1181 utaliquando
531 1104 675 1181 religione
691 1114 739 1165 aut
759 1106 826 1167 lneo
848 1106 907 1165 liat.
936 1105 1046 1167 Drusus
1055 1117 1106 1171 148

74 1190 207 1249 tribunus
219 1187 320 1267 plebei
335 1188 454 1248 traditur
467 1189 613 1265 caprinum
627 1187 752 1263 bibisse,
769 1208 831 1249 oum
848 1188 962 1267 pallore
978 1199 1007 1251 et
1020 1192 1062 1250 in·
1193 1259 1198 1267 ¹

74 1274 151 1335 uun
165 1272 271 1332 veneni
288 1269 343 1333 sibi
356 1270 415 1331 deti
429 1270 593 1331 insimulare
609 1272 645 1347 Q.
659 1270 834 1351 Caepionem
849 1273 991 1333 inimicum
1001 1273 1062 1333 relss

74 1355 124 1417 let.
152 1356 300 1417 hircorum
313 1355 443 1429 sanguini
459 1362 537 1415 tauta
551 1355 597 1415 sis
612 1362 702 1415 estut
717 1356 954 1417 ferramentorum
975 1355 1061 1417 subti-

74 1438 139 1500 litas
155 1456 215 1499 uon
227 1436 313 1497 aliter
332 1439 427 1498 aerim
440 1437 602 1516 induretur,
619 1430 754 1500 scabritia
769 1440 894 1517 poliatur
907 1439 1062 1499 vehemen-

44 1522 231 1601 ultraquam
248 1521 324 1580 lima
353 1536 411 1581 non
425 1522 510 1598 igitur
526 1531 556 1581 et
577 1524 694 1599 sanguis
710 1523 869 1583 animalium
890 1523 964 1582 inter
984 1538 1061 1583 oom-

72 1607 167 1667 muuia
182 1604 240 1664 diei
256 1612 354 1681 potest
366 1611 397 1663 et
412 1603 479 1665 ileo
496 1606 692 1683 suisqulsque
708 1604 819 1665 dicetur
833 1604 994 1663 effectibus.

136 1687 225 1768 (42.)
246 1686 418 1763 Digeremus
433 1689 508 1747 enim
522 1689 551 1746 iu
563 1687 639 1747 mala
657 1687 771 1763 singula
785 1702 853 1746 nsns
871 1686 1104 1763 plurumum-149

72 1789 131 1850 qne
146 1779 249 1831 contra
263 1772 417 1848 serpentia.
446 1770 544 1829 Exitio
565 1770 611 1828 bis
631 1785 699 1827 esse
720 1784 825 1827 cervos
844 1784 928 1827 nemo
950 1770 1064 1845 ignorat

72 1864 115 1932 ιιι,
132 1856 160 1914 si
173 1870 247 1931 quae
263 1861 338 1929 sunt,
353 1861 499 1926 extractas
514 1852 647 1913 cavernis
660 1850 830 1911 mandentis.
858 1868 913 1911 neo
924 1868 996 1911 rere
1007 1854 1064 1929 ipsi

39 1940 279 2016 uspirautesqne
301 1945 408 1996 tantum
431 1934 634 2009 adversantur,
660 1933 713 1994 sed
737 1933 914 1995 membratim
936 1951 1062 2015 quoque.

73 2019 174 2098 iugari
190 2036 240 2078 eas
252 2018 354 2080 nidore
370 2034 607 2092 eorumeorurn,
623 2018 648 2077 si
662 2025 774 2095 uratur,
794 2016 898 2077 dictum
917 2027 976 2093 est,
991 2028 1019 2079 at
1031 2038 1049 2079 s.
1060 2038 1094 2074 ιιι

27 2097 31 2105 ’
74 2119 223 2168 esummo
241 2111 357 2179 gutture
379 2102 451 2163 ustis
472 2100 588 2163 ossibus
609 2102 782 2178 congregari
799 2100 939 2161 dicuntur.
968 2102 1062 2180 pelles
1112 2164 1114 2171 Α

2 2237 3 2242 ,
75 2186 206 2247 eusdem
225 2186 353 2246 animalis
376 2185 539 2246 substratae
558 2204 680 2247 securos
700 2193 848 2267 praestant
870 2183 907 2243 ab
930 2201 966 2245 eo
986 2194 1062 2245 metu

75 2284 207 2330 somnos:
236 2268 388 2345 coagulum
407 2288 446 2329 ex
466 2277 551 2330 aceto
567 2279 666 2349 potum
679 2271 715 2331 ab
729 2273 804 2347 ictu,
831 2276 859 2329 et
879 2267 903 2327 si
928 2270 1042 2328 omnino
1053 2281 1104 2333 150

42 2359 228 2414 ²⁵tractatum
242 2352 296 2427 sit,
323 2369 360 2411 eo
380 2352 427 2413 lie
446 2370 504 2414 uon
517 2352 586 2413 ferit
600 2372 732 2432 serpens.
763 2362 855 2413 testes
869 2366 984 2432 quoque
999 2352 1062 2413 eius

75 2436 230 2497 inveterati
252 2434 301 2495 vel
313 2435 439 2511 genitale
454 2437 517 2496 eius
535 2438 621 2496 maris
642 2436 805 2498 salutariter
818 2437 919 2497 dautur
936 2438 965 2495 in
984 2438 1061 2511 vino,

74 2520 144 2579 item
159 2526 264 2577 venter
277 2534 363 2595 quem
381 2518 613 2598 centipellionem
626 2528 741 2581 vocant.
775 2518 887 2596 lugiunt
902 2528 933 2578 et
948 2520 1062 2578 omnino

76 2600 193 2662 (lentem
215 2602 296 2661 cervi
315 2600 448 2662 babeatis
468 2611 516 2663 aut
536 2602 660 2663 medulla
682 2612 838 2682 perunctos
854 2602 964 2662 sebove
981 2602 1061 2659 cervi

75 2693 123 2746 ant
148 2683 243 2745 vituli.
283 2685 398 2743 summis
421 2693 514 2745 autem
537 2686 672 2745 remediis
696 2686 858 2765 praefertur
888 2684 1012 2745 hinnulei
1031 2703 1049 2743 ι,
1061 2700 1093 2735 ιιι

43 2767 248 2845 tteoagulum·
261 2768 360 2827 matris
388 2775 471 2829 utero
501 2770 635 2845 exsecti,
665 2776 695 2827 ut
724 2768 917 2829 indicavimus.
973 2775 1102 2828 san-151

75 2852 163 2927 guiue
181 2849 319 2926 cerrino,
345 2850 371 2909 si
384 2868 440 2911 uua
453 2860 567 2912 urantur
581 2852 750 2911 dracontion
772 2861 802 2913 et
821 2850 955 2927 cunilago
970 2856 1000 2907 et
1015 2864 1061 2907 aa·

76 2933 166 2995 ebuso
185 2933 302 2993 lentisci
327 2932 423 3010 ligno,
447 2934 576 2995 contrabi
597 2935 741 3010 serpentis
769 2934 897 3007 madunt,
929 2930 1061 3009 dissipari

76 3015 196 3093 demde,
218 3015 245 3074 si
265 3018 404 3091 sanguiue
423 3016 553 3078 detracto
581 3016 717 3077 adiciatur
738 3014 913 3095 pyretbrum.
941 3015 1060 3074 invenio

75 3099 152 3177 apul
166 3107 309 3159 auctores
322 3097 450 3159 Graecos
469 3099 570 3160 ammal
596 3116 685 3159 cervo
704 3100 796 3159 minus
816 3107 845 3157 et
868 3096 930 3174 pilo
950 3097 1061 3158 demum

41 3182 170 3242 ummile
197 3180 277 3261 qued
297 3180 406 3258 opbion
426 3189 596 3256 vocaretur,
623 3182 780 3242 Sardiniam
800 3180 827 3240 id
853 3187 959 3239 tantum
982 3180 1061 3241 ferre

77 3264 203 3325 solitam.
241 3264 302 3326 boo
324 3264 459 3325 interisse
487 3261 611 3325 arbitror
637 3274 667 3324 et
690 3263 756 3323 ideo
780 3263 935 3322 medicinas
963 3280 1060 3325 exeo

75 3350 189 3408 omitto.
676 3370 678 3375 ·

142 3431 190 3493 lo.
220 3430 295 3511 Apri
314 3446 430 3510 qnoque
457 3426 606 3491 cerebrum
632 3426 730 3489 contra
754 3444 804 3487 eas
827 3428 956 3489 laudatur
976 3436 1103 3491 cumlou
