2484 3817
282 197 362 244 uun.
380 198 469 245 uisu.
485 198 580 245 aaut.
596 196 701 250 o-to.
715 187 868 266 (ιθ-64.)
1004 188 1061 247 117

76 352 170 413 radice
180 350 325 433 testicnlis
339 351 438 427 simili,
455 354 494 411 ita
506 362 536 412 nt
546 354 638 413 maior
649 354 723 427 sive,
739 362 769 413 ut
786 354 874 433 aliqui
892 354 1004 432 dicunt,
1020 364 1062 415 te·

76 439 155 497 nuior
167 454 205 494 ex
221 443 371 511 aquaputa
384 437 491 495 excitet
504 436 658 510 libidinem,
672 437 831 497 minorsive
840 438 1063 499 molliorelacte

77 521 191 598 caprino
209 518 345 577 inhibeat.
376 519 489 596 quidam
504 520 576 579 lolio
594 519 696 579 scillae
713 538 779 579 esse
795 522 890 581 dicunt
903 523 1015 583 leviore
1027 541 1063 583 ae

76 606 200 678 minore,
216 601 302 660 caule
316 602 445 678 spinoso.
474 602 588 663 radices
605 612 707 664 sanant
724 606 784 663 oris
803 605 917 681 ulcera,
936 606 1063 667 thoracis

58 688 199 766 spituitas,
214 685 313 745 alvom
328 686 429 745 sistunt
443 704 460 745 e
475 688 541 746 uino
559 696 657 764 potae.
697 686 917 749 concitatricem
932 691 989 749 uim
1010 690 1058 751 ba·
1070 699 1105 755 96

75 770 120 831 bet
134 770 274 843 satyrion.
302 768 357 827 duo
378 771 440 828 cius
454 787 580 845 genera:
602 788 658 832 una
677 770 859 847 longioribus
877 772 957 833 loliis
979 790 1063 850 qnam
1155 834 1163 853 ,

76 854 168 930 oleae,
187 852 272 911 caule
287 861 421 931 quattuor
438 852 605 929 digitorum,
627 852 699 913 dore
715 872 878 932 purpureo,
898 854 996 915 radice
1011 874 1062 932 gc-

74 938 142 997 mina
156 935 194 999 ad
210 935 333 996 formam
349 934 471 995 hominis
486 938 598 996 testium
618 937 735 997 alternis
755 939 836 997 annis
855 940 1063 999 intumescente

76 1038 107 1080 ac
119 1019 279 1079 residente.
309 1018 399 1079 altera
416 1020 538 1093 satyrios
551 1019 647 1080 orchis
657 1023 876 1096 cognominatur
891 1030 920 1080 et
930 1022 1064 1081 laminam

46 1122 137 1163 inesse
152 1101 305 1162 creditum.
338 1102 519 1179 distinguitur
538 1102 707 1163 internodiis
723 1112 752 1163 et
770 1107 931 1165 ramosiore
948 1106 1063 1182 frutice,

74 1188 167 1247 radice
182 1186 298 1245 fascini.
335 1187 461 1245 nascitur
481 1186 546 1245 iere
569 1187 647 1247 iuxta
667 1204 755 1245 mare.
794 1188 867 1249 haec
884 1198 1011 1250 tumores
1034 1197 1064 1249 et

57 1273 136 1330 uitia
152 1269 278 1348 partium
290 1286 386 1327 earum
401 1288 465 1328 cum
476 1271 595 1348 polenta
610 1270 691 1329 inlita
708 1270 790 1331 sedat
808 1273 855 1332 vel
867 1291 921 1351 per
938 1290 971 1333 se
986 1274 1062 1333 trita.

73 1355 231 1432 superioris
245 1352 330 1412 radix
344 1353 373 1410 in
384 1352 460 1413 lacte
477 1353 540 1413 ovis
555 1352 706 1415 colonicae
726 1354 791 1414 data
807 1373 914 1417 neruos
932 1355 1061 1431 intendit,

73 1438 169 1498 eadem
181 1454 223 1495 en
236 1452 310 1512 aqna
321 1436 446 1495 remittit.

46 1543 66 1583 rs
130 1518 216 1599 (63.)
240 1517 344 1579 Graeci
359 1521 486 1593 satyrion
496 1521 574 1582 loliis
585 1520 627 1581 lili
637 1518 741 1598 rubris,
758 1520 912 1581 minoribus
927 1531 955 1581 at
969 1521 1059 1581 tribus
1070 1531 1103 1587 97

74 1622 127 1665 non
142 1602 269 1683 amplius
284 1620 301 1660 e
318 1612 395 1662 terra
411 1605 580 1666 exeuntibus
593 1604 722 1677 tradunt,
741 1604 823 1663 caule
839 1604 912 1679 levi,
935 1604 1060 1680 cubitali,

73 1688 161 1764 nndo,
188 1685 292 1746 radice
310 1687 440 1763 gemina,
469 1688 549 1747 cuius
571 1688 692 1746 inierior
713 1704 782 1762 pars
809 1694 839 1745 et
858 1690 948 1745 maior
975 1689 1062 1746 maris

73 1773 181 1848 gignat,
197 1771 334 1847 superior
346 1787 382 1829 ac
396 1771 489 1829 minor
499 1771 629 1830 laminas.
657 1778 686 1827 et
700 1768 775 1828 allud
789 1786 882 1844 genus
896 1769 984 1843 satyri
998 1786 1062 1842 cry·

72 1855 202 1914 tbraicon
217 1852 377 1931 appellant,
393 1854 501 1912 semine
518 1854 612 1911 viticis
630 1852 750 1928 maiore,
765 1850 838 1925 levi,
855 1850 941 1927 duro,
958 1851 1062 1913 radicis

41 1939 184 1997 accortice
203 1937 267 1996 rulo
291 1938 366 1995 intus
388 1935 484 1997 album
504 1935 627 2009 includi,
659 1952 765 2013 sapore
792 1932 930 1995 subdulce
949 1935 1014 1995 iere
1035 1936 1062 1994 in

73 2019 231 2079 montuosis
245 2020 376 2080 inveniri.
407 2038 552 2096 venerem,
575 2020 686 2079 etiamsi
702 2020 815 2078 omnino
831 2020 912 2079 mand
929 2027 1105 2085 teneatnr98

72 2103 331 2179 radix,stimulari,
353 2103 425 2163 adeo
449 2104 473 2162 si
492 2102 605 2162 bibatur
627 2104 655 2161 in
676 2102 743 2161 vino
766 2112 898 2178 austero,
923 2102 1061 2162 arietibus

73 2204 188 2265 quoque
203 2194 233 2245 et
245 2185 335 2245 hircis
347 2186 529 2263 segnioribus
540 2188 569 2245 in
583 2196 653 2265 potu
668 2185 739 2263 dari,
757 2195 812 2245 eta
827 2187 965 2245 Sarmatia
981 2187 1062 2264 cquis

8 2259 9 2278 ¹
74 2269 109 2329 ob
126 2269 277 2329 adsiduum
293 2269 423 2331 laborem
442 2269 617 2348 pigrioribus
638 2270 665 2327 in
684 2269 775 2345 coitu,
791 2267 867 2347 quod
883 2271 979 2329 uitium
994 2288 1061 2348 pro·

44 2353 218 2413 esedamum
232 2361 346 2413 uocant.
377 2355 527 2430 restinguit
542 2354 599 2412 rim
612 2354 674 2411 eius
690 2370 762 2429 aqua
775 2352 865 2411 mulsa
885 2362 933 2413 aut
950 2352 1060 2413 lactuca

76 2448 195 2515 sumpta.
223 2437 254 2495 in
273 2445 361 2497 tntum
380 2437 493 2515 quidem
516 2435 635 2512 Graeci,
660 2453 723 2495 cum
747 2435 963 2495 concitationem
985 2434 1103 2499 habebit

74 2520 174 2579 uolunt
188 2519 364 2596 significare,
378 2521 505 2594 satyrion
517 2518 673 2597 appellant,
690 2520 732 2577 sic
748 2528 777 2577 ct
792 2521 939 2595 crataegin
951 2533 1060 2592 cogno·

73 2604 211 2663 minantes
235 2611 266 2661 et
287 2602 465 2680 thelygonon
495 2612 525 2663 et
549 2602 790 2678 arrhenogonon,
817 2619 934 2678 quarum
961 2618 1061 2660 semen

71 2689 186 2747 matium
204 2686 298 2745 simile
316 2696 370 2745 est.
396 2685 546 2759 Tithymali
562 2703 679 2765 quoque
693 2702 833 2745 ramorum
848 2684 998 2746 medullam
1012 2682 1060 2741 ha·

42 2768 175 2829 tabentes
190 2769 228 2829 ad
244 2786 379 2828 venerem
394 2771 545 2846 proniores
561 2770 624 2829 lieri
641 2768 781 2827 dicuntur.
807 2768 974 2846 prodigiosa
998 2773 1062 2823 sunt
1106 2827 1110 2835 ,

72 2871 144 2930 qnae
166 2855 247 2913 circa
269 2852 327 2911 boe
350 2852 434 2913 tradit
454 2852 687 2930 Theophrastus,
706 2860 807 2911 auctor
823 2851 930 2928 alioqui
952 2849 1061 2925 gravis,

72 2944 255 3013 septuageno
273 2936 350 2994 coitu
370 2934 488 2995 durasse
509 2935 656 2995 libidinem
680 2943 812 2994 contactu
833 2933 941 2993 herbae
968 2931 1060 2990 cuius·

71 3017 133 3079 daun
147 3020 231 3079 cuins
246 3035 351 3078 nomen
364 3037 513 3097 genusque
528 3037 585 3079 non
603 3018 707 3095 posuit.

134 3102 221 3180 (64.)
244 3101 377 3161 Sideritis
397 3102 550 3177 adalligata
565 3101 679 3161 varices
690 3101 787 3159 minuit
806 3106 835 3157 et
855 3097 916 3155 sine
935 3095 1038 3155 dolore
1050 3108 1102 3160 loo

43 3194 210 3259 sspraestat.
236 3184 392 3259 Podagrae
412 3184 528 3244 morbus
549 3185 643 3245 rarior
666 3181 780 3241 solebat
807 3197 873 3239 esse
898 3196 953 3237 non
974 3179 1059 3241 modo

73 3276 183 3342 patrum
199 3285 377 3344 avorumque
391 3267 535 3341 memoria,
548 3284 647 3325 rernm
663 3267 746 3324 etiam
760 3272 874 3338 nostra,
890 3264 1059 3339 peregrinus

73 3352 192 3429 etipse.
219 3370 283 3412 nam
300 3352 325 3409 si
340 3350 440 3411 ltaliae
456 3352 558 3410 luisset
572 3348 741 3425 antiquitus,
757 3346 882 3405 Latinum
899 3362 1002 3405 nomen
1017 3344 1058 3403 in-

73 3437 212 3495 venisset.
242 3434 410 3497 insanabilis
432 3451 489 3494 non
505 3440 550 3491 est
565 3430 742 3502 credendus,
760 3428 867 3505 quippe
886 3428 1016 3505 quoniam
1030 3435 1059 3481 et
