2484 3817
332 182 411 231 aar.
427 181 517 236 arsa,
534 180 656 231 xxvm.
671 182 698 237 8.
721 177 869 247 (td—tt.)
1040 178 1099 239 173

109 356 150 399 ex
165 354 241 415 equo
257 334 401 397 hominem
414 337 564 399 decidere.
593 339 662 397 atsi
676 339 705 398 in
720 337 832 400 laevam
847 338 1014 416 detorserit,
1030 340 1101 405 deil-

109 422 214 483 cientis
229 430 425 497 argumentum
441 439 509 481 esse
522 420 709 499 celeremque
724 432 881 499 capturam.
917 423 1032 485 iacilius
1050 442 1099 485 an·

107 513 168 565 tem
190 504 270 582 capi,
296 505 321 563 si
342 505 452 564 cinctos
473 521 543 566 suos
563 514 686 565 venator
707 505 910 584 flagellumque
931 508 1101 585 imperitans

107 603 186 666 equo
202 588 332 666 septenis
345 587 518 663 adligaverit
531 588 627 648 nodis.
656 604 743 665 mox,
766 598 797 648 at
814 598 859 649 est
876 588 983 650 sollcrs
999 590 1095 651 amba·
1107 600 1142 657 os

84 670 194 747 sgibns
207 670 319 729 vanitas
329 670 489 747 Magorum,
506 672 571 749 capi
580 670 680 731 iubent
692 672 871 748 geminorum
884 674 996 748 signnm
1010 682 1100 733 traus-

107 762 194 815 eunte
214 753 281 815 luna
302 753 492 831 singulosque
512 770 608 832 prope
628 754 704 832 pilos
725 756 846 815 servari.
881 756 985 833 capitis
1006 756 1102 816 dolori

106 837 254 914 inligatam
273 844 367 897 cutem
386 836 528 915 prodesse
542 851 616 914 quae
633 837 762 897 fueritin
778 838 872 916 capite
887 838 959 897 eius.
985 838 1101 917 lippitu-

107 920 164 980 dini
181 919 223 979 iel
239 919 349 979 inlitum
364 919 506 979 frontibus
520 929 577 995 aut,
594 938 632 979 ne
650 922 765 982 omniuo
780 921 933 1000 lippiatur,
948 920 1103 981 decoctum

108 1022 172 1065 cum
185 1002 283 1062 mellis
297 1001 386 1062 satiet
402 1002 512 1077 cyathis
527 1003 619 1063 tribas
637 1012 667 1063 et
681 1004 761 1064 croci
775 1006 860 1065 nucia
874 1004 1035 1079 inunctum,
1057 1005 1103 1065 sic

76 1096 138 1147 rcet
151 1087 294 1162 caligines
311 1086 414 1145 discuti
429 1094 458 1145 ct
473 1086 668 1147 subfusiones.
693 1088 850 1147 claritatem
866 1089 986 1147 excitari
999 1087 1143 1153 melius95

107 1172 272 1230 inveterato
292 1169 519 1247 medicamento,
539 1169 689 1230 adservari
707 1172 842 1230 antemio
858 1169 965 1249 Cypria
983 1170 1101 1250 pyxide.

108 1254 211 1315 eodem
228 1253 323 1312 sanari
338 1270 465 1328 argema,
480 1253 643 1329 scabritias,
659 1254 902 1313 excrescentium
914 1254 1018 1332 oculis,
1033 1256 1103 1315 itera

108 1338 280 1411 cicatrices,
296 1334 476 1412 glaucomata
498 1354 571 1396 vero
585 1338 713 1397 recentis
730 1338 868 1398 iocineris
883 1338 1001 1398 inassati
1020 1338 1101 1398 sanie

108 1438 170 1481 com
193 1418 367 1496 despumato
388 1418 476 1478 melle
500 1421 633 1487 inunctis.
662 1419 755 1481 dentis
772 1421 834 1481 eins
848 1419 973 1481 dentium
992 1420 1101 1482 dolori·

77 1503 160 1565 rsbns
174 1510 253 1562 tactu
275 1501 419 1580 prodesse
439 1502 486 1561 vel
500 1502 644 1580 adligatos
665 1504 781 1580 ordine,
803 1521 918 1563 umeros
938 1520 1102 1569 umerorum

107 1596 137 1646 et
149 1587 329 1646 lacertorum
343 1584 502 1645 doloribus.
529 1586 658 1645 eiusdem
670 1588 772 1664 dentis,
787 1588 812 1645 si
827 1586 864 1647 de
879 1587 994 1646 sinistra
1009 1596 1102 1666 parte,

107 1671 245 1747 inligatos
260 1669 380 1747 pecoris
399 1678 448 1728 aut
469 1671 550 1747 capri
570 1670 651 1745 pelle
667 1669 807 1729 stomachi
822 1667 1006 1727 cruciatibus.
1037 1668 1098 1747 pul·
1109 1675 1146 1733 96

106 1769 208 1813 mones
229 1752 259 1809 in
284 1751 350 1810 cibo
374 1761 502 1829 sumptos
517 1751 672 1825 coeliacis,
700 1750 869 1811 ventriculis
890 1751 1016 1809 cinerem
1038 1768 1102 1811 cum

110 1837 178 1896 oleo
199 1834 325 1908 inlitum,
355 1836 453 1895 nervis
470 1834 610 1893 medullas
634 1852 651 1891 e
671 1834 762 1893 dorso
778 1850 841 1893 oum
861 1832 930 1893 oleo
945 1842 1046 1893 vetere
1067 1849 1103 1893 ac

76 1937 103 1975 so
113 1918 193 1995 telle,
212 1916 343 1977 febribus
359 1918 504 1996 quartanis
517 1918 598 1977 iocor
612 1917 793 1992 degustatum
814 1924 859 1976 ter
873 1924 939 1975 ante
954 1916 1101 1977 accessio·

9 2055 10 2070 ,
112 2019 180 2077 nes,
196 1999 333 2078 podagris
347 2002 455 2078 spinae
465 2002 591 2060 cinerem
605 2018 668 2060 cura
683 2000 778 2076 liugas
801 2008 830 2061 et
848 1998 952 2060 dextro
967 1998 1043 2079 pede
1059 2000 1102 2059 vi·

9 2121 10 2134 κ
110 2084 161 2145 tuli
176 2084 274 2143 marini
289 2083 386 2144 addito
402 2084 474 2144 ielle
488 2084 611 2160 taurino,
630 2084 723 2143 omnia
738 2084 846 2162 pariter
860 2090 944 2142 cocta
960 2094 1046 2161 atque
1060 2084 1102 2143 ia·

110 2169 160 2229 lita
180 2167 312 2241 hyaenae
333 2167 422 2246 pelle.
451 2168 480 2226 iu
506 2166 608 2227 eodem
633 2166 734 2228 morbo
758 2166 904 2245 prodesse
923 2175 953 2227 ct
971 2166 1014 2227 iel
1037 2184 1101 2228 cunr

109 2250 206 2330 lapide
223 2250 322 2310 Assio.
350 2252 492 2326 tremulis,
508 2252 655 2329 spasticis,
671 2249 869 2311 exsilientibus
886 2257 915 2309 ct
927 2250 1031 2327 quibus
1047 2268 1099 2311 cor
1109 2259 1143 2316 97

78 2357 104 2395 as
111 2335 235 2413 palpitet
248 2332 357 2413 aliquid
375 2352 412 2393 ex
428 2333 518 2393 corde
533 2343 647 2394 coctum
666 2332 853 2393 mandendum
869 2334 908 2391 ita
922 2343 954 2393 ut
969 2334 1102 2411 reliquae

111 2419 202 2495 partis
216 2417 289 2477 cinis
311 2434 374 2475 cura
394 2416 518 2477 cerebro
536 2418 666 2492 hyaenae
681 2417 824 2477 inlinatur.
856 2415 933 2494 pilos
948 2418 1032 2477 etiam
1054 2433 1102 2475 au·

109 2501 182 2561 ierri
196 2499 253 2559 hac
279 2502 482 2577 conpositione
509 2501 589 2561 inlita
604 2509 653 2561 aut
667 2518 721 2579 per
738 2518 771 2559 se
789 2499 877 2575 lelle,
900 2500 1008 2559 evolsis
1022 2499 1102 2576 prius

109 2600 184 2663 quos
195 2584 312 2643 renasci
325 2599 382 2642 non
397 2583 496 2644 libeat.
525 2585 569 2643 sio
589 2593 618 2643 et
638 2582 788 2663 palpebris
808 2582 914 2645 inutilis
929 2581 1003 2641 tolli.
1032 2580 1102 2639 luru-

108 2667 210 2727 boram
228 2665 376 2727 doloribus
393 2668 488 2726 caruis
502 2684 520 2725 e
535 2666 638 2727 lambis
654 2666 781 2727 edendas
802 2665 1019 2742 inlinendasque
1039 2680 1103 2723 curu

77 2751 189 2811 molen.
213 2749 394 2819 sterilitatem
403 2750 552 2809 mulierum
566 2751 712 2809 emendari
731 2749 816 2809 oculo
828 2766 899 2809 cunr
919 2746 1103 2823 glycyrrhiza

110 2841 140 2893 et
154 2842 243 2892 aneto
265 2841 376 2909 snrnpto
395 2834 424 2893 iu
445 2832 529 2909 cibo,
550 2834 695 2913 promisso
715 2833 787 2895 intra
806 2831 926 2892 triduum
948 2837 1101 2908 conceptu.

109 2924 213 2978 contra
237 2925 397 2975 nocturnos
425 2933 550 2995 pavores
579 2914 799 2994 umbrarumque
819 2922 961 2973 terrorem
984 2930 1055 2971 unus
1083 2922 1145 2978 e98

108 3000 222 3076 magnis
236 2998 369 3058 dentibus
384 2998 442 3058 lino
456 2999 597 3075 adligatus
608 3016 780 3059 succurrere
794 3004 932 3055 narratur.
959 2994 1049 3055 suihri
1059 2996 1102 3055 iu·

108 3084 200 3143 rentis
215 3082 320 3141 eodem
335 3090 365 3140 et
380 3083 570 3157 circumligari
586 3090 652 3141 ante
667 3092 770 3160 pectus
782 3095 862 3140 suum
878 3095 941 3138 cum
957 3078 1041 3157 adipe
1056 3096 1102 3137 re·

9 3223 10 3230 ,
80 3170 187 3226 eninm
204 3175 254 3225 aut
276 3165 405 3225 iocinere
426 3173 474 3224 aut
495 3164 573 3241 pelle
592 3165 781 3243 praecipiunt.
812 3161 925 3221 mulieri
943 3162 1062 3223 candida
1086 3180 1102 3221 a

111 3260 235 3328 pectore
252 3250 384 3323 hyaenae
400 3265 468 3307 caro
485 3256 514 3305 et
529 3248 580 3323 pili
594 3255 706 3325 septem
724 3256 753 3306 et
768 3243 895 3321 genitale
911 3247 1001 3320 cervi,
1021 3246 1045 3304 si
1060 3246 1100 3305 ia-

111 3334 239 3411 ligentnr
252 3330 389 3391 dorcadis
403 3331 494 3407 pelle,
510 3329 587 3390 collo
602 3346 743 3406 suspensa
761 3330 909 3387 continere
922 3338 1019 3406 partus
1035 3346 1101 3404 pro·

110 3420 267 3478 mittuntur.
291 3431 428 3475 venerem
439 3412 585 3474 stimulare
595 3412 732 3489 genitalia
746 3411 781 3471 ad
794 3428 881 3471 sexus
892 3429 960 3471 suos
975 3414 1003 3471 in
1014 3412 1100 3471 melle
1109 3419 1143 3474 99
