2484 3817
345 238 425 285 aar.
441 236 532 285 mer.
547 238 648 287 xxm.
671 228 695 286 l.
714 228 866 306 (nn-nt.)
1066 233 1103 291 ll

103 408 176 449 nunna
200 393 344 468 sentiant,
377 392 578 468 dysintericis,
605 393 789 453 sudatoribus
814 395 938 471 elonga
961 398 1051 470 tussi,
1076 398 1107 455 in

104 474 258 552 epiphoris
282 492 433 534 meracum.
476 475 615 535 cardiacis
641 478 671 535 in
696 494 813 535 mamma
838 478 922 538 laeva
945 496 1055 537 merum
1073 481 1149 543 ints

103 575 237 636 spongea
266 560 364 636 inponi
397 558 534 635 prodest,
566 559 601 619 ad
631 562 724 619 omnia
739 553 838 619 'autem
860 579 991 621 maxume
1011 561 1107 621 alburn

103 644 334 701 inveterascens.
365 642 477 701 utiliter
492 651 523 702 ct
537 642 654 702 louetnr
668 645 736 702 vino
752 643 845 704 calido
862 645 983 704 virilitas
997 647 1105 705 iumen·

82 724 160 799 stis,
187 724 287 784 infuso
307 742 398 785 cornu
418 724 616 785 lassitudinem
635 726 760 800 auferri,
781 727 878 785 simias
900 728 1105 806 quadripedes·

103 824 160 885 qne
176 807 282 884 quibus
298 807 380 885 digiti
398 816 464 867 sunt
480 817 586 885 negant
605 826 744 869 crescere
759 809 894 869 adsuetas
908 811 981 870 meri
999 819 1079 887 potu.

164 890 248 969 (24.)
278 889 360 951 Nunc
383 894 459 951 circa
480 893 678 969 aegritudines
701 910 797 952 sermo
812 893 849 951 de
865 894 939 953 vinis
955 895 1019 953 crit.
1051 893 1146 957 Sa-ts

100 973 289 1035 lubcrrimnm
305 974 467 1035 liberaliter
478 978 587 1052 genitis
601 973 773 1053 Campaniae
785 977 985 1053 quodcumque
997 979 1106 1035 tenuis·

100 1060 221 1133 simum,
240 1056 331 1135 volgo
353 1075 426 1118 vero
447 1058 524 1135 quod
541 1076 684 1136 quemque
701 1076 832 1119 maxume
847 1061 955 1118 iuvent
971 1059 1102 1118 validum.

68 1140 285 1200 routilissimum
310 1141 440 1201 omnibus
462 1159 548 1201 sacco
565 1141 676 1202 viribus
692 1143 800 1201 fractis.
829 1144 1042 1202 meminerimus
1059 1160 1106 1200 su·

99 1242 164 1283 curn
189 1242 259 1283 esse
280 1226 328 1302 qui
350 1224 492 1284 fervendo
515 1227 587 1283 viris
608 1243 625 1284 e
645 1233 740 1284 musto
763 1226 819 1284 sibi
841 1226 956 1285 lecerit.
985 1226 1103 1285 misceri

97 1306 183 1385 plura
195 1324 308 1383 genera
321 1306 451 1368 omnibus
462 1307 572 1367 inutile.
600 1304 819 1368 saluberrimum
829 1310 875 1368 cui
887 1308 958 1367 nihil
970 1310 1000 1368 in
1010 1316 1103 1368 musta

98 1390 226 1449 additura
247 1399 310 1467 est,
338 1392 515 1468 meliusque,
544 1393 569 1450 si
589 1410 645 1451 neo
663 1393 741 1450 vasis
762 1393 813 1469 pix
829 1391 926 1451 adfuit.
960 1410 1102 1451 marmore

99 1476 176 1533 enim
201 1481 232 1532 et
257 1491 352 1552 gypso
375 1482 423 1533 ant
447 1473 527 1533 calce
549 1476 664 1535 condita
685 1476 749 1553 quis
770 1492 827 1534 non
843 1484 874 1534 et
887 1474 998 1534 validus
1014 1492 1102 1552 expa-

66 1553 197 1616 reverit?
223 1558 254 1615 in
276 1558 374 1635 primis
389 1560 477 1635 igitur
493 1558 590 1617 vinnm
604 1559 711 1617 marina
726 1575 799 1635 aqua
815 1558 920 1617 iactum
935 1557 1038 1617 inutile
1053 1567 1145 1623 est46

99 1639 271 1716 stomacho,
286 1642 403 1717 nervis,
418 1641 543 1701 vesicae.
574 1642 672 1701 resina
687 1641 802 1700 condita
817 1641 930 1716 frigidis
946 1640 1101 1699 stomachis

97 1724 181 1783 utilia
199 1725 416 1800 existimantur,
439 1741 496 1783 non
515 1724 656 1802 expedire
670 1723 894 1798 vomitionibus,
917 1725 991 1781 sicut
1004 1740 1101 1800 neque

96 1814 223 1865 mustum
237 1823 333 1884 neque
349 1824 418 1884 sapa
431 1824 525 1884 neque
541 1824 664 1885 passum.
696 1806 841 1864 novicium
855 1806 1013 1863 resinatum
1029 1805 1100 1864 nulli

3 1896 5 1933 ¹
99 1882 254 1965 conducit,
270 1891 384 1969 capitis
405 1889 537 1949 dolorem
555 1899 585 1949 et
606 1890 770 1964 vertigines
788 1888 873 1963 iacit,
898 1888 934 1946 ab
954 1886 1010 1946 hoc
1025 1887 1101 1947 dicta

64 1970 224 2048 rocrapula
243 1980 293 2032 est.
325 1973 516 2032 tussientibus
541 1982 572 2033 et
593 1973 624 2031 in
644 1971 848 2031 rheumatismo
873 1972 1016 2030 nominata
1034 1988 1101 2047 pro·

102 2062 189 2130 sunt,
213 2055 278 2114 item
291 2056 430 2116 coeliacis
448 2064 479 2115 et
494 2055 698 2132 dysintericis,
719 2054 870 2114 mulierum
884 2055 1040 2114 mensibus.
1059 2056 1102 2114 in

100 2138 160 2197 hoc
189 2154 299 2214 genere
326 2139 442 2199 rubrum
467 2140 616 2215 nigrumve
639 2139 732 2215 magis
754 2140 928 2214 constringit
949 2140 1101 2216 magisque

100 2221 244 2281 calefacit.
266 2224 448 2282 innocentius
466 2224 531 2300 pice
553 2222 615 2282 sola
633 2222 786 2281 conditum.
819 2222 871 2281 sed
887 2230 918 2281 et
934 2223 1028 2299 picem
1041 2239 1101 2279 me·

100 2306 220 2364 minisse
247 2304 386 2365 debemus
411 2323 469 2365 non
495 2305 570 2365 aliud
595 2324 664 2365 esse
690 2322 773 2382 quam
794 2305 962 2365 combustae
983 2306 1100 2365 resinae
1159 2334 1164 2341 ·

68 2387 215 2447 ttllnxunn
249 2385 311 2447 lloc
333 2406 425 2465 genus
443 2390 502 2447 vini
520 2389 688 2464 excalfacit,
709 2390 881 2464 concoquit,
903 2396 1025 2466 purgat,
1046 2397 1142 2464 pte-4⁷

98 2472 193 2547 otori,
211 2473 306 2530 ventri
321 2471 409 2547 utile,
429 2474 499 2530 item
514 2472 663 2531 volvarum
679 2471 793 2548 dolori,
811 2472 836 2529 si
852 2472 917 2530 sine
933 2471 1017 2529 febre
1032 2471 1100 2544 sint,

101 2556 195 2614 veteri
211 2554 433 2630 rheumatismo,
455 2554 682 2630 exulcerationi,
702 2556 813 2631 ruptis,
828 2552 995 2625 convolsis,
1010 2554 1101 2609 vomi·

101 2640 160 2714 cis,
178 2654 336 2697 nervorum
350 2638 516 2714 infirmitati,
527 2637 741 2713 inflationibus,
756 2639 841 2712 tussi,
852 2633 1100 2708 anhelationibus,

3 2706 5 2785 l
100 2720 208 2779 luxatis
234 2721 265 2779 in
288 2721 386 2780 sucida
408 2721 473 2781 lana
497 2723 660 2798 inpositum.
690 2720 726 2778 ad
745 2722 839 2779 omnia
861 2720 932 2779 haee
953 2717 1051 2777 utilius
1071 2715 1099 2774 id

3 2810 4 2869 j
66 2803 179 2881 acquod
200 2810 307 2881 sponte
330 2813 447 2864 naturae
463 2822 533 2864 suae
548 2804 643 2883 picem
658 2802 762 2880 resipit
777 2805 959 2881 picatumque
973 2797 1101 2877 appella·

3 2910 4 2925 ε
100 2896 148 2946 tur
165 2885 322 2946 Helvetico
344 2888 373 2945 in
389 2904 479 2964 agro,
499 2905 557 2965 quo
573 2895 669 2946 tamen
681 2887 772 2985 pimio
787 2895 872 2964 caput
883 2884 1017 2962 temptari
1031 2898 1099 2940 con·

3 2936 5 3027 l
98 2970 190 3029 venit.
226 2969 304 3045 quod
326 2970 361 3028 ad
385 2971 507 3030 febrium
523 2969 696 3030 valitudines
719 2971 822 3029 attinet
841 2978 952 3028 certum
973 2973 1021 3025 est
1038 2976 1143 3029 nont&

100 3052 224 3112 dandum
249 3052 280 3110 in
307 3052 383 3112 icbri
409 3056 465 3114 nisi
490 3053 642 3115 veteribus
661 3054 760 3129 aegris
782 3070 837 3112 nec
858 3052 913 3110 nisi
938 3047 1100 3109 declinante

3 3172 4 3219 q
101 3135 223 3211 morbo,
246 3135 277 3192 in
293 3138 381 3196 acutis
398 3155 469 3197 vero
483 3136 621 3216 periculis
636 3135 722 3194 nullis
738 3137 792 3195 nisi
810 3135 857 3211 qui
874 3134 1039 3193 manifestas
1053 3149 1101 3189 re·

67 3220 261 3278 ttruissiones
285 3216 424 3298 habeant,
453 3228 484 3280 et
504 3218 555 3279 has
571 3226 659 3278 noctu
672 3219 788 3295 potius,
813 3216 925 3275 dimidia
941 3217 1016 3275 enim
1033 3230 1100 3291 pars

103 3300 228 3379 periculi
250 3308 299 3360 est
320 3312 423 3379 noctu,
449 3303 506 3362 hoc
526 3311 572 3363 cst
592 3319 647 3380 spo
666 3303 775 3375 somni,
800 3298 984 3375 bibentibus,
1009 3312 1101 3355 neca

105 3392 189 3461 partu
211 3384 356 3445 abortuve
377 3404 432 3445 neo
453 3405 470 3446 a
487 3386 606 3446 libidine
621 3384 858 3459 aegrotantibus,
883 3384 982 3442 necin
996 3378 1099 3455 capitis

106 3466 269 3543 doloribus,
284 3484 339 3527 nec
353 3486 474 3546 quorum
490 3472 675 3531 accessiones
690 3466 876 3541 cnmdrigore
888 3462 1101 3525 extremitatum
