2484 3817
139 213 186 276 aa
498 215 804 268 c.rnm1srrcuxor

147 385 248 437 contra
270 372 443 453 scorpiones
462 372 569 433 bibitur
588 371 672 432 radix
685 388 749 430 cnm
774 377 839 429 rota
857 387 896 430 cx
920 385 1011 450 aqna,
1037 389 1141 449 magra

143 459 334 520 amaritudine
349 457 401 516 sed
417 457 523 518 ellectu
538 457 610 534 pari.

104 554 156 608 aab
218 541 300 622 (75.)
316 540 528 620 'thelyphonon
547 538 637 597 herba
656 537 693 597 ab
707 536 771 596 aliis
783 538 921 616 scorpion
937 547 1058 597 vocatur
1074 555 1142 616 pro·

148 635 213 704 pter
228 624 436 685 similitudinem
451 623 557 683 radicis
583 624 663 680 cuius
680 629 757 680 tactu
779 622 936 680 moriuntur
958 623 1141 701 scorpiones.

146 711 244 786 itaque
259 716 358 767 contra
377 725 476 767 eorum
492 709 566 765 ictus
582 704 751 764 bibitur.-
764 706 948 783 scorplonenr
962 713 1101 763 momorum
1116 707 1167 763 sis

148 793 211 868 quis
225 790 378 851 helleboro
395 789 516 850 candido
533 788 612 862 linat,
630 789 816 847 revivescere
828 789 915 846 aiunt.
929 821 974 832 --
987 787 1142 866 thelypho-

146 891 204 933 non
233 891 346 934 omnem
368 872 574 952 quadripedem
595 880 682 930 necat
713 871 837 949 inposita
868 870 1004 931 verendis
1031 869 1143 945 radice,

146 958 217 1016 lolio
231 957 344 1035 quidem
361 958 434 1015 intra
456 955 576 1014 eundern
591 953 682 1028 diem,
705 953 781 1031 quod
803 963 848 1013 est
861 953 954 1013 simile
971 953 1142 1028 cyclamino.

146 1044 209 1117 ipsa
225 1040 390 1117 geniculata
404 1039 530 1098 nuscitur
551 1040 580 1096 t'n
604 1037 716 1116 opacis.
745 1037 956 1115 scorpionibus
974 1036 1144 1095 adversatur

146 1133 175 1182 et
191 1125 365 1184 vettonicae
381 1139 467 1181 sucus
485 1139 520 1180 ac
537 1121 722 1200 plantaginis.
1151 1143 1178 1182 ,ο

105 1218 157 1271 123
221 1203 302 1286 (76.)
325 1205 396 1263 Sunt
412 1213 442 1263 et
455 1207 532 1264 ranis
551 1221 672 1277 venena,
686 1201 825 1268 rubetinis
841 1219 989 1277 mantne,
1007 1202 1143 1261 vidimus·

147 1307 203 1368 que
228 1287 344 1360 Psyllos
375 1289 404 1346 in
429 1288 586 1346 certamine
610 1287 724 1364 patinas
751 1286 936 1345 candefactus
960 1285 1144 1360 admittentis,

147 1373 249 1430 ociore
264 1372 348 1429 etiam
364 1387 448 1446 quarn
464 1370 594 1448 aspidum
611 1369 754 1448 pernicie.
784 1369 935 1428 auxiliatur
949 1369 1092 1448 phrynion
1114 1371 1143 1427 in
1238 1420 1239 1425 ,

146 1456 214 1513 vino
229 1461 307 1530 pota.
337 1453 425 1530 aliqui
446 1453 571 1512 neurada
595 1451 760 1530 appellant,
784 1452 833 1510 alii
848 1453 1000 1529 poterion,
1022 1451 1143 1512 lloribns

107 1538 281 1614 insparsis,
305 1535 449 1596 radicibus
470 1536 582 1611 multis,
605 1537 756 1611 nervosis,
777 1534 853 1594 bene
875 1535 1028 1594 olentibus.
1059 1536 1180 1614 (77.)1s

147 1622 215 1678 item
247 1619 363 1694 alisma,
397 1636 480 1697 quam
513 1619 561 1679 alii
595 1618 806 1694 damasonion,
845 1618 894 1678 alii
924 1619 1008 1693 lyron
1040 1618 1144 1698 appel·

147 1704 215 1762 lant.
249 1703 318 1762 lolia
341 1701 423 1762 ¹erant
440 1703 630 1782 plantaginis,
651 1703 705 1760 nisi
727 1703 893 1779 angustiora
916 1709 1014 1761 esseut
1033 1710 1063 1761 et
1084 1720 1144 1761 ma·

147 1787 192 1862 gis
209 1786 349 1846 laciniosa
366 1803 556 1863 convexaque
573 1789 602 1844 in
617 1795 740 1860 terram,
755 1786 827 1844 alias
842 1787 927 1846 etiarn
938 1801 1049 1844 venosa
1066 1786 1145 1843 sinni-

148 1871 222 1939 liter,
241 1870 324 1928 caule
339 1871 463 1950 simplici
480 1878 508 1928 et
522 1871 611 1944 tenui,
628 1867 754 1944 cubitali,
770 1871 866 1948 capite
881 1869 981 1944 thyrsi,
997 1867 1146 1928 radicibus

148 1953 255 2026 densis,
272 1952 405 2011 tenuibus
421 1963 450 2011 ut
462 1954 569 2012 veratri
580 1953 665 2028 nigri,
681 1952 806 2027 acribus,
821 1952 961 2023 odoratis,
977 1951 1180 2028 pinguibusao

107 2045 157 2102 125
169 2036 296 2093 nascitur
308 2036 335 2091 in
347 2037 474 2112 aquosis.
490 2035 611 2094 alterurn
624 2053 718 2111 genus
733 2034 860 2094 eiusdem
873 2037 901 2094 in
912 2035 1003 2112 silvis,
1018 2036 1143 2112 nigrius,

147 2115 301 2176 maioribus
317 2115 404 2175 loliis.
437 2135 504 2176 usus
523 2118 552 2174 iu
567 2117 668 2176 radice
683 2120 831 2194 utriusque
852 2117 992 2177 adversus
1012 2135 1099 2178 ranas
1113 2126 1145 2176 et

147 2201 268 2276 lepores
286 2200 412 2258 marinos
428 2199 580 2258 drachmae
591 2197 726 2276 pondere
741 2200 770 2256 in
783 2200 841 2257 vini
857 2208 936 2277 potu.
975 2201 1069 2278 lepori
1083 2217 1143 2260 ma·

147 2283 211 2339 rino
227 2280 397 2340 adversatur
414 2291 443 2340 et
460 2280 647 2355 cyclaminos.
678 2282 781 2340 venem
795 2284 852 2340 rim
868 2284 948 2341 canis
964 2301 1080 2360 qnoque
1095 2301 1143 2342 ra·

147 2363 205 2422 bidi
222 2381 335 2423 morsus
354 2363 474 2439 habent,
498 2370 597 2423 contra
612 2380 687 2441 quos
701 2366 755 2422 erit
776 2365 997 2441 cynorrhodon,
1022 2367 1060 2426 de
1080 2384 1181 2444 quoas

117 2467 139 2502 a
151 2475 180 2509 η.
199 2447 331 2506 diximus.
375 2446 514 2524 plantago
537 2453 566 2506 et
587 2447 624 2506 ad
645 2449 737 2506 omnis
757 2447 913 2508 bestiarum
941 2453 1055 2509 morsu's
1069 2459 1141 2529 pota

148 2541 234 2610 atquc
249 2531 328 2590 inlita
347 2530 476 2608 prodest,
492 2532 648 2590 Vettonica
666 2549 704 2590 ex
716 2549 798 2591 mero
815 2542 925 2592 vetere.

106 2625 157 2679 126
220 2612 304 2692 (78.)
321 2613 503 2672 Peristereos
520 2623 648 2676 uocatur¹
662 2615 745 2674 caule
764 2616 823 2676 alto
844 2616 964 2689 loliato,
994 2616 1143 2675 acumine

148 2700 177 2756 in
198 2696 272 2756 alios
294 2696 385 2755 caulis
400 2715 432 2756 se
453 2713 618 2774 spargens,
644 2697 785 2758 columbis
813 2698 961 2760 admodum
981 2697 1142 2776 humiliaris,

148 2780 223 2840 unde
239 2787 269 2838 ct
282 2796 394 2839 nomen.
412 2780 486 2839 hauc
505 2779 638 2840 habentis
652 2791 759 2857 uagam
773 2783 870 2842 latrari
884 2801 900 2841 a
916 2781 1043 2841 canibus.
1078 2782 1082 2794 '
1149 2799 1181 2840 ao

106 2873 156 2929 127
222 2862 305 2941 (79.)
327 2863 468 2923 Proxuma
488 2863 635 2923 hiemalis
654 2881 765 2922 venena
789 2871 855 2922 sunt
877 2881 952 2941 qnae
968 2865 1142 2942 sibimetipsi

147 2947 277 3007 homines
292 2949 468 3022 excogitant.
498 2955 595 3005 contra
612 2945 685 3004 haec
700 2945 794 3004 omnia
804 2948 990 3027 magicasque
1000 2950 1071 3009 artis
1086 2949 1144 3007 erit

147 3033 267 3108 primurn
281 3029 350 3088 illud
364 3030 548 3090 llomericum
566 3028 659 3102 moly,
682 3027 748 3086 dein
762 3027 933 3090 ttttmtduta
950 3041 980 3091 et
993 3032 1143 3091 scordotis

149 3122 178 3173 et
194 3115 379 3172 centaurium.
409 3112 479 3172 l'otu
495 3113 589 3170 omnia
604 3111 679 3169 mala
691 3111 898 3172 medicamenta
914 3115 1005 3190 exigit
1026 3131 1082 3192 per
1096 3114 1141 3173 al·

148 3213 214 3255 vom
220 3194 497 3256 Vettonioaesemen
508 3198 536 3254 in
544 3193 638 3254 mulso
648 3203 696 3254 aut
706 3211 806 3273 passo,
819 3195 867 3255 vel
880 3196 990 3257 tarinae
1001 3196 1140 3257 drachma
1149 3215 1184 3258 aa

148 3279 175 3336 iu
191 3277 248 3336 vini
263 3283 372 3340 veteris
392 3279 503 3353 cyathis
517 3277 589 3353 1111.;
604 3294 722 3338 vomere
735 3279 862 3355 cogendi
877 3288 962 3357 atque
978 3280 1082 3339 lteram
1097 3281 1140 3340 bi

108 3370 159 3423 tas
168 3360 249 3420 bere.
278 3362 312 3421 iis
329 3366 376 3442 qui
392 3363 499 3426 cotidie
515 3371 634 3438 gustent
648 3378 710 3420 eam
724 3362 802 3422 nulla
816 3364 946 3422 nocitura
960 3363 1035 3422 mala
1048 3364 1140 3423 medi-

149 3452 276 3504 oarnenta
296 3445 417 3506 tradunt.
447 3447 520 3506 l'oto
542 3461 656 3504 veneno
671 3445 858 3508 aristolochia
879 3444 1013 3507 subvenit
1033 3447 1140 3508 eaden
