2484 3817
331 228 412 276 nnn.
429 228 519 278 man.
533 228 634 276 xx111.
649 222 675 275 8.
695 216 848 293 (ιι-ιιι.)
929 262 932 272 .
1041 214 1080 274 31

89 383 218 460 suspiriis
243 384 311 442 trita
335 399 399 441 cum
423 382 518 442 melle.
562 389 667 442 cortex
691 381 796 443 radicis
822 383 967 444 cavendus
997 399 1064 458 gra·
1075 392 1127 444 153

89 465 167 526 vidis.
199 467 265 544 ipsa
289 465 371 525 radix
404 465 531 525 calculos
558 467 676 543 rumpit,
702 466 827 526 iocineri
849 465 971 545 prodest
991 465 1083 524 tribus

90 549 183 608 obolis
199 551 231 609 in
245 551 315 608 vino
331 549 453 609 odorato
467 558 545 627 pota.
574 549 646 608 folia
669 557 740 626 pota
759 552 935 609 vomitiones
954 557 1081 608 movent.

90 633 174 691 bacae
190 651 309 692 menses
325 631 439 691 trahunt
453 633 604 708 adpositae
619 633 706 691 tritae
725 632 774 692 rel
786 641 883 711 potae.
916 635 1018 691 tussim
1035 650 1084 690 re·

70 735 79 771 ι
92 724 180 775 terem
196 725 228 775 et
248 715 459 793 orthopnoeam
475 723 575 774 sanant
589 715 675 774 binae
690 715 822 774 detracto
837 718 948 774 cortice
968 717 998 774 in
1014 716 1083 773 rino

89 807 190 876 potae,
207 801 281 858 siet
295 798 388 858 febris
404 801 457 875 sit,
481 817 520 857 ex
541 816 614 875 aqua
634 807 683 858 aut
705 798 859 874 ecligmate
880 817 918 858 ex
932 816 1020 876 passo
1034 805 1084 856 ant

90 899 157 958 aqua
169 882 263 942 mulsa
281 881 430 942 decoctae.
461 891 584 960 prosunt
604 890 635 940 et
648 880 800 958 phthisicis
815 882 919 941 ecdem
936 881 1064 940 modoet
1076 890 1126 942 154

90 966 217 1024 omnibus
236 964 364 1024 thoracis
376 965 594 1026 rheumatismis.
613 983 677 1024 nam
695 973 726 1024 et
737 973 899 1024 concocunt
912 966 1043 1041 pituitam
1053 972 1085 1023 et

90 1048 251 1108 extrahunt.
283 1048 423 1108 adversus
445 1050 619 1126 scorpiones
640 1056 800 1124 quaternae
828 1067 867 1107 ex
891 1049 960 1107 vinc
982 1047 1082 1106 bibun-

60 1150 80 1189 ιι
89 1141 138 1191 tur.
173 1132 357 1210 epinyctidas
373 1150 412 1191 ex
427 1132 495 1191 oleo
517 1132 616 1190 inlitae
639 1139 670 1190 et
693 1131 897 1208 lentigineset
913 1131 1012 1190 ulcera
1026 1147 1083 1188 ma-

87 1219 180 1274 nantia
198 1223 230 1274 et
245 1215 345 1274 ulcera
360 1217 420 1274 oris
437 1224 467 1274 et
481 1215 627 1290 furfures,
644 1216 719 1274 cutis
734 1216 913 1291 porriginem
927 1231 1014 1273 sucus
1034 1213 1083 1272 ha·

87 1317 181 1358 carum
191 1298 327 1358 emendat
342 1307 374 1358 et
394 1297 581 1376 phthiriasim.
604 1299 714 1356 aurium
731 1298 826 1358 dolori
843 1307 874 1357 et
890 1298 1026 1374 gravitati
1042 1299 1084 1354 in·

87 1382 212 1442 stillatur
227 1399 292 1440 cum
309 1383 378 1441 vino
393 1390 497 1441 vetere
514 1390 545 1441 et
560 1399 694 1441 rosaceo.
729 1390 887 1458 perunctos
911 1398 948 1440 eo
967 1381 1083 1457 lugiunt

87 1473 231 1525 venenata
246 1467 347 1525 omnia.
377 1465 499 1542 prodest
515 1473 615 1524 contra
627 1466 701 1524 ictus
716 1474 747 1524 et
758 1473 856 1543 potus,
868 1483 1000 1524 munnae
1014 1482 1061 1522 an·
1073 1476 1124 1526 155

59 1569 78 1608 ιι
88 1557 143 1608 tem
158 1551 223 1608 eius
240 1548 337 1608 laurus
352 1566 426 1626 quae
443 1551 611 1608 tenuissima
625 1547 714 1608 habet
724 1548 804 1608 folia.
831 1548 921 1608 bacae
933 1567 996 1607 cnm
1013 1548 1082 1606 vino

87 1633 275 1712 serpentibus
291 1641 322 1692 et
337 1633 541 1709 scorpionibus
557 1640 588 1692 et
599 1633 714 1692 araneis
732 1633 880 1691 resistunt.
911 1649 950 1690 ex
965 1631 1034 1691 oleo
1053 1637 1083 1689 et

86 1725 169 1776 aceto
184 1716 343 1776 inlinuntur
360 1723 391 1773 et
406 1715 492 1792 lieni,
509 1717 650 1789 iocineri,
665 1717 840 1791 gangraenis
855 1731 919 1772 cum
931 1713 1028 1772 melle.
1052 1721 1082 1770 et

85 1801 115 1858 in
128 1801 302 1876 fatigatione
318 1799 405 1858 etiarn
421 1807 468 1859 aut
485 1799 677 1877 perfrictione
697 1815 768 1855 suco
790 1814 828 1856 eo
846 1798 988 1873 perungui
1005 1798 1082 1854 nitro

9 1911 10 1942 ι
87 1881 201 1940 adiecto
219 1882 350 1960 prodest.
383 1890 448 1940 nunt
463 1883 512 1958 qui
527 1881 672 1941 celeritati
686 1888 786 1956 partus
799 1878 935 1938 conferre
945 1877 1063 1936 multum
1074 1889 1124 1941 156

54 1973 192 2042 reputent
204 1966 330 2024 radicem
346 1964 488 2026 acetabuli
509 1981 643 2024 mensura
659 1965 689 2022 in
710 1980 783 2040 aqna
798 1971 911 2040 potam,
936 1961 1083 2022 efficacius

89 2054 240 2107 recentem
261 2067 344 2126 qnam
366 2048 480 2109 aridam.
513 2048 627 2125 quidam
647 2047 786 2106 aduersus
807 2047 993 2123 scorpionum
1007 2047 1082 2104 ictus

88 2131 191 2191 decem
205 2131 290 2192 bacas
314 2132 375 2192 dari
391 2131 493 2191 iubent
510 2132 610 2209 potul,
636 2132 705 2190 item
720 2132 795 2190 etin
809 2129 941 2189 remedio
954 2147 1028 2188 uvae
1042 2130 1082 2188 la·

87 2217 182 2274 centis
210 2215 397 2292 quadrantem
416 2217 514 2293 pondo
537 2214 672 2273 bacarum
693 2213 867 2273 foliorumve
900 2212 1025 2289 decoqui
1052 2213 1082 2270 in

88 2315 180 2376 aquae
198 2301 334 2358 sextariis
350 2299 443 2358 trihus
458 2297 493 2357 ad
510 2300 629 2373 tertias,
645 2314 708 2356 eam
721 2295 841 2356 calidam
851 2298 1037 2372 gargarizare
1053 2303 1083 2354 et

57 2383 116 2440 ein
132 2384 238 2459 capitis
253 2381 356 2442 dolore
373 2383 465 2458 inpari
481 2398 599 2440 numero
614 2381 702 2439 bacas
717 2397 780 2439 cum
795 2379 863 2438 oleo
880 2387 1036 2438 conterere
1052 2387 1091 2437 et

88 2465 241 2524 calfacere.
276 2464 385 2524 Laurus
407 2463 566 2542 Delphicae
584 2464 655 2524 folia
669 2465 737 2522 trita
759 2462 923 2539 olfactaque
939 2461 1061 2521 subinde
1074 2471 1122 2525 157

88 2549 276 2624 pestilentiae
296 2549 430 2625 contagia
451 2548 623 2626 prohibent,
648 2555 729 2606 tanto
751 2548 842 2623 magis
866 2547 891 2604 si
911 2554 942 2604 et
955 2551 1080 2604 urantur.

90 2630 184 2691 oleum
205 2650 245 2692 ex
265 2631 407 2710 Delphica
427 2631 463 2691 ad
488 2639 585 2691 cerata
608 2647 802 2708 acopumque,
823 2629 860 2689 ad
876 2628 1082 2707 perfrictiones
1188 2638 1191 2643 ’

88 2715 301 2791 discutiendas,
319 2733 426 2775 nervos
443 2715 600 2791 laxandos,
616 2715 717 2774 lateris
732 2714 851 2773 dolores
861 2723 873 2789 ,⁸
885 2712 978 2772 febris
1001 2711 1082 2786 frigi·

57 2797 137 2857 udas
153 2799 226 2861 utile
245 2807 308 2876 est,
324 2801 393 2858 item
410 2798 446 2857 ad
461 2800 569 2858 aurium
584 2798 717 2858 dolorem
729 2799 760 2856 in
774 2797 840 2856 mali
858 2797 955 2874 punici
970 2793 1082 2853 cortice

88 2882 273 2960 tepefactum.
306 2882 377 2942 folia
392 2881 511 2942 decocta
528 2881 563 2942 ad
579 2882 681 2941 tertias
696 2883 786 2958 partis
800 2899 891 2957 aquae
906 2894 989 2937 nvom
1004 2875 1083 2936 cohi-

9 2985 10 2994 *
88 2965 158 3026 beut
173 2963 426 3042 gargarizatione,
442 2973 514 3044 potu
528 2965 584 3024 alvi
598 2964 718 3024 dolores
738 2965 1016 3036 intestinorumque,
1040 2969 1082 3022 te·

9 3089 11 3164 ,
89 3051 214 3108 cerrima
229 3067 270 3108 ex
287 3048 332 3108 his
347 3048 415 3108 trita
430 3051 460 3109 in
475 3050 542 3108 vino
561 3047 681 3126 papulas
698 3050 883 3125 pruritusque
897 3045 979 3105 inlita
992 3046 1082 3104 nocti-

9 3167 11 3194 t
90 3130 151 3191 hns.
174 3131 322 3192 Proxuma
336 3132 433 3192 valent
448 3141 547 3192 cetera
562 3133 659 3192 lauros
674 3149 792 3208 genera.
824 3129 921 3188 laurus
935 3128 1062 3188 Alexan·
1073 3141 1125 3193 158

9 3211 11 3282 l
63 3215 173 3288 ttdrina
193 3218 259 3275 sire
283 3213 368 3274 Idaea
387 3225 487 3293 partus
503 3216 617 3276 celeres
633 3216 702 3274 facit
718 3215 816 3274 radice
837 3220 908 3289 pota
930 3213 1013 3271 trium
1033 3211 1082 3271 de-

9 3286 10 3338 ι
92 3301 238 3359 uariorum
264 3297 395 3376 pondere
420 3301 450 3360 in
479 3301 537 3358 vini
561 3299 653 3358 dulcis
677 3297 788 3375 cyathis
811 3294 920 3371 trihus,
941 3293 1081 3354 secundas

93 3383 180 3440 etiam
201 3381 288 3464 pellit
301 3399 484 3461 mensesque.
522 3383 625 3443 eodem
638 3382 724 3440 modo
740 3388 809 3456 pota
823 3377 1001 3456 daphnoides
1018 3379 1080 3435 sive

9 3531 10 3538 χ
93 3463 137 3524 his
158 3465 325 3526 nominibus
342 3483 415 3543 qnae
432 3465 553 3525 diximus
570 3465 713 3526 silvestris
728 3462 825 3520 laurus
842 3461 978 3539 prodest,
1000 3458 1039 3516 al·
1053 3470 1122 3512 tum
