2484 3817
332 217 413 266 ιιι.
428 216 519 266 nun.
535 217 618 266 xxv.
635 212 663 266 o.
676 212 703 266 a
721 206 875 283 (ca-co.)
1055 206 1098 268 79

96 371 154 448 eis,
172 369 312 448 spssticis
335 370 456 446 cynicis,
477 369 654 447 ischiadicis,
671 372 830 449 mutonis,
843 389 920 451 qaae
933 372 1021 434 sliter
1036 389 1097 434 non

98 454 245 529 desinant,
261 455 334 514 tussi
351 454 459 529 veteri,
475 453 685 530 inflationibus,
705 455 879 514 torminibus
894 455 1093 516 redeuntihms.

160 535 244 614 (25.)
266 535 376 596 Volant
390 535 451 596 dari
468 537 600 612 senibus,
622 541 735 614 pueris,
752 540 822 598 item
837 537 934 597 mollis
954 557 989 600 ac
1009 540 1135 604 lensi-61

99 621 147 680 nei
164 621 300 696 corporis
315 620 451 696 animive,
471 620 597 680 exilihus
616 628 668 680 ant
679 622 805 696 teneris,
824 628 856 682 et
872 622 987 681 leminis
1001 625 1095 684 minuo

79 721 186 780 squam
200 703 284 778 viris,
309 704 379 762 item
399 703 516 778 timidis,
539 711 588 762 aut
608 705 633 762 si
657 704 825 764 exulcerata
845 705 903 763 sint
922 705 1107 781 praecordis.

99 784 150 844 vel
171 793 315 860 tumeant,
338 787 462 848 minume
483 787 653 862 sanguinem
675 786 897 847 exscreantihus
916 790 1093 850 osusardsve

99 867 212 943 latere,
233 868 375 928 lancibus.
407 869 540 928 medetur
565 868 693 928 extra**
715 871 869 948 corporis,
891 871 1094 946 eruptionibus

99 951 222 1028 pituitae
240 967 304 1010 cum
321 952 445 1027 axungia
468 951 543 1010 salsa
564 951 722 1027 inlinitum,
739 955 809 1012 item
825 954 1031 1029 suppurationi
1044 972 1095 1014 ve·

100 1035 170 1093 terii
186 1035 276 1092 muris
288 1033 426 1110 polentae
436 1035 592 1094 admixtum
606 1043 700 1094 necat.
721 1034 794 1096 Galli
808 1037 930 1112 sogittos
944 1037 975 1094 in
988 1043 1095 1096 venatu

66 1115 258 1176 rohcllehoro
274 1118 387 1192 tingunt
401 1118 633 1195 circumcisoque
648 1118 772 1178 volnere
791 1120 972 1178 teneriorem
991 1121 1095 1179 sentiri

98 1217 217 1259 carnem
228 1199 384 1260 adlirmant.
405 1218 520 1260 muscae
532 1219 651 1278 quoque
663 1201 732 1260 alho
746 1210 886 1262 necamur
900 1203 970 1262 trito
985 1210 1017 1260 et
1031 1220 1097 1262 cnm

99 1283 175 1343 lacte
192 1299 306 1360 spnrso.
338 1282 442 1342 eodem
459 1292 490 1342 et
504 1283 674 1360 phthiriasis
690 1285 866 1344 emendatur.

161 1365 190 1426 6.
206 1361 290 1446 (26.)
309 1364 368 1444 lpsi
380 1363 536 1426 Mithridati
549 1364 691 1426 Crateras
706 1367 862 1445 adscripsit
875 1385 969 1442 ιιιιιι,
979 1365 1092 1426 llithri-
1101 1378 1137 1431 62

98 1447 203 1508 datiam
217 1457 332 1508 vocant.
362 1447 429 1508 hnic
446 1449 516 1508 lolia
532 1449 589 1510 duo
604 1467 621 1510 a
636 1449 735 1510 radice
747 1450 870 1511 acantho
891 1450 1007 1525 similia,
1027 1469 1094 1510 cau·

64 1531 135 1592 telis
157 1534 235 1592 inter
261 1539 383 1610 utraque
407 1534 553 1592 sustinens
575 1550 694 1592 roseum
716 1533 827 1594 liorem.
865 1532 949 1611 (27.)
970 1533 1139 1597 alteram63

97 1614 244 1690 Lenaeus,
265 1613 422 1674 scordotim
441 1616 505 1675 sive
525 1608 675 1691 scordion,
691 1618 784 1694 ipsias
806 1634 890 1676 manu
909 1615 1094 1693 adscriptam,

95 1697 294 1775 mgnitpdine
315 1697 449 1774 cubitali,
470 1698 679 1776 quadriangulo
701 1699 797 1774 caule,
819 1714 963 1758 ramosam
983 1716 1095 1775 querna

96 1779 297 1857 similitudine,
320 1780 398 1840 loliis
420 1780 609 1858 lanuginosis.
648 1783 797 1858 reperitur
811 1783 841 1840 in
857 1779 964 1855 Ponto,
985 1782 1095 1875 campis

95 1863 254 1942 pingnihns
271 1863 445 1944 umidisque,
465 1871 568 1940 gustus
584 1865 682 1923 emani.
714 1871 762 1923 est
776 1871 807 1922 et
821 1863 943 1925 alterins
960 1865 1094 1938 generis,

59 1945 264 2010 solutioribus
274 1946 366 2023 loliis,
382 1954 543 2006 mentastro
559 1946 673 2021 similis,
695 1946 903 2024 plurumosque
921 1952 1044 2023 utraque
1058 1945 1094 2008 ed

97 2045 174 2090 usus
188 2045 243 2104 per
256 2049 288 2090 se
306 2038 336 2089 et
354 2032 430 2090 inter
446 2029 526 2089 alia'
518 2047 548 2089 ιιι
564 2029 710 2090 antidotis.

163 2108 244 2191 (28.)
265 2111 461 2174 Polemoniarn
486 2111 533 2172 alii
551 2110 757 2173 Philetaeriam
776 2130 794 2172 a
810 2114 970 2172 certamine
988 2119 1136 2189 regente

95 2196 277 2256 inventionis
290 2195 450 2276 appellent,
468 2193 657 2284 Cappadoces
672 2205 768 2257 antem
784 2195 1034 2271 chiliodynamm
1048 2213 1093 2254 ra·

97 2277 164 2338 dice
179 2296 289 2356 crassa,
301 2279 427 2340 exilihos
439 2280 524 2338 ramis
541 2279 645 2356 quihus
660 2282 691 2340 in
705 2281 822 2339 sommis
836 2278 967 2353 corpmhi
984 2279 1093 2356 depen-

61 2359 184 2436 sedent,
205 2363 435 2440 nigrosentine,
456 2370 558 2422 cetero
579 2370 662 2422 rutae
682 2363 796 2439 similis,
817 2364 944 2423 nascitur
963 2364 994 2422 in
1011 2380 1093 2422 mon-

100 2447 202 2504 tunsis.

165 2527 245 2606 (29.)
265 2526 423 2606 Eupatoria
439 2545 555 2606 quoque
572 2530 683 2604 regiam
697 2530 899 2589 anctoritatem
913 2527 1012 2601 hahet,
1026 2537 1135 2590 cau-65

97 2611 137 2670 lis
153 2609 274 2688 lignosi,
289 2613 470 2688 nigricantis,
484 2611 599 2686 hirsuti,
614 2611 748 2671 cuhitalis
763 2621 794 2672 et
809 2611 963 2690 aliqnando
973 2608 1093 2686 amplio-

96 2695 151 2768 ris,
170 2693 249 2754 ioliis
266 2712 321 2772 per
335 2694 488 2754 intervella
504 2695 698 2792 quinquefoli
698 2702 748 2754 aut
762 2695 910 2793 cannabis,
925 2712 981 2773 per
994 2700 1092 2752 extre-

57 2777 206 2838 aomitntis
230 2779 331 2838 incisis
349 2779 600 2856 quinquepertito,
622 2779 715 2854 nigris
733 2785 764 2838 et
785 2780 858 2856 ipsis
880 2777 1092 2856 plumosisque,

94 2859 246 3000 pudice
215 2877 404 2938 supervacua.
435 2878 535 2920 semen
557 2860 774 2938 dysintericis
764 2880 794 2921 ιιι
812 2863 879 2920 vino
895 2868 995 2938 potum
1012 2859 1092 2918 auxi·

105 2945 184 3002 iatur
199 2944 317 3002 unice

159 3023 242 3103 (30.)
267 3023 423 3088 eontentio
450 3035 565 3088 curatus
590 3027 697 3086 dicitur
717 3025 843 3101 Chiron,
869 3041 934 3083 com
954 3021 1134 3088 llerculis66

96 3111 217 3186 excepti
238 3109 370 3188 hospitio
391 3111 578 3186 pertractanti
601 3127 680 3168 erma
700 3111 807 3186 sagitta
827 3107 986 3167 excidisset
1007 3109 1035 3167 ei
1062 3111 1092 3167 in

58 3191 215 3270 repedem,
232 3210 324 3270 qnare
340 3191 426 3270 aliqui
440 3191 598 3253 Chironion
613 3201 726 3252 vomnt.
753 3193 824 3252 lolia
837 3195 904 3250 sunl
918 3189 975 3249 lata
991 3199 1022 3250 et
1040 3191 1104 3249 oh·-

96 3274 199 3352 longa,
215 3284 331 3336 serrato
349 3275 470 3352 ambitu,
489 3275 586 3346 densa,
599 3274 636 3336 alt
658 3273 756 3334 radice
772 3273 871 3333 caules
886 3278 998 3332 ternum
1012 3273 1104 3332 cuhi··

97 3365 195 3418 torum
211 3358 380 3436 geniculati.
408 3360 439 3418 in
451 3359 496 3418 his
515 3360 609 3435 capita
624 3375 679 3416 ceu
692 3374 876 3434 papaverum
901 3355 986 3416 radix
997 3363 1092 3428 vasta,

96 3440 273 3520 nhescens,
294 3451 397 3504 tenera
413 3441 596 3520 fragilisque,
616 3440 652 3500 ad
669 3439 737 3500 hina
754 3437 864 3514 cubita,
882 3437 995 3498 madida
1008 3453 1093 3512 suco,
