2484 3817
349 164 431 212 usu.
444 163 537 236 unqu.
555 105 637 217 clxv.
649 160 676 214 a.
688 162 714 213 s.
733 154 869 234 (rura.)
1063 155 1106 218 ⁷3

165 317 229 398 (9.)
250 315 298 378 Ab
318 335 353 378 aa
369 335 499 380 maxuma
514 320 673 382 auctoritas
689 318 801 382 barbae
815 327 864 380 est
876 335 961 398 mum
978 319 1102 382 dodeca-
1113 333 1152 388 πθ

102 403 196 463 tbeon
212 409 319 460 vocant
335 404 460 462 omnium
473 402 595 464 deorum
608 405 791 464 maiestatem
806 403 1050 464 commendantes.
1074 405 1105 464 in

103 491 290 564 aquapotam
301 485 433 546 omnibus
444 486 554 546 morbis
566 487 677 546 urederi
689 485 812 546 tradunt.
830 485 902 546 lolia
913 490 978 548 eius
989 496 1106 566 septem

103 569 228 630 lactucis
248 567 391 628 simillima
409 577 518 630 exeunt
532 587 549 630 a
564 569 645 629 lutea
662 569 771 630 radice.

83 674 96 714 c
166 652 252 730 (10.)
267 649 474 712 Vetustissima
485 655 605 712 inventu
616 651 745 712 Paeonia
756 659 814 728 est,
827 667 992 732 nomenque
1003 663 1102 714 aucto·
1113 665 1149 721 πθ

102 738 147 798 ris
161 736 290 810 retinet,
306 752 389 812 quam
404 737 516 813 quidam
531 734 719 813 pentorobon
732 734 900 814 appellant,
914 736 962 796 alii
978 725 1105 813 glycysi-

60 879 63 888 ,
104 820 170 880 den.
195 835 261 878 nam
275 817 349 878 baec
364 835 481 897 quoquc
496 818 651 880 difficultas
667 828 714 879 est
728 819 807 898 quod
818 817 922 878 eadem
932 818 1018 880 aliter
1036 821 1104 879 alibi

104 910 295 980 nuncupatur.
326 903 455 961 nascitur
471 905 570 980 opacis
586 903 736 962 montibus
752 901 837 962 caule
853 903 932 962 inter
948 902 1019 962 lolia
1034 903 1106 980 digi-

104 995 202 1046 torum
224 991 361 1062 quattuor
388 985 503 1045 ferente
528 987 558 1044 in
579 987 726 1046 cacumine
748 986 842 1046 veluti
866 983 994 1044 Graecae
1016 1003 1106 1045 nuces

72 1089 96 1130 uo
106 1077 246 1148 quattuor
267 1075 316 1127 aut
333 1069 467 1146 quinque.
502 1070 580 1130 inest
604 1069 649 1128 his
674 1087 775 1128 semen
798 1071 968 1147 copiosum,
989 1067 1108 1128 rubrum

102 1155 287 1230 nigrumque.
316 1151 390 1210 baec
406 1151 590 1240 medeturtet
605 1151 769 1212 Faunorum
789 1153 820 1211 in
837 1154 938 1229 quiete
962 1152 1104 1212 ludibriis.

102 1236 291 1314 praecipiunt
314 1253 420 1294 eruere
437 1244 536 1311 noctu,
556 1237 702 1312 quoniam,
720 1237 744 1294 si
761 1236 845 1312 picus
859 1234 981 1296 llartius
997 1236 1106 1312 videat,

103 1319 216 1380 mendo
231 1319 264 1377 in
279 1317 381 1378 oculos
395 1320 532 1396 impetum
547 1319 642 1379 iaciat.

169 1402 256 1481 (11.)
280 1400 410 1462 Panaccs
434 1404 500 1480 ipso
519 1403 635 1462 nomine
653 1402 777 1462 omnium
792 1402 960 1462 morborum
973 1401 1103 1462 remedia
1114 1413 1151 1468 ao

71 1486 264 1565 repromittit,
278 1502 463 1544 numerosum
482 1493 512 1546 et
526 1485 570 1546 slis
585 1485 787 1544 inventoribus
805 1484 989 1563 adscriptum.
1021 1503 1107 1544 unum

104 1572 218 1649 qnippe
238 1567 402 1646 Asclepion
426 1571 658 1645 cognominatur,
678 1587 695 1627 a
718 1585 776 1645 quo
800 1569 826 1626 is
848 1567 935 1627 liliam
956 1567 1107 1628 Panaciam

103 1653 276 1733 appellavit.
296 1669 382 1712 sucus
395 1661 441 1712 cst
452 1661 569 1712 coactus
581 1651 695 1712 ferulae
706 1650 821 1727 qualem
832 1649 954 1708 diximus
965 1649 1064 1710 radice
1076 1668 1105 1710 n,
1114 1671 1150 1706 m

101 1737 188 1796 multi
212 1735 332 1802 corticis
355 1743 385 1793 et
409 1735 487 1795 salsi.
531 1735 585 1794 bac
607 1734 710 1794 evolsa
729 1732 865 1791 scrobem
891 1731 1002 1808 repleri
1025 1734 1106 1790 vario

106 1837 223 1896 genere
238 1819 352 1896 frugum
366 1817 473 1895 religio
489 1826 536 1878 est
553 1835 587 1876 ac
603 1825 701 1875 terrae
716 1817 899 1893 piamentum.
923 1814 972 1873 ubi
988 1822 1020 1873 et
1034 1831 1104 1891 quo·
1115 1827 1148 1881 31

69 1919 178 1962 aonam
197 1901 281 1960 lieret
299 1900 387 1960 modo
409 1911 439 1961 et
460 1901 547 1978 quale
570 1915 701 1958 maxume
722 1899 899 1976 probaretur
921 1897 999 1956 inter
1021 1914 1106 1974 pere·
1167 1952 1170 1956 1

109 1987 198 2062 grina
213 1984 365 2044 docuimus.
396 1984 426 2045 id
442 1983 518 2062 quod
536 1981 737 2043 cllacedonia
756 1981 887 2041 adfertur
905 1979 1149 2044 boemicensem

110 2075 219 2128 vocant
231 2068 410 2128 armentariis
426 2075 532 2146 sponte
546 2073 744 2143 erumpentem
758 2081 857 2124 sucum
872 2064 1105 2142 excipientibus;

108 2151 168 2212 boc
182 2152 338 2212 celerrime
355 2153 512 2211 evanescit.
549 2157 579 2210 et
594 2151 624 2208 in
641 2149 706 2208 aliis
720 2156 816 2208 autem
831 2148 992 2225 generibus
1007 2150 1106 2226 inpro-

109 2233 195 2295 batur
211 2251 341 2294 maxume
356 2237 470 2311 nigrum
483 2253 517 2294 ac
531 2233 627 2292 molle.
651 2232 680 2291 id
691 2233 772 2292 'enim
787 2239 958 2308 argumento
976 2239 1023 2291 est
1037 2249 1105 2291 cera

75 2318 277 2378 madulterati.

34 2473 36 2476 ¹
173 2401 257 2480 (12.)
277 2400 411 2462 Alterum
438 2419 531 2478 genus
552 2399 717 2461 Heracleon
739 2404 846 2457 vocant
866 2406 897 2456 et
918 2397 954 2456 ab
976 2395 1150 2461 Herculeas

113 2486 261 2544 inventum
278 2485 410 2559 tradunt,
436 2484 484 2560 elii
503 2484 652 2560 origanum
666 2481 915 2557 Heracleoticum,
932 2481 1003 2538 item
1018 2477 1106 2536 silve·

113 2575 185 2644 stre,
201 2568 337 2644 quomam
354 2576 401 2628 cst
416 2569 537 2644 origano
554 2567 660 2642 simile,
679 2565 777 2626 radice
793 2564 904 2640 inutili,
921 2563 958 2622 de
974 2577 1033 2638 quo
1048 2560 1106 2618 ori·

110 2668 190 2728 gano
205 2650 338 2710 diximus.
1076 2661 1152 2704 sc‚1ro

67 2749 100 2792 ao
177 2733 260 2811 (13.)
281 2732 411 2792 Tertium
432 2750 557 2810 panaces
581 2730 748 2792 Chironium
767 2730 986 2809 cognominatur
1006 2716 1043 2786 ab
1065 2725 1107 2784 iu·

109 2824 248 2876 venture.
283 2816 385 2875 iulium
414 2817 477 2875 eius
503 2815 596 2875 simile
618 2813 747 2892 lapatho,
770 2815 860 2872 maius
880 2821 975 2870 tamen
997 2816 1028 2867 et
1050 2807 1107 2866 hir-

106 2901 219 2976 surim,
242 2899 299 2960 llos
321 2916 438 2974 aureus,
459 2898 542 2959 radix
566 2915 663 2976 parva.
700 2897 827 2956 nascitur
844 2892 1001 2971 pinguibus
1021 2891 1105 2951 locis.

106 2983 198 3044 lunius
223 2981 279 3042 llos
304 2981 532 3058 efficacissimus,
557 2998 654 3057 eoque
673 2977 794 3059 amplius
818 2992 903 3053 quam
923 2990 1011 3053 snpra
1033 2973 1107 3033 dicta

130 3065 247 3126 rodest.

65 3085 130 3214 ‘p
180 3149 263 3228 (14.)
285 3144 424 3218 Quartum
436 3165 540 3225 genus,
553 3163 680 3224 panaces
695 3144 732 3204 ab
746 3143 852 3203 eodem
863 3135 991 3200 Cbirone
1004 3157 1106 3218 reper-
1116 3149 1155 3202 33

104 3243 187 3308 turn,
204 3230 377 3292 centaurion
391 3231 619 3307 cognominatur,
640 3227 694 3286 sed
708 3233 740 3286 et
754 3223 933 3284 Pharnacion
949 3225 979 3282 in
993 3231 1108 3283 ceuno-

103 3317 215 3378 versia
231 3315 410 3374 inventionis
426 3312 603 3372 al’harnace
624 3326 697 3387 rege
718 3307 883 3368 seductum.
913 3308 1021 3366 seritur
1040 3303 1107 3378 hoc,

104 3397 303 3474 longioribus
322 3413 408 3475 mam
422 3403 520 3458 cetera
538 3393 617 3456 loliis
634 3401 666 3453 et
685 3390 815 3454 sarrana.
847 3387 930 3448 radix
944 3386 1065 3446 odorata
1078 3388 1108 3442 in
