2484 3817
485 186 515 238 C.
530 185 626 233 PLINI
641 178 790 233 succum

397 551 601 637 uultui
633 551 858 637 subdiu!

220 720 605 819 lldllllldlll
645 720 1031 815 lllllllllldll

237 919 240 923 Δ
463 900 814 964 alsuanum.

550 1071 699 1081 -————.-.-

131 1185 145 1238 1
215 1172 287 1250 (lap.
299 1174 325 1229 1.
338 1171 433 1249 (Sect.
445 1170 488 1247 1.)
503 1168 630 1227 Naturae
643 1169 925 1245 remediorumatque
937 1166 1084 1227 multitudo
1098 1168 1139 1225 in·

155 1258 286 1315 stantium
302 1271 336 1313 ac
353 1262 577 1330 praeceptorum
591 1251 675 1329 plura
691 1252 726 1313 de
742 1256 804 1330 ipsa
815 1251 946 1311 medendi
959 1260 1019 1311 arte
1033 1260 1142 1329 cogunt

156 1339 255 1398 dicere
270 1352 439 1414 quamquam
453 1353 510 1394 non
521 1336 639 1410 ignaros
650 1336 719 1395 nulli
731 1345 795 1395 ante
808 1336 880 1393 haec
891 1335 989 1394 Latino
1006 1352 1140 1394 sermone

156 1420 270 1481 condita
284 1436 452 1495 ancepsque
467 1417 607 1477 lubricum
625 1436 690 1477 esse
708 1436 803 1478 rerum
819 1420 940 1478 omnium
959 1436 1095 1478 novarum
1111 1427 1141 1476 et

155 1505 253 1564 talium
273 1505 371 1581 utique
389 1511 446 1561 tam
468 1500 576 1560 sterilis
601 1502 712 1576 gratiae
733 1511 887 1578 tantaeque
910 1501 1084 1561 difficultatis
1110 1503 1173 1559 inis
1236 1500 1237 1573 ἶ

24 1624 29 1634 -
125 1586 324 1667 2ρτοωεηάο.
366 1585 418 1665 sed
445 1586 576 1662 quoniam
598 1599 752 1643 occurrere
774 1586 929 1644 verisimile
951 1594 995 1644 est
1017 1587 1140 1644 omnium

156 1671 203 1748 qui
218 1671 294 1730 baec
309 1676 433 1728 uoscuut
451 1668 631 1743 cogitationi,
648 1685 770 1745 quonam
792 1668 878 1727 modo
902 1669 1084 1727 exoleverint
1111 1669 1140 1726 in

154 1755 296 1814 medicina
316 1771 353 1813 ea
376 1769 450 1830 quae
473 1752 528 1810 iam
552 1758 652 1829 parata
672 1762 757 1829 atque
780 1753 950 1829 pertinentia
971 1760 1067 1825 erant,
1088 1752 1138 1809 mi·
1161 1808 1163 1814 .

154 1855 273 1915 rumque
294 1846 324 1895 et
343 1836 488 1911 iudignum
505 1835 634 1911 protinus
650 1834 725 1893 subit
744 1835 848 1893 nullam
864 1836 963 1894 artium
977 1835 1138 1893 inconstan-

153 1923 257 1981 tiorem
275 1920 365 1977 iuisse
382 1928 431 1977 ant
445 1919 605 1976 etiamnunc
619 1920 735 1994 saepius
753 1918 864 1991 mutari,
883 1936 945 1977 cum
962 1920 997 1977 sit
1011 1918 1173 1980 fructus-so
1236 1926 1237 1975 i

154 2006 215 2063 sior
234 2001 327 2077 nulla,
346 2000 391 2060 dis
409 2002 528 2078 primum
546 2001 713 2059 inventores
733 2018 801 2061 suos
822 2000 982 2077 adsignavit
1004 2008 1033 2059 et
1056 2001 1139 2060 caelo
1236 2010 1237 2021 ¹

130 2086 275 2151 sdicavit.
312 2102 369 2142 nec
391 2100 449 2141 non
476 2091 505 2141 et
525 2082 611 2141 bodie
637 2084 817 2144 multifariam
846 2084 881 2143 ab
905 2084 1029 2144 oraculis
1051 2084 1139 2143 medi·

155 2170 219 2229 cina
240 2168 355 2243 petitur.
389 2167 467 2224 auxit
491 2165 593 2224 deiude
613 2166 716 2225 lamam
734 2168 817 2226 etiam
838 2169 955 2251 crimine
974 2168 1060 2225 ictum
1084 2167 1138 2225 iul·
1236 2212 1237 2215 ,

153 2252 229 2309 mine
242 2249 445 2327 Aesculapium
456 2248 592 2322 fabulata,
607 2251 740 2325 quoniam
752 2249 930 2325 Tyndareum
941 2252 1141 2310 revocavisset

155 2333 191 2393 ad
206 2334 300 2391 vitam.
328 2350 384 2391 nec
398 2342 492 2391 tamen
513 2333 638 2392 cessavit
658 2350 775 2393 narrare
795 2332 868 2393 alios
888 2334 1030 2392 revixisse
1046 2350 1138 2410 opera
1147 2356 1172 2397 ss

155 2433 206 2477 sua
220 2416 298 2474 clara
313 2414 443 2475 Troianis
456 2413 643 2491 temporibus,
662 2433 678 2475 a
696 2417 800 2494 quibus
811 2416 885 2477 lama
901 2418 1023 2491 certior,
1038 2416 1139 2475 volne-

154 2518 215 2560 rum
230 2506 325 2557 tameu
339 2498 483 2558 dumtaxat
496 2497 640 2557 remediis.

125 2598 144 2647 4
207 2582 269 2660 (2.)
294 2581 450 2659 Sequentia
464 2583 536 2659 eius,
553 2582 653 2640 mirum
668 2579 753 2653 dictu,
768 2584 798 2642 io
812 2590 898 2642 nocte
914 2580 1082 2641 densissima
1099 2582 1140 2643 la·

154 2675 238 2725 tuere
252 2681 344 2742 usque
358 2664 394 2723 ad
409 2664 687 2742 Peloponnesiacum
702 2664 818 2741 bellum,
834 2674 901 2725 tunc
913 2682 975 2723 eam
990 2666 1142 2725 revocavit

155 2752 184 2808 in
199 2750 294 2808 iucem
308 2748 501 2827 Hippocrates
522 2749 636 2825 genitus
657 2750 685 2809 in
706 2749 797 2809 insula
814 2748 877 2808 Coo
893 2749 922 2807 iu
946 2748 1043 2827 primis
1061 2747 1173 2814 clarano

154 2850 191 2891 ac
211 2832 306 2891 valida
323 2840 352 2891 et
366 2830 542 2908 Aesculapio
557 2831 661 2891 dicata.
690 2832 731 2907 is,
752 2850 814 2892 cum
837 2832 938 2891 luisset
952 2848 1014 2889 mos
1033 2829 1140 2891 libera·

155 2925 201 2975 tos
216 2914 323 2974 morbis
338 2914 468 2975 scribere
483 2917 511 2972 in
526 2915 634 2992 templo
651 2916 712 2975 eius
725 2915 771 2975 dei
787 2915 853 2993 quid
869 2913 1030 2973 auxiliatum
1046 2924 1139 2992 esset,
1192 2962 1196 2973 .

155 3006 186 3057 ut
202 3006 304 3077 postea
316 2997 468 3057 similitudo
484 2998 655 3074 proliceret,
678 3000 869 3077 exscripsisse
893 3014 928 3061 ea
942 2997 1075 3073 traditur,
1096 3006 1139 3057 at-

155 3100 225 3159 que,
248 3089 280 3139 ut
295 3078 392 3142 Varro
407 3079 482 3159 apud
498 3096 552 3138 nos
574 3081 681 3157 credit,
705 3081 812 3161 templo
840 3089 965 3140 cremato
980 3081 1139 3140 instituisse

154 3164 323 3223 medicinam
341 3166 415 3225 banc
431 3180 505 3242 quae
522 3162 625 3223 clinice
640 3174 768 3225 vocatur.
795 3182 851 3223 nec
865 3164 917 3223 init
931 3171 1033 3241 postea
1050 3181 1173 3241 quae-35

156 3256 215 3306 stus
233 3248 343 3323 modus,
360 3249 491 3326 quoniam
505 3246 644 3306 Prodicus
659 3246 834 3322 Selymbriae
850 3254 941 3319 natus,
957 3264 974 3303 e
989 3246 1140 3325 discipulis

156 3330 233 3406 eius,
251 3330 400 3391 instituens
420 3348 504 3410 quam
523 3338 628 3390 vocant
645 3331 835 3409 iatralipticen
849 3328 1049 3389 reunctoribus
1067 3345 1138 3408 quo-

157 3430 213 3492 que
229 3414 403 3476 medicorum
418 3434 454 3478 ac
470 3413 644 3475 mediastinis
658 3414 785 3491 vectigal
800 3413 918 3475 invenit.
