<?xml version="1.0" encoding="UTF-8"?>
<!DOCTYPE html PUBLIC "-//W3C//DTD XHTML 1.0 Transitional//EN"
    "http://www.w3.org/TR/xhtml1/DTD/xhtml1-transitional.dtd">
<html xmlns="http://www.w3.org/1999/xhtml" xml:lang="en" lang="en">
 <head>
  <title>
</title>
<meta http-equiv="Content-Type" content="text/html;charset=utf-8" />
  <meta name='ocr-system' content='tesseract 3.04.00' />
  <meta name='ocr-capabilities' content='ocr_page ocr_carea ocr_par ocr_line ocrx_word'/>
</head>
<body>
  <div class='ocr_page' id='page_1' title='image "./cplinisecundina24plingoog_0259.png"; bbox 0 0 2484 3817; ppageno 0'>
   <div class='ocr_carea' id='block_1_1' title="bbox 283 184 1078 257">
    <p class='ocr_par' dir='ltr' id='par_1_1' title="bbox 283 184 1078 257">
     <span class='ocr_line' id='line_1_1' title="bbox 283 184 1078 257; baseline 0.009 -17"><span class='ocrx_word' id='word_1_1' title='bbox 283 192 361 240; x_wconf 76' lang='lat' dir='ltr'><strong>nnn.</strong></span> <span class='ocrx_word' id='word_1_2' title='bbox 376 191 466 243; x_wconf 77' lang='lat' dir='ltr'><strong>nasu.</strong></span> <span class='ocrx_word' id='word_1_3' title='bbox 480 192 605 243; x_wconf 76' lang='lat' dir='ltr'><strong>num.</strong></span> <span class='ocrx_word' id='word_1_4' title='bbox 624 194 667 247; x_wconf 80' lang='grc' dir='ltr'><strong>ιο.</strong></span> <span class='ocrx_word' id='word_1_5' title='bbox 683 192 725 245; x_wconf 90' lang='lat'><strong>11.</strong></span> <span class='ocrx_word' id='word_1_6' title='bbox 741 187 887 257; x_wconf 74' lang='lat' dir='ltr'><strong>(dc—48.)</strong></span> <span class='ocrx_word' id='word_1_7' title='bbox 1021 184 1078 247; x_wconf 85' lang='lat'><strong>187</strong></span> 
     </span>
    </p>
   </div>
   <div class='ocr_carea' id='block_1_2' title="bbox 7 343 1119 1006">
    <p class='ocr_par' dir='ltr' id='par_1_2' title="bbox 93 343 1078 507">
     <span class='ocr_line' id='line_1_2' title="bbox 93 343 1078 429; baseline 0.009 -26"><span class='ocrx_word' id='word_1_8' title='bbox 93 344 186 405; x_wconf 91' lang='lat' dir='ltr'><strong>melle</strong></span> <span class='ocrx_word' id='word_1_9' title='bbox 204 343 322 421; x_wconf 85' lang='lat' dir='ltr'><strong>inungui</strong></span> <span class='ocrx_word' id='word_1_10' title='bbox 342 343 553 423; x_wconf 79' lang='lat' dir='ltr'><strong>obscuritates,</strong></span> <span class='ocrx_word' id='word_1_11' title='bbox 582 344 651 407; x_wconf 88' lang='lat' dir='ltr'><strong>item</strong></span> <span class='ocrx_word' id='word_1_12' title='bbox 669 346 741 407; x_wconf 87' lang='lat' dir='ltr'><strong>iellc</strong></span> <span class='ocrx_word' id='word_1_13' title='bbox 758 347 870 424; x_wconf 86' lang='lat' dir='ltr'><strong>ursino,</strong></span> <span class='ocrx_word' id='word_1_14' title='bbox 899 350 1078 429; x_wconf 68' lang='lat' dir='ltr'><strong>epinyctidas</strong></span> 
     </span>
     <span class='ocr_line' id='line_1_3' title="bbox 94 428 1078 507; baseline 0.006 -19"><span class='ocrx_word' id='word_1_15' title='bbox 94 428 183 507; x_wconf 90' lang='lat' dir='ltr'><strong>adipe</strong></span> <span class='ocrx_word' id='word_1_16' title='bbox 201 445 310 505; x_wconf 90' lang='lat' dir='ltr'><strong>apruno</strong></span> <span class='ocrx_word' id='word_1_17' title='bbox 326 446 389 488; x_wconf 90' lang='lat' dir='ltr'><strong>cum</strong></span> <span class='ocrx_word' id='word_1_18' title='bbox 401 447 536 491; x_wconf 85' lang='lat' dir='ltr'><strong>rosaceo.</strong></span> <span class='ocrx_word' id='word_1_19' title='bbox 563 429 686 505; x_wconf 87' lang='lat' dir='ltr'><strong>ungulae</strong></span> <span class='ocrx_word' id='word_1_20' title='bbox 700 430 825 493; x_wconf 74' lang='lat' dir='ltr'><strong>asininae</strong></span> <span class='ocrx_word' id='word_1_21' title='bbox 839 432 908 491; x_wconf 90' lang='lat' dir='ltr'><strong>cinis</strong></span> <span class='ocrx_word' id='word_1_22' title='bbox 922 434 1078 494; x_wconf 87' lang='lat' dir='ltr'><strong>inunctuse</strong></span> 
     </span>
    </p>

    <p class='ocr_par' dir='ltr' id='par_1_3' title="bbox 7 510 1119 1006">
     <span class='ocr_line' id='line_1_4' title="bbox 94 510 1119 588; baseline 0.01 -17"><span class='ocrx_word' id='word_1_23' title='bbox 94 529 148 572; x_wconf 88' lang='lat' dir='ltr'><strong>suo</strong></span> <span class='ocrx_word' id='word_1_24' title='bbox 160 510 238 571; x_wconf 88' lang='lat' dir='ltr'><strong>laete</strong></span> <span class='ocrx_word' id='word_1_25' title='bbox 249 511 396 572; x_wconf 88' lang='lat' dir='ltr'><strong>oculorum</strong></span> <span class='ocrx_word' id='word_1_26' title='bbox 410 513 562 573; x_wconf 85' lang='lat' dir='ltr'><strong>cicatrices</strong></span> <span class='ocrx_word' id='word_1_27' title='bbox 573 522 604 571; x_wconf 92' lang='lat' dir='ltr'><strong>et</strong></span> <span class='ocrx_word' id='word_1_28' title='bbox 611 511 763 588; x_wconf 87' lang='lat' dir='ltr'><strong>albugines</strong></span> <span class='ocrx_word' id='word_1_29' title='bbox 774 514 857 574; x_wconf 89' lang='lat' dir='ltr'><strong>tollit.</strong></span> <span class='ocrx_word' id='word_1_30' title='bbox 877 515 999 577; x_wconf 87' lang='lat' dir='ltr'><strong>medulla</strong></span> <span class='ocrx_word' id='word_1_31' title='bbox 1010 516 1119 582; x_wconf 72' lang='lat' dir='ltr'><strong>bulis</strong></span> 
     </span>
     <span class='ocr_line' id='line_1_5' title="bbox 93 593 1077 679; baseline 0.004 -24"><span class='ocrx_word' id='word_1_32' title='bbox 93 594 162 655; x_wconf 84' lang='lat' dir='ltr'><strong>bula</strong></span> <span class='ocrx_word' id='word_1_33' title='bbox 175 612 193 653; x_wconf 94' lang='lat' dir='ltr'><strong>e</strong></span> <span class='ocrx_word' id='word_1_34' title='bbox 207 593 310 654; x_wconf 84' lang='lat' dir='ltr'><strong>dextro</strong></span> <span class='ocrx_word' id='word_1_35' title='bbox 324 614 409 656; x_wconf 90' lang='lat' dir='ltr'><strong>crure</strong></span> <span class='ocrx_word' id='word_1_36' title='bbox 426 596 525 673; x_wconf 90' lang='lat' dir='ltr'><strong>priore</strong></span> <span class='ocrx_word' id='word_1_37' title='bbox 543 595 610 679; x_wconf 82' lang='lat' dir='ltr'><strong>trita</strong></span> <span class='ocrx_word' id='word_1_38' title='bbox 625 613 689 655; x_wconf 86' lang='lat' dir='ltr'><strong>cum</strong></span> <span class='ocrx_word' id='word_1_39' title='bbox 707 596 826 672; x_wconf 84' lang='lat' dir='ltr'><strong>iuligine</strong></span> <span class='ocrx_word' id='word_1_40' title='bbox 845 597 912 675; x_wconf 91' lang='lat' dir='ltr'><strong>pilis</strong></span> <span class='ocrx_word' id='word_1_41' title='bbox 932 607 961 659; x_wconf 92' lang='lat' dir='ltr'><strong>et</strong></span> <span class='ocrx_word' id='word_1_42' title='bbox 977 600 1077 677; x_wconf 88' lang='lat' dir='ltr'><strong>palpe-</strong></span> 
     </span>
     <span class='ocr_line' id='line_1_6' title="bbox 72 677 1076 759; baseline 0.01 -27"><span class='ocrx_word' id='word_1_43' title='bbox 72 678 210 738; x_wconf 77' lang='lat' dir='ltr'><strong>elrrarum</strong></span> <span class='ocrx_word' id='word_1_44' title='bbox 226 677 301 737; x_wconf 83' lang='lat' dir='ltr'><strong>vitiis</strong></span> <span class='ocrx_word' id='word_1_45' title='bbox 314 678 540 755; x_wconf 88' lang='lat' dir='ltr'><strong>angulorumque</strong></span> <span class='ocrx_word' id='word_1_46' title='bbox 554 681 694 754; x_wconf 85' lang='lat' dir='ltr'><strong>occurrit,</strong></span> <span class='ocrx_word' id='word_1_47' title='bbox 710 678 911 759; x_wconf 88' lang='lat' dir='ltr'><strong>calliblephari</strong></span> <span class='ocrx_word' id='word_1_48' title='bbox 928 682 1014 741; x_wconf 91' lang='lat' dir='ltr'><strong>modo</strong></span> <span class='ocrx_word' id='word_1_49' title='bbox 1034 682 1076 741; x_wconf 88' lang='lat' dir='ltr'><strong>lu·</strong></span> 
     </span>
     <span class='ocr_line' id='line_1_7' title="bbox 92 758 1076 842; baseline 0.005 -21"><span class='ocrx_word' id='word_1_50' title='bbox 92 762 153 839; x_wconf 89' lang='lat' dir='ltr'><strong>ligo</strong></span> <span class='ocrx_word' id='word_1_51' title='bbox 169 761 199 819; x_wconf 90' lang='lat' dir='ltr'><strong>in</strong></span> <span class='ocrx_word' id='word_1_52' title='bbox 210 758 269 819; x_wconf 85' lang='lat' dir='ltr'><strong>hoc</strong></span> <span class='ocrx_word' id='word_1_53' title='bbox 278 780 332 820; x_wconf 89' lang='lat' dir='ltr'><strong>usu</strong></span> <span class='ocrx_word' id='word_1_54' title='bbox 341 769 526 839; x_wconf 88' lang='lat' dir='ltr'><strong>temperatur,</strong></span> <span class='ocrx_word' id='word_1_55' title='bbox 535 770 650 839; x_wconf 80' lang='lat' dir='ltr'><strong>optume</strong></span> <span class='ocrx_word' id='word_1_56' title='bbox 663 762 807 837; x_wconf 77' lang='lat' dir='ltr'><strong>ellychnio</strong></span> <span class='ocrx_word' id='word_1_57' title='bbox 820 778 985 842; x_wconf 75' lang='lat' dir='ltr'><strong>papyraceo</strong></span> <span class='ocrx_word' id='word_1_58' title='bbox 996 765 1076 826; x_wconf 90' lang='lat' dir='ltr'><strong>oleo·</strong></span> 
     </span>
     <span class='ocr_line' id='line_1_8' title="bbox 7 844 1076 926; baseline 0.005 -18"><span class='ocrx_word' id='word_1_59' title='bbox 7 901 8 908; x_wconf 71' lang='grc'>,</span> <span class='ocrx_word' id='word_1_60' title='bbox 92 863 150 923; x_wconf 79' lang='lat' dir='ltr'><strong>pue</strong></span> <span class='ocrx_word' id='word_1_61' title='bbox 165 844 327 921; x_wconf 76' lang='lat' dir='ltr'><strong>sesamino,</strong></span> <span class='ocrx_word' id='word_1_62' title='bbox 350 844 471 921; x_wconf 90' lang='lat' dir='ltr'><strong>iuligine</strong></span> <span class='ocrx_word' id='word_1_63' title='bbox 490 845 520 904; x_wconf 91' lang='lat' dir='ltr'><strong>in</strong></span> <span class='ocrx_word' id='word_1_64' title='bbox 532 860 637 904; x_wconf 89' lang='lat' dir='ltr'><strong>novom</strong></span> <span class='ocrx_word' id='word_1_65' title='bbox 650 861 702 905; x_wconf 85' lang='lat' dir='ltr'><strong>vas</strong></span> <span class='ocrx_word' id='word_1_66' title='bbox 717 846 810 923; x_wconf 80' lang='lat' dir='ltr'><strong>pinnis</strong></span> <span class='ocrx_word' id='word_1_67' title='bbox 826 845 959 926; x_wconf 87' lang='lat' dir='ltr'><strong>detersa,</strong></span> <span class='ocrx_word' id='word_1_68' title='bbox 979 847 1076 913; x_wconf 74' lang='lat' dir='ltr'><strong>cilica-</strong></span> 
     </span>
     <span class='ocr_line' id='line_1_9' title="bbox 7 927 1076 1006; baseline 0.002 -19"><span class='ocrx_word' id='word_1_69' title='bbox 7 957 8 964; x_wconf 20' lang='grc' dir='ltr'><strong>κ</strong></span> <span class='ocrx_word' id='word_1_70' title='bbox 93 928 210 987; x_wconf 81' lang='lat' dir='ltr'><strong>sissimo</strong></span> <span class='ocrx_word' id='word_1_71' title='bbox 224 935 318 987; x_wconf 87' lang='lat' dir='ltr'><strong>tamen</strong></span> <span class='ocrx_word' id='word_1_72' title='bbox 334 928 454 992; x_wconf 78' lang='lat' dir='ltr'><strong>evolsos</strong></span> <span class='ocrx_word' id='word_1_73' title='bbox 470 927 510 987; x_wconf 90' lang='lat' dir='ltr'><strong>ihi</strong></span> <span class='ocrx_word' id='word_1_74' title='bbox 522 927 599 1006; x_wconf 91' lang='lat' dir='ltr'><strong>pilos</strong></span> <span class='ocrx_word' id='word_1_75' title='bbox 615 937 742 989; x_wconf 85' lang='lat' dir='ltr'><strong>coercet.</strong></span> <span class='ocrx_word' id='word_1_76' title='bbox 774 928 846 991; x_wconf 89' lang='lat' dir='ltr'><strong>ielle</strong></span> <span class='ocrx_word' id='word_1_77' title='bbox 859 932 932 989; x_wconf 87' lang='lat' dir='ltr'><strong>tauri</strong></span> <span class='ocrx_word' id='word_1_78' title='bbox 948 948 1012 991; x_wconf 86' lang='lat' dir='ltr'><strong>cum</strong></span> <span class='ocrx_word' id='word_1_79' title='bbox 1029 932 1076 990; x_wconf 83' lang='lat' dir='ltr'><strong>ovi</strong></span> 
     </span>
    </p>
   </div>
   <div class='ocr_carea' id='block_1_3' title="bbox 7 1009 1209 1091">
    <p class='ocr_par' dir='ltr' id='par_1_4' title="bbox 7 1009 1209 1091">
     <span class='ocr_line' id='line_1_10' title="bbox 7 1009 1209 1091; baseline -0.007 -15"><span class='ocrx_word' id='word_1_80' title='bbox 7 1011 8 1076; x_wconf 91' lang='lat' dir='ltr'><strong>l</strong></span> <span class='ocrx_word' id='word_1_81' title='bbox 93 1010 161 1071; x_wconf 83' lang='lat' dir='ltr'><strong>albo</strong></span> <span class='ocrx_word' id='word_1_82' title='bbox 178 1009 301 1084; x_wconf 71' lang='lat' dir='ltr'><strong>collmia</strong></span> <span class='ocrx_word' id='word_1_83' title='bbox 325 1010 410 1087; x_wconf 89' lang='lat' dir='ltr'><strong>liunt,</strong></span> <span class='ocrx_word' id='word_1_84' title='bbox 429 1028 560 1089; x_wconf 79' lang='lat' dir='ltr'><strong>aquaque</strong></span> <span class='ocrx_word' id='word_1_85' title='bbox 579 1010 718 1073; x_wconf 87' lang='lat' dir='ltr'><strong>dissoluta</strong></span> <span class='ocrx_word' id='word_1_86' title='bbox 739 1012 876 1089; x_wconf 85' lang='lat' dir='ltr'><strong>inungunt</strong></span> <span class='ocrx_word' id='word_1_87' title='bbox 896 1028 951 1091; x_wconf 89' lang='lat' dir='ltr'><strong>por</strong></span> <span class='ocrx_word' id='word_1_88' title='bbox 971 1015 1076 1091; x_wconf 72' lang='lat' dir='ltr'><strong>quatri</strong></span> <span class='ocrx_word' id='word_1_89' title='bbox 1207 1044 1209 1049; x_wconf 68' lang='lat'><strong>,</strong></span> 
     </span>
    </p>
   </div>
   <div class='ocr_carea' id='block_1_4' title="bbox 7 1085 1118 3501">
    <p class='ocr_par' dir='ltr' id='par_1_5' title="bbox 7 1085 1118 3501">
     <span class='ocr_line' id='line_1_11' title="bbox 7 1085 1118 1173; baseline 0.005 -19"><span class='ocrx_word' id='word_1_90' title='bbox 7 1085 8 1154; x_wconf 75' lang='grc' dir='ltr'>Ϊ</span> <span class='ocrx_word' id='word_1_91' title='bbox 63 1094 187 1155; x_wconf 76' lang='lat' dir='ltr'><strong>roduam.</strong></span> <span class='ocrx_word' id='word_1_92' title='bbox 217 1093 318 1153; x_wconf 85' lang='lat' dir='ltr'><strong>sebum</strong></span> <span class='ocrx_word' id='word_1_93' title='bbox 332 1094 412 1154; x_wconf 84' lang='lat' dir='ltr'><strong>vituli</strong></span> <span class='ocrx_word' id='word_1_94' title='bbox 431 1112 495 1155; x_wconf 91' lang='lat' dir='ltr'><strong>cum</strong></span> <span class='ocrx_word' id='word_1_95' title='bbox 510 1094 622 1154; x_wconf 83' lang='lat' dir='ltr'><strong>anseris</strong></span> <span class='ocrx_word' id='word_1_96' title='bbox 637 1094 722 1172; x_wconf 82' lang='lat' dir='ltr'><strong>adipe</strong></span> <span class='ocrx_word' id='word_1_97' title='bbox 737 1104 767 1155; x_wconf 93' lang='lat' dir='ltr'><strong>et</strong></span> <span class='ocrx_word' id='word_1_98' title='bbox 782 1096 865 1157; x_wconf 91' lang='lat' dir='ltr'><strong>ocimi</strong></span> <span class='ocrx_word' id='word_1_99' title='bbox 881 1112 952 1155; x_wconf 86' lang='lat' dir='ltr'><strong>suco</strong></span> <span class='ocrx_word' id='word_1_100' title='bbox 967 1104 1118 1173; x_wconf 84' lang='lat' dir='ltr'><strong>gena-169</strong></span> 
     </span>
     <span class='ocr_line' id='line_1_12' title="bbox 7 1176 1075 1259; baseline 0.001 -22"><span class='ocrx_word' id='word_1_101' title='bbox 7 1247 8 1250; x_wconf 8' lang='grc' dir='ltr'><strong>Ἴ</strong></span> <span class='ocrx_word' id='word_1_102' title='bbox 94 1196 156 1238; x_wconf 91' lang='lat' dir='ltr'><strong>rum</strong></span> <span class='ocrx_word' id='word_1_103' title='bbox 171 1176 249 1236; x_wconf 87' lang='lat' dir='ltr'><strong>vitiis</strong></span> <span class='ocrx_word' id='word_1_104' title='bbox 263 1178 439 1255; x_wconf 90' lang='lat' dir='ltr'><strong>aptissimum</strong></span> <span class='ocrx_word' id='word_1_105' title='bbox 452 1186 507 1239; x_wconf 90' lang='lat' dir='ltr'><strong>est.</strong></span> <span class='ocrx_word' id='word_1_106' title='bbox 538 1177 666 1239; x_wconf 87' lang='lat' dir='ltr'><strong>eiusdem</strong></span> <span class='ocrx_word' id='word_1_107' title='bbox 687 1177 829 1239; x_wconf 85' lang='lat' dir='ltr'><strong>medullae</strong></span> <span class='ocrx_word' id='word_1_108' title='bbox 844 1196 908 1239; x_wconf 89' lang='lat' dir='ltr'><strong>cum</strong></span> <span class='ocrx_word' id='word_1_109' title='bbox 927 1180 989 1258; x_wconf 85' lang='lat' dir='ltr'><strong>pari</strong></span> <span class='ocrx_word' id='word_1_110' title='bbox 1005 1195 1075 1259; x_wconf 91' lang='lat' dir='ltr'><strong>pon·</strong></span> 
     </span>
     <span class='ocr_line' id='line_1_13' title="bbox 93 1260 1077 1340; baseline -0.001 -18"><span class='ocrx_word' id='word_1_111' title='bbox 93 1261 162 1322; x_wconf 90' lang='lat' dir='ltr'><strong>dere</strong></span> <span class='ocrx_word' id='word_1_112' title='bbox 178 1277 265 1320; x_wconf 88' lang='lat' dir='ltr'><strong>cerae</strong></span> <span class='ocrx_word' id='word_1_113' title='bbox 288 1268 320 1319; x_wconf 86' lang='lat' dir='ltr'><strong>et</strong></span> <span class='ocrx_word' id='word_1_114' title='bbox 339 1260 398 1321; x_wconf 92' lang='lat' dir='ltr'><strong>olei</strong></span> <span class='ocrx_word' id='word_1_115' title='bbox 410 1260 458 1321; x_wconf 82' lang='lat' dir='ltr'><strong>vel</strong></span> <span class='ocrx_word' id='word_1_116' title='bbox 477 1261 592 1321; x_wconf 85' lang='lat' dir='ltr'><strong>rosacei</strong></span> <span class='ocrx_word' id='word_1_117' title='bbox 611 1260 707 1321; x_wconf 90' lang='lat' dir='ltr'><strong>addito</strong></span> <span class='ocrx_word' id='word_1_118' title='bbox 724 1278 781 1340; x_wconf 82' lang='lat' dir='ltr'><strong>oro</strong></span> <span class='ocrx_word' id='word_1_119' title='bbox 803 1261 923 1323; x_wconf 87' lang='lat' dir='ltr'><strong>duritiae</strong></span> <span class='ocrx_word' id='word_1_120' title='bbox 940 1278 1077 1340; x_wconf 82' lang='lat' dir='ltr'><strong>genarum</strong></span> 
     </span>
     <span class='ocr_line' id='line_1_14' title="bbox 7 1344 1075 1424; baseline 0 -19"><span class='ocrx_word' id='word_1_121' title='bbox 7 1357 8 1364; x_wconf 73' lang='grc'>’</span> <span class='ocrx_word' id='word_1_122' title='bbox 92 1344 254 1405; x_wconf 89' lang='lat' dir='ltr'><strong>inlinuntur.</strong></span> <span class='ocrx_word' id='word_1_123' title='bbox 284 1360 373 1405; x_wconf 89' lang='lat' dir='ltr'><strong>caseo</strong></span> <span class='ocrx_word' id='word_1_124' title='bbox 387 1344 469 1405; x_wconf 90' lang='lat' dir='ltr'><strong>molli</strong></span> <span class='ocrx_word' id='word_1_125' title='bbox 481 1344 600 1422; x_wconf 89' lang='lat' dir='ltr'><strong>caprino</strong></span> <span class='ocrx_word' id='word_1_126' title='bbox 618 1344 746 1423; x_wconf 87' lang='lat' dir='ltr'><strong>inposito</strong></span> <span class='ocrx_word' id='word_1_127' title='bbox 761 1360 799 1404; x_wconf 84' lang='lat' dir='ltr'><strong>ex</strong></span> <span class='ocrx_word' id='word_1_128' title='bbox 819 1360 891 1424; x_wconf 84' lang='lat' dir='ltr'><strong>aqua</strong></span> <span class='ocrx_word' id='word_1_129' title='bbox 906 1345 998 1407; x_wconf 82' lang='lat' dir='ltr'><strong>calida</strong></span> <span class='ocrx_word' id='word_1_130' title='bbox 1014 1346 1075 1424; x_wconf 87' lang='lat' dir='ltr'><strong>epi·</strong></span> 
     </span>
     <span class='ocr_line' id='line_1_15' title="bbox 92 1425 1074 1507; baseline 0.002 -20"><span class='ocrx_word' id='word_1_131' title='bbox 92 1426 203 1506; x_wconf 78' lang='lat' dir='ltr'><strong>plone</strong></span> <span class='ocrx_word' id='word_1_132' title='bbox 229 1425 381 1504; x_wconf 87' lang='lat' dir='ltr'><strong>sedantur,</strong></span> <span class='ocrx_word' id='word_1_133' title='bbox 407 1428 432 1487; x_wconf 89' lang='lat' dir='ltr'><strong>si</strong></span> <span class='ocrx_word' id='word_1_134' title='bbox 451 1436 543 1487; x_wconf 89' lang='lat' dir='ltr'><strong>tumor</strong></span> <span class='ocrx_word' id='word_1_135' title='bbox 564 1428 618 1503; x_wconf 91' lang='lat' dir='ltr'><strong>sit,</strong></span> <span class='ocrx_word' id='word_1_136' title='bbox 643 1444 682 1487; x_wconf 86' lang='lat' dir='ltr'><strong>ex</strong></span> <span class='ocrx_word' id='word_1_137' title='bbox 701 1428 797 1489; x_wconf 89' lang='lat' dir='ltr'><strong>melle.</strong></span> <span class='ocrx_word' id='word_1_138' title='bbox 833 1438 983 1507; x_wconf 80' lang='lat' dir='ltr'><strong>utrumque</strong></span> <span class='ocrx_word' id='word_1_139' title='bbox 1003 1445 1074 1489; x_wconf 82' lang='lat' dir='ltr'><strong>vero</strong></span> 
     </span>
     <span class='ocr_line' id='line_1_16' title="bbox 64 1508 1074 1589; baseline 0.002 -20"><span class='ocrx_word' id='word_1_140' title='bbox 64 1529 161 1571; x_wconf 69' lang='lat' dir='ltr'><strong>,nsero</strong></span> <span class='ocrx_word' id='word_1_141' title='bbox 178 1508 274 1570; x_wconf 89' lang='lat' dir='ltr'><strong>calido</strong></span> <span class='ocrx_word' id='word_1_142' title='bbox 289 1509 453 1571; x_wconf 84' lang='lat' dir='ltr'><strong>fouendum.</strong></span> <span class='ocrx_word' id='word_1_143' title='bbox 484 1512 561 1571; x_wconf 86' lang='lat' dir='ltr'><strong>sicca</strong></span> <span class='ocrx_word' id='word_1_144' title='bbox 571 1509 711 1589; x_wconf 79' lang='lat' dir='ltr'><strong>lippitudo</strong></span> <span class='ocrx_word' id='word_1_145' title='bbox 727 1510 860 1572; x_wconf 86' lang='lat' dir='ltr'><strong>lumbulis</strong></span> <span class='ocrx_word' id='word_1_146' title='bbox 874 1529 953 1571; x_wconf 92' lang='lat' dir='ltr'><strong>suum</strong></span> <span class='ocrx_word' id='word_1_147' title='bbox 965 1512 1074 1571; x_wconf 86' lang='lat' dir='ltr'><strong>exustis</strong></span> 
     </span>
     <span class='ocr_line' id='line_1_17' title="bbox 7 1591 1118 1673; baseline -0.001 -18"><span class='ocrx_word' id='word_1_148' title='bbox 7 1628 8 1637; x_wconf 26' lang='grc' dir='ltr'><strong>κ</strong></span> <span class='ocrx_word' id='word_1_149' title='bbox 91 1604 177 1673; x_wconf 85' lang='lat' dir='ltr'><strong>atque</strong></span> <span class='ocrx_word' id='word_1_150' title='bbox 195 1594 326 1654; x_wconf 73' lang='lat' dir='ltr'><strong>contritis</strong></span> <span class='ocrx_word' id='word_1_151' title='bbox 346 1604 376 1653; x_wconf 89' lang='lat' dir='ltr'><strong>et</strong></span> <span class='ocrx_word' id='word_1_152' title='bbox 388 1595 522 1672; x_wconf 90' lang='lat' dir='ltr'><strong>inpositis</strong></span> <span class='ocrx_word' id='word_1_153' title='bbox 538 1592 657 1654; x_wconf 89' lang='lat' dir='ltr'><strong>tollitur.</strong></span> <span class='ocrx_word' id='word_1_154' title='bbox 687 1591 796 1671; x_wconf 75' lang='lat' dir='ltr'><strong>capras</strong></span> <span class='ocrx_word' id='word_1_155' title='bbox 818 1602 924 1670; x_wconf 86' lang='lat' dir='ltr'><strong>negant</strong></span> <span class='ocrx_word' id='word_1_156' title='bbox 938 1594 1055 1673; x_wconf 85' lang='lat' dir='ltr'><strong>lippire,</strong></span> <span class='ocrx_word' id='word_1_157' title='bbox 1066 1600 1118 1657; x_wconf 81' lang='lat' dir='ltr'><strong>lio</strong></span> 
     </span>
     <span class='ocr_line' id='line_1_18' title="bbox 7 1643 1074 1756; baseline 0.003 -24"><span class='ocrx_word' id='word_1_158' title='bbox 7 1643 8 1732; x_wconf 69' lang='lat' dir='ltr'><strong>l</strong></span> <span class='ocrx_word' id='word_1_159' title='bbox 91 1678 226 1756; x_wconf 82' lang='lat' dir='ltr'><strong>quoniam</strong></span> <span class='ocrx_word' id='word_1_160' title='bbox 240 1676 378 1755; x_wconf 69' lang='lat' dir='ltr'><strong>quamam</strong></span> <span class='ocrx_word' id='word_1_161' title='bbox 391 1675 498 1737; x_wconf 87' lang='lat' dir='ltr'><strong>herbas</strong></span> <span class='ocrx_word' id='word_1_162' title='bbox 512 1675 606 1752; x_wconf 89' lang='lat' dir='ltr'><strong>edint,</strong></span> <span class='ocrx_word' id='word_1_163' title='bbox 620 1678 689 1737; x_wconf 90' lang='lat' dir='ltr'><strong>item</strong></span> <span class='ocrx_word' id='word_1_164' title='bbox 703 1676 853 1737; x_wconf 82' lang='lat' dir='ltr'><strong>dorcadas.</strong></span> <span class='ocrx_word' id='word_1_165' title='bbox 885 1676 923 1735; x_wconf 89' lang='lat' dir='ltr'><strong>ob</strong></span> <span class='ocrx_word' id='word_1_166' title='bbox 937 1676 965 1735; x_wconf 91' lang='lat' dir='ltr'><strong>id</strong></span> <span class='ocrx_word' id='word_1_167' title='bbox 980 1677 1074 1735; x_wconf 85' lang='lat' dir='ltr'><strong>limum</strong></span> 
     </span>
     <span class='ocr_line' id='line_1_19' title="bbox 7 1757 1074 1848; baseline -0.006 -27"><span class='ocrx_word' id='word_1_168' title='bbox 7 1770 10 1848; x_wconf 65' lang='lat' dir='ltr'><strong>l</strong></span> <span class='ocrx_word' id='word_1_169' title='bbox 90 1778 189 1821; x_wconf 88' lang='lat' dir='ltr'><strong>earum</strong></span> <span class='ocrx_word' id='word_1_170' title='bbox 202 1776 271 1820; x_wconf 84' lang='lat' dir='ltr'><strong>cera</strong></span> <span class='ocrx_word' id='word_1_171' title='bbox 284 1759 486 1820; x_wconf 87' lang='lat' dir='ltr'><strong>circumdatum</strong></span> <span class='ocrx_word' id='word_1_172' title='bbox 500 1775 576 1818; x_wconf 82' lang='lat' dir='ltr'><strong>noua</strong></span> <span class='ocrx_word' id='word_1_173' title='bbox 588 1757 654 1819; x_wconf 91' lang='lat' dir='ltr'><strong>luua</strong></span> <span class='ocrx_word' id='word_1_174' title='bbox 666 1758 807 1819; x_wconf 86' lang='lat' dir='ltr'><strong>devorare</strong></span> <span class='ocrx_word' id='word_1_175' title='bbox 820 1758 928 1833; x_wconf 86' lang='lat' dir='ltr'><strong>iubent,</strong></span> <span class='ocrx_word' id='word_1_176' title='bbox 943 1767 973 1817; x_wconf 91' lang='lat' dir='ltr'><strong>et</strong></span> <span class='ocrx_word' id='word_1_177' title='bbox 986 1774 1074 1835; x_wconf 86' lang='lat' dir='ltr'><strong>quon·</strong></span> 
     </span>
     <span class='ocr_line' id='line_1_20' title="bbox 7 1839 1075 1921; baseline -0.004 -18"><span class='ocrx_word' id='word_1_178' title='bbox 7 1891 8 1896; x_wconf 31' lang='lat'>1</span> <span class='ocrx_word' id='word_1_179' title='bbox 90 1845 148 1903; x_wconf 88' lang='lat' dir='ltr'><strong>iam</strong></span> <span class='ocrx_word' id='word_1_180' title='bbox 171 1852 259 1903; x_wconf 90' lang='lat' dir='ltr'><strong>noctu</strong></span> <span class='ocrx_word' id='word_1_181' title='bbox 280 1861 334 1903; x_wconf 90' lang='lat' dir='ltr'><strong>eae</strong></span> <span class='ocrx_word' id='word_1_182' title='bbox 358 1859 474 1921; x_wconf 85' lang='lat' dir='ltr'><strong>quoque</strong></span> <span class='ocrx_word' id='word_1_183' title='bbox 497 1850 624 1900; x_wconf 89' lang='lat' dir='ltr'><strong>cernant.</strong></span> <span class='ocrx_word' id='word_1_184' title='bbox 668 1841 805 1917; x_wconf 89' lang='lat' dir='ltr'><strong>sanguine</strong></span> <span class='ocrx_word' id='word_1_185' title='bbox 832 1841 944 1901; x_wconf 88' lang='lat' dir='ltr'><strong>hircino</strong></span> <span class='ocrx_word' id='word_1_186' title='bbox 969 1839 1075 1900; x_wconf 84' lang='lat' dir='ltr'><strong>luscio·</strong></span> 
     </span>
     <span class='ocr_line' id='line_1_21' title="bbox 7 1922 1075 2004; baseline -0.002 -19"><span class='ocrx_word' id='word_1_187' title='bbox 7 1935 8 1974; x_wconf 54' lang='grc' dir='ltr'>ἒ</span> <span class='ocrx_word' id='word_1_188' title='bbox 59 1944 145 1988; x_wconf 84' lang='lat' dir='ltr'><strong>meos</strong></span> <span class='ocrx_word' id='word_1_189' title='bbox 159 1926 252 1986; x_wconf 89' lang='lat' dir='ltr'><strong>sanari</strong></span> <span class='ocrx_word' id='word_1_190' title='bbox 266 1935 363 2004; x_wconf 89' lang='lat' dir='ltr'><strong>putant</strong></span> <span class='ocrx_word' id='word_1_191' title='bbox 385 1924 555 2002; x_wconf 66' lang='lat' dir='ltr'><strong>nyctalopas</strong></span> <span class='ocrx_word' id='word_1_192' title='bbox 574 1922 725 1985; x_wconf 75' lang='lat' dir='ltr'><strong>adraecis</strong></span> <span class='ocrx_word' id='word_1_193' title='bbox 747 1924 856 2000; x_wconf 88' lang='lat' dir='ltr'><strong>dictos,</strong></span> <span class='ocrx_word' id='word_1_194' title='bbox 879 1940 985 2002; x_wconf 88' lang='lat' dir='ltr'><strong>caprae</strong></span> <span class='ocrx_word' id='word_1_195' title='bbox 1003 1938 1075 1983; x_wconf 81' lang='lat' dir='ltr'><strong>vero</strong></span> 
     </span>
     <span class='ocr_line' id='line_1_22' title="bbox 7 2006 1074 2098; baseline -0.005 -28"><span class='ocrx_word' id='word_1_196' title='bbox 7 2041 8 2098; x_wconf 61' lang='lat' dir='ltr'><strong>p</strong></span> <span class='ocrx_word' id='word_1_197' title='bbox 92 2009 265 2070; x_wconf 90' lang='lat' dir='ltr'><strong>iocinerein</strong></span> <span class='ocrx_word' id='word_1_198' title='bbox 279 2010 348 2069; x_wconf 80' lang='lat' dir='ltr'><strong>rino</strong></span> <span class='ocrx_word' id='word_1_199' title='bbox 368 2016 483 2069; x_wconf 88' lang='lat' dir='ltr'><strong>austero</strong></span> <span class='ocrx_word' id='word_1_200' title='bbox 508 2006 642 2067; x_wconf 87' lang='lat' dir='ltr'><strong>decocto.</strong></span> <span class='ocrx_word' id='word_1_201' title='bbox 672 2007 784 2086; x_wconf 87' lang='lat' dir='ltr'><strong>quidam</strong></span> <span class='ocrx_word' id='word_1_202' title='bbox 806 2008 922 2068; x_wconf 87' lang='lat' dir='ltr'><strong>inassati</strong></span> <span class='ocrx_word' id='word_1_203' title='bbox 938 2006 1074 2068; x_wconf 88' lang='lat' dir='ltr'><strong>iocineris</strong></span> 
     </span>
     <span class='ocr_line' id='line_1_23' title="bbox 91 2090 1073 2188; baseline -0.006 -35"><span class='ocrx_word' id='word_1_204' title='bbox 91 2094 176 2153; x_wconf 88' lang='lat' dir='ltr'><strong>sanie</strong></span> <span class='ocrx_word' id='word_1_205' title='bbox 188 2092 325 2169; x_wconf 88' lang='lat' dir='ltr'><strong>inungunt</strong></span> <span class='ocrx_word' id='word_1_206' title='bbox 338 2100 387 2152; x_wconf 91' lang='lat' dir='ltr'><strong>aut</strong></span> <span class='ocrx_word' id='word_1_207' title='bbox 400 2091 472 2152; x_wconf 89' lang='lat' dir='ltr'><strong>lelle</strong></span> <span class='ocrx_word' id='word_1_208' title='bbox 489 2108 606 2188; x_wconf 76' lang='lat' dir='ltr'><strong>caprae,</strong></span> <span class='ocrx_word' id='word_1_209' title='bbox 625 2092 780 2169; x_wconf 85' lang='lat' dir='ltr'><strong>carnisque·</strong></span> <span class='ocrx_word' id='word_1_210' title='bbox 792 2092 874 2151; x_wconf 82' lang='lat' dir='ltr'><strong>vesci</strong></span> <span class='ocrx_word' id='word_1_211' title='bbox 889 2108 940 2151; x_wconf 86' lang='lat' dir='ltr'><strong>ens</strong></span> <span class='ocrx_word' id='word_1_212' title='bbox 954 2100 994 2167; x_wconf 87' lang='lat' dir='ltr'><strong>et,</strong></span> <span class='ocrx_word' id='word_1_213' title='bbox 1009 2090 1073 2150; x_wconf 89' lang='lat' dir='ltr'><strong>dum</strong></span> 
     </span>
     <span class='ocr_line' id='line_1_24' title="bbox 7 2174 1113 2321; baseline 0 0"><span class='ocrx_word' id='word_1_214' title='bbox 7 2305 8 2320; x_wconf 21' lang='grc' dir='ltr'>ψ</span> <span class='ocrx_word' id='word_1_215' title='bbox 91 2174 1113 2321; x_wconf 54' lang='lat' dir='ltr'><strong>millioli?⁶„2tilioli,lliltfflloll‘itllila</strong></span> 
     </span>
     <span class='ocr_line' id='line_1_25' title="bbox 62 2340 1073 2419; baseline -0.002 -18"><span class='ocrx_word' id='word_1_216' title='bbox 62 2342 198 2404; x_wconf 78' lang='lat' dir='ltr'><strong>coculos</strong></span> <span class='ocrx_word' id='word_1_217' title='bbox 212 2343 340 2401; x_wconf 89' lang='lat' dir='ltr'><strong>iocinere</strong></span> <span class='ocrx_word' id='word_1_218' title='bbox 358 2342 390 2402; x_wconf 88' lang='lat' dir='ltr'><strong>iu</strong></span> <span class='ocrx_word' id='word_1_219' title='bbox 401 2340 469 2401; x_wconf 90' lang='lat' dir='ltr'><strong>ollis</strong></span> <span class='ocrx_word' id='word_1_220' title='bbox 485 2341 625 2417; x_wconf 87' lang='lat' dir='ltr'><strong>decocto,</strong></span> <span class='ocrx_word' id='word_1_221' title='bbox 648 2341 760 2419; x_wconf 84' lang='lat' dir='ltr'><strong>quidam</strong></span> <span class='ocrx_word' id='word_1_222' title='bbox 781 2341 916 2401; x_wconf 84' lang='lat' dir='ltr'><strong>inessnto.</strong></span> <span class='ocrx_word' id='word_1_223' title='bbox 950 2341 991 2401; x_wconf 88' lang='lat' dir='ltr'><strong>iel</strong></span> <span class='ocrx_word' id='word_1_224' title='bbox 1012 2340 1073 2418; x_wconf 86' lang='lat' dir='ltr'><strong>qui·</strong></span> 
     </span>
     <span class='ocr_line' id='line_1_26' title="bbox 92 2423 1074 2503; baseline -0.005 -17"><span class='ocrx_word' id='word_1_225' title='bbox 92 2426 154 2486; x_wconf 89' lang='lat' dir='ltr'><strong>dem</strong></span> <span class='ocrx_word' id='word_1_226' title='bbox 176 2426 323 2503; x_wconf 88' lang='lat' dir='ltr'><strong>caprinum</strong></span> <span class='ocrx_word' id='word_1_227' title='bbox 341 2424 471 2503; x_wconf 85' lang='lat' dir='ltr'><strong>pluribus</strong></span> <span class='ocrx_word' id='word_1_228' title='bbox 489 2423 580 2485; x_wconf 88' lang='lat' dir='ltr'><strong>modis</strong></span> <span class='ocrx_word' id='word_1_229' title='bbox 600 2423 763 2500; x_wconf 86' lang='lat' dir='ltr'><strong>adsumunt,</strong></span> <span class='ocrx_word' id='word_1_230' title='bbox 784 2441 847 2485; x_wconf 90' lang='lat' dir='ltr'><strong>cum</strong></span> <span class='ocrx_word' id='word_1_231' title='bbox 866 2424 952 2484; x_wconf 90' lang='lat' dir='ltr'><strong>melle</strong></span> <span class='ocrx_word' id='word_1_232' title='bbox 975 2432 1074 2484; x_wconf 88' lang='lat' dir='ltr'><strong>contra</strong></span> 
     </span>
     <span class='ocr_line' id='line_1_27' title="bbox 92 2506 1073 2586; baseline -0.009 -15"><span class='ocrx_word' id='word_1_233' title='bbox 92 2509 243 2586; x_wconf 76' lang='lat' dir='ltr'><strong>caligines,</strong></span> <span class='ocrx_word' id='word_1_234' title='bbox 255 2525 318 2567; x_wconf 90' lang='lat' dir='ltr'><strong>cum</strong></span> <span class='ocrx_word' id='word_1_235' title='bbox 332 2508 438 2567; x_wconf 75' lang='lat' dir='ltr'><strong>ueratri</strong></span> <span class='ocrx_word' id='word_1_236' title='bbox 453 2506 563 2569; x_wconf 88' lang='lat' dir='ltr'><strong>candidi</strong></span> <span class='ocrx_word' id='word_1_237' title='bbox 577 2508 662 2567; x_wconf 90' lang='lat' dir='ltr'><strong>tertia</strong></span> <span class='ocrx_word' id='word_1_238' title='bbox 676 2516 757 2586; x_wconf 86' lang='lat' dir='ltr'><strong>parte</strong></span> <span class='ocrx_word' id='word_1_239' title='bbox 773 2516 872 2567; x_wconf 89' lang='lat' dir='ltr'><strong>contra</strong></span> <span class='ocrx_word' id='word_1_240' title='bbox 882 2508 1073 2584; x_wconf 81' lang='lat' dir='ltr'><strong>glaucomata,</strong></span> 
     </span>
     <span class='ocr_line' id='line_1_28' title="bbox 91 2590 1073 2667; baseline -0.007 -14"><span class='ocrx_word' id='word_1_241' title='bbox 91 2611 154 2653; x_wconf 84' lang='lat' dir='ltr'><strong>cum</strong></span> <span class='ocrx_word' id='word_1_242' title='bbox 170 2592 236 2651; x_wconf 82' lang='lat' dir='ltr'><strong>rino</strong></span> <span class='ocrx_word' id='word_1_243' title='bbox 252 2598 352 2650; x_wconf 86' lang='lat' dir='ltr'><strong>contra</strong></span> <span class='ocrx_word' id='word_1_244' title='bbox 367 2591 517 2651; x_wconf 85' lang='lat' dir='ltr'><strong>cicatrices</strong></span> <span class='ocrx_word' id='word_1_245' title='bbox 532 2600 561 2651; x_wconf 89' lang='lat' dir='ltr'><strong>et</strong></span> <span class='ocrx_word' id='word_1_246' title='bbox 574 2590 725 2667; x_wconf 77' lang='lat' dir='ltr'><strong>albugines</strong></span> <span class='ocrx_word' id='word_1_247' title='bbox 739 2600 768 2650; x_wconf 88' lang='lat' dir='ltr'><strong>et</strong></span> <span class='ocrx_word' id='word_1_248' title='bbox 783 2592 923 2667; x_wconf 80' lang='lat' dir='ltr'><strong>caligines</strong></span> <span class='ocrx_word' id='word_1_249' title='bbox 937 2597 965 2649; x_wconf 88' lang='lat' dir='ltr'><strong>et</strong></span> <span class='ocrx_word' id='word_1_250' title='bbox 978 2596 1073 2665; x_wconf 75' lang='lat' dir='ltr'><strong>ptery-</strong></span> 
     </span>
     <span class='ocr_line' id='line_1_29' title="bbox 90 2670 1072 2753; baseline -0.008 -18"><span class='ocrx_word' id='word_1_251' title='bbox 90 2678 138 2753; x_wconf 90' lang='lat' dir='ltr'><strong>gia</strong></span> <span class='ocrx_word' id='word_1_252' title='bbox 163 2683 193 2735; x_wconf 90' lang='lat' dir='ltr'><strong>et</strong></span> <span class='ocrx_word' id='word_1_253' title='bbox 219 2690 353 2749; x_wconf 89' lang='lat' dir='ltr'><strong>argema,</strong></span> <span class='ocrx_word' id='word_1_254' title='bbox 377 2674 415 2734; x_wconf 96' lang='lat' dir='ltr'><strong>ad</strong></span> <span class='ocrx_word' id='word_1_255' title='bbox 434 2674 589 2753; x_wconf 85' lang='lat' dir='ltr'><strong>palpebras</strong></span> <span class='ocrx_word' id='word_1_256' title='bbox 608 2691 681 2735; x_wconf 80' lang='lat' dir='ltr'><strong>vero</strong></span> <span class='ocrx_word' id='word_1_257' title='bbox 703 2673 806 2733; x_wconf 85' lang='lat' dir='ltr'><strong>evolso</strong></span> <span class='ocrx_word' id='word_1_258' title='bbox 826 2675 904 2752; x_wconf 87' lang='lat' dir='ltr'><strong>prius</strong></span> <span class='ocrx_word' id='word_1_259' title='bbox 925 2670 984 2750; x_wconf 87' lang='lat' dir='ltr'><strong>pilo</strong></span> <span class='ocrx_word' id='word_1_260' title='bbox 1008 2685 1072 2728; x_wconf 90' lang='lat' dir='ltr'><strong>cum</strong></span> 
     </span>
     <span class='ocr_line' id='line_1_30' title="bbox 60 2750 1074 2834; baseline -0.011 -13"><span class='ocrx_word' id='word_1_261' title='bbox 60 2776 161 2821; x_wconf 82' lang='lat' dir='ltr'><strong>assues</strong></span> <span class='ocrx_word' id='word_1_262' title='bbox 178 2757 271 2817; x_wconf 91' lang='lat' dir='ltr'><strong>oleris</strong></span> <span class='ocrx_word' id='word_1_263' title='bbox 287 2758 326 2818; x_wconf 91' lang='lat' dir='ltr'><strong>ita</strong></span> <span class='ocrx_word' id='word_1_264' title='bbox 350 2765 379 2816; x_wconf 86' lang='lat' dir='ltr'><strong>ut</strong></span> <span class='ocrx_word' id='word_1_265' title='bbox 398 2758 493 2817; x_wconf 84' lang='lat' dir='ltr'><strong>unctio</strong></span> <span class='ocrx_word' id='word_1_266' title='bbox 515 2758 671 2834; x_wconf 88' lang='lat' dir='ltr'><strong>inarescat,</strong></span> <span class='ocrx_word' id='word_1_267' title='bbox 699 2764 797 2817; x_wconf 86' lang='lat' dir='ltr'><strong>contra</strong></span> <span class='ocrx_word' id='word_1_268' title='bbox 816 2766 914 2833; x_wconf 89' lang='lat' dir='ltr'><strong>ruptas</strong></span> <span class='ocrx_word' id='word_1_269' title='bbox 934 2750 1074 2813; x_wconf 81' lang='lat' dir='ltr'><strong>tuniculas</strong></span> 
     </span>
     <span class='ocr_line' id='line_1_31' title="bbox 91 2838 1113 2913; baseline -0.006 -12"><span class='ocrx_word' id='word_1_270' title='bbox 91 2861 154 2901; x_wconf 88' lang='lat' dir='ltr'><strong>cum</strong></span> <span class='ocrx_word' id='word_1_271' title='bbox 170 2840 248 2901; x_wconf 86' lang='lat' dir='ltr'><strong>lacte</strong></span> <span class='ocrx_word' id='word_1_272' title='bbox 264 2841 400 2901; x_wconf 83' lang='lat' dir='ltr'><strong>mulieris.</strong></span> <span class='ocrx_word' id='word_1_273' title='bbox 422 2840 459 2900; x_wconf 93' lang='lat' dir='ltr'><strong>ad</strong></span> <span class='ocrx_word' id='word_1_274' title='bbox 473 2841 567 2900; x_wconf 90' lang='lat' dir='ltr'><strong>omnia</strong></span> <span class='ocrx_word' id='word_1_275' title='bbox 581 2843 769 2899; x_wconf 87' lang='lat' dir='ltr'><strong>inveteratum</strong></span> <span class='ocrx_word' id='word_1_276' title='bbox 781 2840 821 2899; x_wconf 90' lang='lat' dir='ltr'><strong>lel</strong></span> <span class='ocrx_word' id='word_1_277' title='bbox 839 2838 986 2899; x_wconf 89' lang='lat' dir='ltr'><strong>ellicacius</strong></span> <span class='ocrx_word' id='word_1_278' title='bbox 1000 2852 1050 2913; x_wconf 88' lang='lat' dir='ltr'><strong>pu·</strong></span> <span class='ocrx_word' id='word_1_279' title='bbox 1062 2841 1113 2897; x_wconf 79' lang='lat'><strong>1⁷2</strong></span> 
     </span>
     <span class='ocr_line' id='line_1_32' title="bbox 90 2921 1071 3002; baseline -0.008 -17"><span class='ocrx_word' id='word_1_280' title='bbox 90 2934 159 3002; x_wconf 73' lang='lat' dir='ltr'><strong>mut,</strong></span> <span class='ocrx_word' id='word_1_281' title='bbox 175 2942 233 2983; x_wconf 90' lang='lat' dir='ltr'><strong>nec</strong></span> <span class='ocrx_word' id='word_1_282' title='bbox 247 2922 380 2985; x_wconf 86' lang='lat' dir='ltr'><strong>abdicant</strong></span> <span class='ocrx_word' id='word_1_283' title='bbox 393 2924 486 2983; x_wconf 87' lang='lat' dir='ltr'><strong>limum</strong></span> <span class='ocrx_word' id='word_1_284' title='bbox 501 2942 539 2983; x_wconf 82' lang='lat' dir='ltr'><strong>ex</strong></span> <span class='ocrx_word' id='word_1_285' title='bbox 554 2922 642 2983; x_wconf 78' lang='lat' dir='ltr'><strong>melle</strong></span> <span class='ocrx_word' id='word_1_286' title='bbox 657 2922 762 2983; x_wconf 89' lang='lat' dir='ltr'><strong>inlitum</strong></span> <span class='ocrx_word' id='word_1_287' title='bbox 777 2921 940 3001; x_wconf 89' lang='lat' dir='ltr'><strong>epiphoris,</strong></span> <span class='ocrx_word' id='word_1_288' title='bbox 962 2926 1071 2977; x_wconf 90' lang='lat' dir='ltr'><strong>contra·</strong></span> 
     </span>
     <span class='ocr_line' id='line_1_33' title="bbox 93 3000 1072 3085; baseline -0.008 -18"><span class='ocrx_word' id='word_1_289' title='bbox 93 3025 148 3085; x_wconf 85' lang='lat' dir='ltr'><strong>que</strong></span> <span class='ocrx_word' id='word_1_290' title='bbox 163 3007 284 3067; x_wconf 87' lang='lat' dir='ltr'><strong>dolores</strong></span> <span class='ocrx_word' id='word_1_291' title='bbox 299 3006 465 3084; x_wconf 90' lang='lat' dir='ltr'><strong>medullam,</strong></span> <span class='ocrx_word' id='word_1_292' title='bbox 479 3009 548 3067; x_wconf 85' lang='lat' dir='ltr'><strong>item</strong></span> <span class='ocrx_word' id='word_1_293' title='bbox 561 3005 725 3085; x_wconf 85' lang='lat' dir='ltr'><strong>pulmonem</strong></span> <span class='ocrx_word' id='word_1_294' title='bbox 739 3005 863 3085; x_wconf 88' lang='lat' dir='ltr'><strong>leporis,</strong></span> <span class='ocrx_word' id='word_1_295' title='bbox 881 3001 960 3061; x_wconf 89' lang='lat' dir='ltr'><strong>etad</strong></span> <span class='ocrx_word' id='word_1_296' title='bbox 976 3000 1072 3076; x_wconf 83' lang='lat' dir='ltr'><strong>caligi-</strong></span> 
     </span>
     <span class='ocr_line' id='line_1_34' title="bbox 93 3083 1072 3168; baseline -0.008 -19"><span class='ocrx_word' id='word_1_297' title='bbox 93 3108 143 3149; x_wconf 91' lang='lat' dir='ltr'><strong>nes</strong></span> <span class='ocrx_word' id='word_1_298' title='bbox 158 3090 201 3151; x_wconf 86' lang='lat' dir='ltr'><strong>iel</strong></span> <span class='ocrx_word' id='word_1_299' title='bbox 218 3106 384 3167; x_wconf 87' lang='lat' dir='ltr'><strong>compasso</strong></span> <span class='ocrx_word' id='word_1_300' title='bbox 404 3098 452 3151; x_wconf 90' lang='lat' dir='ltr'><strong>aut</strong></span> <span class='ocrx_word' id='word_1_301' title='bbox 464 3088 561 3150; x_wconf 89' lang='lat' dir='ltr'><strong>melle.</strong></span> <span class='ocrx_word' id='word_1_302' title='bbox 603 3089 701 3168; x_wconf 92' lang='lat' dir='ltr'><strong>lupino</strong></span> <span class='ocrx_word' id='word_1_303' title='bbox 718 3105 834 3165; x_wconf 85' lang='lat' dir='ltr'><strong>quoque</strong></span> <span class='ocrx_word' id='word_1_304' title='bbox 854 3084 941 3165; x_wconf 80' lang='lat' dir='ltr'><strong>adipe</strong></span> <span class='ocrx_word' id='word_1_305' title='bbox 953 3083 1000 3144; x_wconf 88' lang='lat' dir='ltr'><strong>vel</strong></span> <span class='ocrx_word' id='word_1_306' title='bbox 1014 3100 1072 3141; x_wconf 86' lang='lat' dir='ltr'><strong>me·</strong></span> 
     </span>
     <span class='ocr_line' id='line_1_35' title="bbox 61 3167 1071 3247; baseline -0.01 -13"><span class='ocrx_word' id='word_1_307' title='bbox 61 3173 170 3234; x_wconf 75' lang='lat' dir='ltr'><strong>adolla</strong></span> <span class='ocrx_word' id='word_1_308' title='bbox 194 3191 277 3233; x_wconf 90' lang='lat' dir='ltr'><strong>suum</strong></span> <span class='ocrx_word' id='word_1_309' title='bbox 302 3172 399 3232; x_wconf 89' lang='lat' dir='ltr'><strong>fricari</strong></span> <span class='ocrx_word' id='word_1_310' title='bbox 427 3172 531 3232; x_wconf 89' lang='lat' dir='ltr'><strong>oculos</strong></span> <span class='ocrx_word' id='word_1_311' title='bbox 555 3181 653 3233; x_wconf 91' lang='lat' dir='ltr'><strong>contra</strong></span> <span class='ocrx_word' id='word_1_312' title='bbox 676 3170 860 3247; x_wconf 85' lang='lat' dir='ltr'><strong>lippitudines</strong></span> <span class='ocrx_word' id='word_1_313' title='bbox 885 3167 1071 3247; x_wconf 88' lang='lat' dir='ltr'><strong>praecipiunt.</strong></span> 
     </span>
     <span class='ocr_line' id='line_1_36' title="bbox 91 3252 1070 3335; baseline -0.011 -17"><span class='ocrx_word' id='word_1_314' title='bbox 91 3274 156 3317; x_wconf 85' lang='lat' dir='ltr'><strong>uam</strong></span> <span class='ocrx_word' id='word_1_315' title='bbox 169 3256 318 3335; x_wconf 81' lang='lat' dir='ltr'><strong>volpinam</strong></span> <span class='ocrx_word' id='word_1_316' title='bbox 333 3255 456 3332; x_wconf 91' lang='lat' dir='ltr'><strong>linguam</strong></span> <span class='ocrx_word' id='word_1_317' title='bbox 470 3252 600 3315; x_wconf 84' lang='lat' dir='ltr'><strong>habentis</strong></span> <span class='ocrx_word' id='word_1_318' title='bbox 620 3258 651 3314; x_wconf 88' lang='lat' dir='ltr'><strong>in</strong></span> <span class='ocrx_word' id='word_1_319' title='bbox 663 3252 772 3315; x_wconf 87' lang='lat' dir='ltr'><strong>armilla</strong></span> <span class='ocrx_word' id='word_1_320' title='bbox 786 3252 938 3331; x_wconf 88' lang='lat' dir='ltr'><strong>lippituros</strong></span> <span class='ocrx_word' id='word_1_321' title='bbox 957 3258 1070 3327; x_wconf 85' lang='lat' dir='ltr'><strong>negant.</strong></span> 
     </span>
     <span class='ocr_line' id='line_1_37' title="bbox 152 3333 1114 3419; baseline -0.004 -18"><span class='ocrx_word' id='word_1_322' title='bbox 152 3338 238 3419; x_wconf 88' lang='grc'>(48.)</span> <span class='ocrx_word' id='word_1_323' title='bbox 261 3338 379 3399; x_wconf 79' lang='lat' dir='ltr'><strong>Aurium</strong></span> <span class='ocrx_word' id='word_1_324' title='bbox 393 3339 487 3400; x_wconf 88' lang='lat' dir='ltr'><strong>dolori</strong></span> <span class='ocrx_word' id='word_1_325' title='bbox 501 3344 532 3395; x_wconf 88' lang='lat' dir='ltr'><strong>et</strong></span> <span class='ocrx_word' id='word_1_326' title='bbox 544 3338 620 3397; x_wconf 82' lang='lat' dir='ltr'><strong>vitiis</strong></span> <span class='ocrx_word' id='word_1_327' title='bbox 631 3336 777 3395; x_wconf 87' lang='lat' dir='ltr'><strong>medentur</strong></span> <span class='ocrx_word' id='word_1_328' title='bbox 792 3338 870 3395; x_wconf 90' lang='lat' dir='ltr'><strong>urina</strong></span> <span class='ocrx_word' id='word_1_329' title='bbox 886 3336 948 3413; x_wconf 90' lang='lat' dir='ltr'><strong>apri</strong></span> <span class='ocrx_word' id='word_1_330' title='bbox 969 3333 1114 3397; x_wconf 78' lang='lat' dir='ltr'><strong>invi-173</strong></span> 
     </span>
     <span class='ocr_line' id='line_1_38' title="bbox 92 3416 1071 3501; baseline -0.006 -20"><span class='ocrx_word' id='word_1_331' title='bbox 92 3430 158 3483; x_wconf 79' lang='lat' dir='ltr'><strong>neo</strong></span> <span class='ocrx_word' id='word_1_332' title='bbox 172 3430 307 3500; x_wconf 85' lang='lat' dir='ltr'><strong>servata,</strong></span> <span class='ocrx_word' id='word_1_333' title='bbox 328 3420 370 3483; x_wconf 86' lang='lat' dir='ltr'><strong>iel</strong></span> <span class='ocrx_word' id='word_1_334' title='bbox 389 3423 452 3501; x_wconf 88' lang='lat' dir='ltr'><strong>apri</strong></span> <span class='ocrx_word' id='word_1_335' title='bbox 471 3418 519 3482; x_wconf 85' lang='lat' dir='ltr'><strong>vel</strong></span> <span class='ocrx_word' id='word_1_336' title='bbox 533 3419 592 3481; x_wconf 89' lang='lat' dir='ltr'><strong>suis</strong></span> <span class='ocrx_word' id='word_1_337' title='bbox 607 3418 656 3481; x_wconf 82' lang='lat' dir='ltr'><strong>vel</strong></span> <span class='ocrx_word' id='word_1_338' title='bbox 669 3416 802 3479; x_wconf 90' lang='lat' dir='ltr'><strong>bubulum</strong></span> <span class='ocrx_word' id='word_1_339' title='bbox 822 3435 885 3479; x_wconf 89' lang='lat' dir='ltr'><strong>eum</strong></span> <span class='ocrx_word' id='word_1_340' title='bbox 898 3417 965 3479; x_wconf 88' lang='lat' dir='ltr'><strong>oleo</strong></span> <span class='ocrx_word' id='word_1_341' title='bbox 980 3418 1071 3479; x_wconf 85' lang='lat' dir='ltr'><strong>citrea</strong></span> 
     </span>
    </p>
   </div>
   <div class='ocr_carea' id='block_1_5' title="bbox 0 0 1246 3817">
    <p class='ocr_par' dir='ltr' id='par_1_6' title="bbox 0 0 1246 3817">
     <span class='ocr_line' id='line_1_39' title="bbox 0 0 1246 3817; baseline 0 0"><span class='ocrx_word' id='word_1_342' title='bbox 0 0 1246 3817; x_wconf 95' lang='lat' dir='ltr'><strong> </strong></span> 
     </span>
    </p>
   </div>
  </div>
 </body>
</html>
