2484 3817
125 109 184 172 tto
463 120 610 167 c.1>n1u1
633 118 782 168 suonam

126 295 217 357 opere
240 284 271 335 et
292 283 411 353 peracto
427 273 549 334 huminis
565 276 739 356 inrigatione
755 271 870 350 dilutis,
884 272 931 332 alii
943 272 1083 334 lateribus
1102 295 1120 336 e

125 362 186 422 luto
204 361 288 420 lactis
304 366 471 419 exstructos
485 359 601 435 pontis,
618 366 737 436 peracto
753 373 845 434 opere
862 357 1001 417 lateribus
1019 357 1047 416 in
1060 362 1121 436 pri-

126 452 208 504 vatas
224 444 325 503 domos
347 441 525 519 distributis,
542 441 637 501 Nilum
660 444 734 502 enim
756 458 812 499 nou
832 449 932 519 putant
955 442 1052 517 rigare
1066 460 1121 520 po-

125 531 216 588 tuisse
228 525 319 586 multo
329 525 516 586 humiliorem.
534 526 562 585 in
573 527 720 607 pyramide
732 542 860 583 maxuma
868 533 914 604 est
926 527 1001 584 intus
1014 533 1119 602 puteus

21 639 24 643 >
118 613 274 688 octoginta
296 629 350 669 sex
370 608 549 686 cubitorum,
571 608 675 671 humen
696 609 745 669 illo
761 607 914 668 admissum
935 607 1145 670 arbitrantur.5

81 707 116 762 82
128 694 292 755 Mansuram
303 692 571 762 altitudinisearum
582 711 751 771 omnemque
764 690 885 751 similem
898 690 1121 768 deprehendere
1232 751 1233 754 ,

128 780 238 839 inuenit
254 775 359 835 Thales
375 775 506 836 blilesius
523 776 649 836 umbram
664 775 810 836 metiendo
827 792 882 852 qua
897 773 968 835 hora
983 793 1119 853 parasse
1232 797 1233 804 ¹

127 862 243 940 corpori
260 859 349 919 solet.
377 859 449 920 haec
467 869 532 918 sunt
549 861 723 937 pyramidum
735 857 880 935 miracula,
898 877 1120 937 supremumque

126 946 213 1021 illud,
230 963 266 1004 ne
284 945 347 1021 quis
365 961 466 1019 regum
485 961 557 1021 opes
572 944 709 1020 miratur,
726 945 874 1002 minumum
890 961 928 1001 ex
943 943 979 1004 iis
994 942 1046 1002 sed
1061 943 1119 1002 luu-

125 1031 298 1090 datissimam
316 1025 520 1104 allhodopide
541 1027 725 1088 meretricula
747 1026 857 1086 iactam.
893 1025 1006 1104 Aesopi
1027 1026 1119 1086 label·
1132 1045 1159 1086 ro

125 1114 214 1172 lurum
240 1109 406 1188 philosophi
428 1127 571 1168 conserua
592 1111 733 1188 quondam
760 1118 789 1170 et
810 1108 1025 1188 contubernalis
1047 1110 1120 1170 haec

125 1198 187 1271 luit,
202 1195 311 1252 maiore
326 1191 464 1250 miraculo
480 1200 572 1251 tantas
585 1210 658 1272 opes
670 1195 837 1254 meretricio
852 1212 919 1252 esse
932 1195 1118 1290 copquisitas.

83 1291 118 1345 83
191 1276 272 1353 (18)
294 1273 494 1350 blagnilicatur
516 1283 545 1333 et
565 1276 621 1335 alia
644 1279 730 1336 turris
751 1295 767 1336 a
785 1295 859 1353 rege
881 1277 1004 1336 iactam
1027 1278 1119 1337 insula

127 1361 220 1420 Pharo
236 1366 349 1437 portum
362 1360 514 1436 optinente
523 1359 738 1458 Alexandreae,
750 1379 833 1438 quam
845 1361 1013 1420 constitisse
1026 1363 1119 1420 octin-

125 1437 221 1522 gentis
248 1442 363 1502 talentis
383 1443 512 1519 tradunt,
540 1461 644 1521 magno
661 1445 771 1522 animo,
798 1463 835 1503 ne
861 1443 929 1522 quid
946 1445 1157 1520 ominamurque

125 1527 284 1587 Ptolemaei
307 1529 464 1604 regisquo
487 1529 514 1586 in
537 1545 571 1586 aa
593 1529 778 1606 permiserit
777 1527 901 1586 Sostrati
920 1525 1011 1587 Cnidii
1029 1529 1120 1588 archi-

127 1613 196 1671 tecti
213 1620 356 1671 structura
376 1613 439 1688 ipsa
456 1628 561 1671 nomen
580 1613 706 1672 inscribi.
743 1631 811 1671 usus
828 1613 891 1671 eius
914 1621 1055 1672 nocturno
1072 1632 1119 1672 na·

15 1742 19 1752 .
69 1746 71 1751 .
126 1696 201 1754 vium
222 1714 314 1754 cursu
329 1696 404 1771 ignis
429 1695 585 1756 ostendere
607 1695 642 1755 ad
664 1695 887 1774 praenuntianda
909 1695 979 1754 vada
1005 1704 1120 1774 portus·

127 1797 183 1857 qne
204 1779 368 1855 introitum,
392 1777 493 1856 quales
515 1779 568 1838 iam
588 1780 775 1858 conpluribus
793 1779 865 1838 locis
885 1779 1020 1856 flagrant,
1045 1783 1119 1839 sicut

126 1863 226 1925 Ostiae
242 1881 275 1922 ac
289 1861 454 1921 Rauennae.
492 1863 650 1941 periculum
665 1866 694 1922 in
708 1865 924 1924 continuatione
939 1864 1060 1939 ignium,
1082 1882 1119 1923 ne
1129 1879 1156 1920 uo

90 1964 92 1967 ·
126 1944 205 2006 sidus'
228 1947 427 2020 existimetur,
448 1949 581 2022 quoniam
603 1966 619 2005 e
645 1947 805 2045 longinquo
827 1946 928 2006 similis
949 1945 1120 2007 llammarum

129 2029 282 2107 adspectus
298 2037 351 2087 est.
377 2026 431 2090 llic
445 2029 520 2088 idem
532 2029 707 2090 architectus
724 2033 831 2109 primus
844 2032 965 2116 omnium
977 2030 1120 2108 pensilem

126 2110 347 2172 ambulationem
363 2110 444 2171 Cnidi
462 2113 572 2173 iecisse
589 2114 718 2173 traditur

82 2208 118 2260 et
194 2197 240 2257 13
260 2195 340 2274 (19)
362 2194 495 2255 Dicamus
512 2206 543 2256 et
558 2197 755 2274 labyrinthos,
772 2198 821 2257 vel
835 2199 1120 2276 portentosissimum

127 2280 238 2339 humum
254 2279 370 2356 mpendr
387 2297 477 2358 opus,
496 2280 548 2339 sed
561 2298 637 2357 non
655 2290 686 2340 ut
702 2283 860 2342 existimari
876 2288 991 2359 potest
1008 2281 1119 2342 salsum
1129 2302 1154 2342 ue
1232 2327 1233 2360 ι

128 2365 211 2454 [ll
197 2363 287 2422 Durat
317 2364 468 2422 etiamnum
495 2365 525 2422 in
546 2364 686 2454 Aegypto
707 2365 941 2442 Heracleopolite
964 2381 1050 2424 nomo
1071 2367 1119 2440 qui

126 2432 234 2525 primus
251 2447 342 2506 lactus
359 2453 405 2506 est
418 2456 485 2506 aute
503 2465 611 2524 annos,
630 2457 660 2508 ut
675 2451 804 2524 tradunt,
820 2467 859 2509 00
870 2467 910 2509 00
922 2467 959 2508 ce
971 2447 1021 2508 DC
1035 2467 1052 2508 a
1067 2445 1121 2510 Pa-

125 2530 237 2590 tesuchi
254 2547 325 2606 rege
346 2531 409 2588 sive
425 2529 545 2608 Tithoe,
568 2492 734 2631 quhmquam
749 2531 913 2592 Herodotus
933 2541 1023 2593 totum
1045 2551 1120 2611 opus

126 2613 181 2674 Xll
209 2631 309 2690 regum
335 2631 404 2673 esse
432 2613 500 2674 dicit
526 2617 733 2693 novissimique
755 2613 962 2676 Psammetichi.
1019 2633 1121 2675 causas
1232 2637 1233 2648 ¹

125 2698 249 2758 faciendi
270 2699 351 2759 varie
371 2699 607 2777 interpretantur.
647 2698 815 2760 Damoteles
837 2702 947 2777 regiam
964 2697 1151 2780 bloteridisao

126 2786 235 2860 luisse,
257 2781 369 2859 Lyceus
391 2783 571 2859 sepulchrum
586 2781 744 2857 Moeridis,
770 2781 868 2860 plures
885 2784 947 2843 Soli
963 2800 1074 2843 sacrum
1091 2783 1119 2842 id

85 2879 119 2932 85
133 2874 328 2946 exstructum,
350 2866 427 2945 quod
448 2884 577 2925 maxume
591 2865 727 2938 creditur.
773 2867 816 2945 [2]
842 2865 914 2927 Hinc
927 2869 1026 2945 utique
1043 2884 1118 2925 sum·
1232 2927 1233 2936 ,

124 2953 219 3030 psisse
231 2950 386 3011 Daedalum
398 2948 546 3027 exemplar
558 2949 620 3009 eius
636 2948 789 3024 labyrinthi
803 2968 887 3027 quem
903 2951 973 3011 lecit
987 2947 1119 3028 increta
1232 2943 1233 3028 l

125 3053 182 3095 non
198 3043 243 3094 est
260 3035 390 3109 dubium,
411 3033 463 3092 sed
478 3033 665 3092 centesimam
679 3041 786 3092 tantum
797 3035 960 3112 portionem
976 3035 1038 3092 eius
1054 3036 1117 3092 imi·
1232 3039 1233 3042 ’

126 3127 214 3178 tatum
231 3135 305 3195 quae
321 3118 455 3175 itinerum
471 3115 608 3193 ambages
630 3134 825 3205 occursusque
838 3134 871 3175 ac
886 3135 1020 3176 recursus
1035 3119 1117 3176 inex·
1106 3137 1149 3178 -ιι

127 3200 269 3280 plicabilis
294 3201 438 3273 continet,
466 3215 585 3258 non-
609 3208 641 3258 ut
668 3203 697 3260 in
724 3193 894 3279 pauimentis
920 3217 1116 3279 puerorumve

125 3283 242 3342 ludicris
266 3282 473 3360 campestribus
501 3283 699 3343 uidemus—
724 3284 806 3346 brevi
830 3283 932 3344 lacinia
954 3283 1030 3344 milia
1051 3301 1116 3362 par·
1232 3331 1233 3374 ,

125 3384 206 3426 suum
228 3366 311 3444 plura
330 3365 529 3426 ambulationIs
549 3369 760 3446 continentem,
787 3366 839 3428 sed
857 3366 978 3428 crebris
1002 3367 1115 3427 loribus
