2484 3817
335 182 893 260 usr.n1sr.xxu11.1-s.(1-o.)
1045 181 1086 244 st

107 348 132 406 ia
143 343 291 424 pastillos,
305 344 490 420 dysintericis
506 344 688 405 utilissimum
707 346 839 424 pendere
855 348 1001 408 victoriati
1021 365 1086 409 cun

108 447 171 506 apua
191 427 304 504 cyathis
322 427 422 488 trihus.

162 512 188 572 3.
210 511 273 589 (3.)
299 509 386 571 Glans
401 513 500 570 intrita
514 511 635 572 duritias
650 529 722 589 qaas
744 513 885 574 cacoethe
905 524 1111 581 vocantcmnl

108 596 177 656 sdsa
195 596 322 672 axungia
345 603 435 654 sanat.
467 587 705 656 vehementiores
725 594 816 673 iligna
840 606 871 656 et
896 600 926 657 in
952 599 1085 666 omnibns

88 687 203 738 scortex
228 679 296 756 ipse
310 680 473 756 corticique
491 681 586 738 tunica
609 679 750 738 subiecta.
786 680 859 740 haec
886 681 1048 742 decocta'
1040 701 1084 741 m

106 771 149 820 ιιι
167 761 323 821 coeliacos.
355 761 540 837 dysintericis
559 771 589 822 et
605 762 736 822 inlinitur
757 763 837 824 vel
828 781 892 841 ipsa
915 764 1008 841 glans.
1038 784 1086 825 ea·

105 845 163 906 dem
182 845 297 912 resistit
314 847 494 922 serpentium
515 845 637 921 ictibus,
652 845 881 924 rheumatismis,
903 851 1086 926 suppuratio·

103 929 190 988 nibus.
216 927 289 987 lolia
309 936 339 987 et
362 927 451 988 bacae
475 928 524 988 vel
540 937 645 989 cortex
665 928 714 988 vel
730 948 817 990 sucus
829 930 946 992 decocti
963 940 1085 1008 prosunt

103 1021 198 1072 contra
212 1013 319 1070 toxica.
352 1020 455 1071 cortex
469 1011 599 1071 inlinitur
619 1011 759 1072 decoctas
780 1013 857 1074 lacte
878 1015 999 1074 vaccino
1025 1031 1086 1073 ser·

75 1097 195 1173 tepentis
225 1095 348 1172 plagae,
380 1095 462 1154 datur
490 1104 521 1154 et
547 1113 587 1154 ex
612 1097 681 1155 rinc
708 1095 900 1172 dysintericis.
930 1098 1031 1158 eadem
1056 1105 1088 1156 et

102 1179 157 1238 ilici
174 1179 230 1237 vis.

158 1264 187 1322 4.
210 1261 272 1339 (4.)
303 1259 427 1323 Coccum
441 1259 515 1320 ilicis
529 1261 701 1322 volneribus
712 1262 881 1323 recentibus
893 1282 932 1323 cx
945 1272 1031 1324 aceto
1042 1266 1112 1327 init

101 1348 230 1423 ponitur,
247 1344 399 1422 epiphoris
415 1363 453 1403 cx
464 1362 553 1421 aqua,
575 1345 666 1405 oculis
681 1345 810 1406 subfusis
831 1350 972 1424 unguine
993 1347 1086 1406 instil-

101 1429 190 1488 latum.
212 1435 260 1487 est
273 1435 368 1488 numm
379 1445 471 1504 genus
485 1446 573 1488 exeo
588 1431 617 1488 in
628 1428 729 1488 Africa
740 1430 806 1489 iere
819 1439 852 1488 et
863 1430 935 1490 hsia
949 1448 1084 1506 nascens,

72 1533 92 1571 ιι
100 1512 253 1572 celerrime
269 1513 420 1572 innormis
436 1511 550 1571 subtilis
568 1529 604 1572 se
618 1521 742 1588 mutans,
758 1512 836 1589 quod
850 1512 918 1572 ideo
933 1513 1084 1574 scolecium

101 1604 201 1655 vocant
217 1594 439 1672 inprohautque.
471 1595 640 1674 principalia
653 1597 717 1655 eius
731 1612 843 1672 genera
856 1595 988 1655 diximus.
1058 1615 1088 1655 ιι,
1103 1617 1125 1651 ιι

19 1689 20 1694 ’
158 1680 219 1757 (5.)
251 1676 315 1738 Nec
337 1680 473 1756 pauciora
492 1678 585 1754 gallae
607 1697 718 1755 genera
734 1679 867 1752 fecimus,
881 1678 1002 1738 solidam
1015 1691 1110 1756 per-9

19 1801 20 1832 3
98 1763 229 1837 foratam,
244 1763 315 1820 item
328 1760 422 1820 albam
437 1762 563 1838 nigram,
576 1763 718 1821 maiorem
728 1765 877 1819 minorem.
894 1762 940 1819 vis
951 1762 1040 1820 omni·
1064 1760 1093 1800 ¹⁸·
1102 1761 1124 1795 a

19 1843 20 1850 ’
99 1863 145 1904 um
170 1845 286 1920 similis,
319 1853 435 1922 optuma
459 1842 659 1920 Commagena.
693 1845 895 1903 excrescentia
912 1845 1084 1921 incorpore

67 1943 92 1982 cu
101 1927 223 2003 tollunt,
237 1936 358 2004 prosunt
368 1929 505 2004 gingivis,
517 1946 602 2003 uvae,
618 1929 679 1986 oris
693 1925 911 1987 exulcerationi.
939 1934 1084 1986 crematae

102 2017 133 2069 et
151 2012 220 2068 vino
238 2013 397 2071 exstinctae
410 2005 560 2086 coeliacis,
577 2012 763 2087 dysintericis
777 2009 1085 2088 inlinuntur,„parony·

98 2092 172 2154 chiis
196 2111 234 2153 ex
253 2094 356 2171 melle,
382 2103 412 2154 et
433 2095 575 2171 unguibus
598 2094 727 2171 scabris,
749 2095 910 2172 pterygiis,
936 2094 1084 2154 ulceribus

97 2178 292 2255 manantibus,
312 2177 538 2254 condylomatis,
565 2178 736 2238 volneribus
765 2195 840 2255 puae
867 2177 1083 2255 phagedaenica

97 2269 246 2320 vocantur.
273 2263 303 2320 iu
317 2263 386 2320 vino
401 2269 496 2320 autem
511 2261 650 2320 decoctae
661 2261 778 2320 auribus
789 2260 974 2338 instillautur,
989 2259 1081 2322 oculis

69 2343 267 2420 cinlinuntnr,
283 2345 422 2404 adversus
440 2347 621 2425 eruptiones,
642 2361 735 2422 panos
753 2361 818 2403 cum
832 2353 925 2405 aceto.
959 2344 1079 2404 nucleus
1092 2354 1126 2404 ιο

77 2426 338 2486 «conmanducatae
359 2427 485 2488 dentium
509 2427 642 2488 dolorem
664 2427 765 2503 sedat,
796 2429 866 2486 item
882 2429 1083 2502 intertrigines

99 2517 129 2566 et
144 2509 282 2570 ambusta.
314 2513 470 2570 inmaturae
488 2529 525 2570 ex
539 2511 584 2570 his
600 2529 638 2570 ex
652 2519 738 2570 aceto
753 2519 841 2588 potae
856 2511 962 2571 lienem
980 2524 1083 2568 cousu-

96 2601 182 2655 munt
216 2594 338 2654 eaedem
360 2602 504 2654 crematae
531 2602 561 2654 et
582 2603 666 2654 aceto
689 2594 768 2652 salso
790 2595 953 2654 exstinctae
967 2607 1083 2652 menses

95 2677 202 2736 sistunt
218 2677 379 2755 volvasque
396 2677 574 2759 procidentis
590 2679 661 2738 totu.
691 2680 784 2736 omnis
800 2677 923 2755 capillos
940 2677 1081 2751 denigrat.

63 2773 85 2814 ιι
157 2761 221 2837 (6.)
255 2759 376 2820 Viscum
397 2779 414 2820 e
441 2760 549 2820 robore
573 2762 759 2841 praecipuum
777 2760 906 2819 diximus
925 2759 1124 2833 haberi,etll

93 2860 151 2918 quo
165 2843 365 2902 conficeretur
379 2844 473 2903 modo.
502 2844 613 2922 quidam
629 2846 826 2902 contunsum
818 2862 847 2903 m
868 2861 942 2921 aqua
958 2842 1045 2900 deco·
1060 2837 1126 2913 ’ξιξο

93 2935 178 3002 cunt,
210 2927 306 2986 donec
332 2926 401 2984 nihil
418 2930 535 2989 innatet.
567 2927 680 3005 quidam
703 2927 961 2989 commanducantes
982 2925 1081 2983 acinos

93 3018 242 3106 exspuunt
259 3011 395 3068 cortices.
431 3019 575 3088 optumum
589 3009 704 3102 quod·
681 3029 744 3068 sme
760 3011 871 3068 cortice
893 3007 1027 3085 quodque
1042 3006 1083 3066 le·

92 3093 262 3184 vissimum,
279 3100 362 3152 extra
384 3092 509 3169 fulvom,
532 3096 609 3152 intus
630 3093 809 3169 'porraccmri
838 3089 909 3149 nihil
931 3099 977 3150 est
997 3089 1082 3168 gluti·

64 3176 207 3234 orosius
222 3165 375 3250 emollit,
396 3175 512 3235 discutit
521 3186 668 3250 tumores,
689 3177 779 3234 siccat
797 3183 927 3234 strumas.
956 3191 1019 3232 cum
1035 3191 1081 3231 re·

92 3259 154 3318 sina
176 3267 209 3318 et
223 3275 294 3318 cera
306 3275 397 3356 panos
411 3261 523 3336 mitigat
538 3261 629 3318 omnis
650 3261 776 3334 generis.
806 3254 918 3334 quidam
935 3255 1124 3332 etgalba-12

92 3357 157 3400 num
174 3342 305 3401 adiciunt
321 3344 381 3418 pari
396 3342 526 3418 pondere
544 3331 737 3419 singulorum,
767 3355 863 3416 eoque
883 3340 970 3398 modo
994 3347 1025 3396 et
1043 3337 1078 3394 ad

91 3423 215 3486 volnera
231 3433 359 3486 utuntur.
379 3427 520 3502 unguium
534 3425 684 3484 scabritias
697 3419 820 3498 expolit,
836 3424 860 3479 si
876 3423 1007 3563 {sptenis
1022 3418 1083 3476 die·
