2484 3817
187 156 248 219 106
525 167 557 215 c.
577 168 674 216 111111
694 167 843 216 suenum

186 332 287 384 centes
302 319 353 381 tx
369 319 515 380 columnus
530 319 570 382 ll.
586 320 687 382 Scauri
705 321 852 382 aedilitate
862 322 902 382 ed
923 340 1059 402 scaenam
1077 323 1188 387 theatri

186 405 353 484 temporarii
375 413 406 464 et
425 406 476 464 vix
493 423 594 464 meuse
615 422 673 464 uno
695 405 830 466 11111111
849 424 903 466 111
918 406 1052 466 viderunt
1066 407 1187 486 'portari

187 490 305 550 silentio
327 487 441 566 legum,
462 488 515 548 sed
531 488 656 566 publicis
675 490 806 548 nimirum
826 488 1008 566 indulgentes
1023 490 1187 572 voluptati·

186 573 250 633 bus.
285 571 314 631 id
335 573 427 651 ipsum
448 569 519 632 euri
540 581 588 632 aut
611 590 666 649 qua
688 573 778 648 magis
794 574 841 636 via
858 573 993 651 inrepunt
1008 575 1084 634 11111
1101 594 1187 654 quam

187 656 324 734 publica?
339 671 396 733 quo
411 656 488 714 enim
502 655 559 715 alio
571 655 657 715 modo
673 657 703 714 in
716 657 846 734 privatos
862 674 930 738 usus
950 675 1062 718 venere
1081 659 1204 737 eborae

159 747 306 815 (taurum,
327 757 476 815 gemmae,
502 748 551 798 aut
566 738 634 817 quid
657 741 772 798 omniuo
794 739 837 799 dis
860 737 1051 817 reliquimus?
1083 760 1188 803 verum

186 831 271 900 esto,
295 821 467 882 indulserint
495 822 618 901 publicis
640 822 856 900 voluptatibus,
882 825 1007 883 etiamne
1029 832 1188 886 tacuerunt

185 923 329 968 maxumas
354 923 452 965 earnm
470 913 557 983 atque
582 906 655 965 adeo
677 904 984 984 duodequadragenum
1006 907 1122 985 pedum
1136 909 1187 969 Lu-

155 999 160 1018 ·
186 990 273 1051 cullei
285 988 433 1048 marmoris
450 989 479 1048 in
492 991 567 1048 atrio
583 988 683 1048 Scauri
700 988 867 1049 conlocari?
882 1007 937 1050 nec
952 990 1026 1049 elam
1041 991 1080 1050 111,
1090 994 1187 1053 01111-

188 1083 277 1151 teque
288 1072 396 1132 lactum
412 1080 467 1132 est.
489 1073 631 1133 satisdare
650 1073 705 1132 sibi
724 1073 817 1132 damni
832 1074 931 1133 inlecti
948 1075 1051 1151 coegit
1071 1077 1211 1140 reden-n

187 1165 257 1236 ptor
267 1153 446 1233 cloacarum,
462 1174 524 1215 cum
539 1158 569 1216 in
582 1155 722 1217 Palatium
737 1174 790 1217 eae
806 1157 998 1216 traherentur.
1032 1175 1097 1218 non
1114 1180 1187 1238 ergo

184 1243 215 1300 in
229 1248 285 1298 tam
300 1238 375 1298 malo
392 1239 527 1317 exemplo
541 1241 671 1300 moribus
692 1241 789 1300 caveri
805 1240 903 1301 utilius
918 1238 1037 1300 luerat?
1062 1249 1188 1304 tacuere

184 1330 279 1382 tantas
293 1322 378 1383 molis
393 1324 423 1383 in
436 1326 577 1402 priuatam
592 1324 705 1384 domum
721 1324 928 1402 trahi'praeter
944 1324 1044 1384 lictilia
1062 1325 1187 1388 deorum
1224 1337 1225 1372 l

184 1407 309 1484 lastigie.

155 1534 175 1588 ‘l
249 1525 278 1586 3.
300 1523 360 1602 (3.)
381 1522 445 1583 Nec
465 1531 566 1602 potest
586 1522 679 1602 videri
694 1521 817 1584 Scaurus
833 1523 896 1583 rudi
912 1524 1039 1586 ethuius
1058 1529 1131 1589 mali
1149 1533 1225 1606 in-cg

186 1608 327 1688 providae
343 1609 451 1667 civitati
468 1607 639 1685 obrepsisse
661 1607 783 1685 quodam
805 1607 1047 1672 1111111111110.
1082 1613 1143 1671 iarn
1158 1613 1186 1672 l.
1224 1619 1225 1690 Ῑ

185 1690 319 1750 Crassum
342 1699 488 1751 oratorem
502 1690 581 1749 illurn
603 1693 651 1770 qui
674 1692 782 1768 primus
801 1692 949 1769 peregrini
964 1697 1125 1754 marmoris
1143 1715 1187 1756 eo·
1224 1693 1225 1710 ¹

185 1774 294 1835 lumnas
310 1774 410 1834 habuit
424 1775 454 1832 11
470 1773 574 1833 eodem
588 1773 712 1852 Palatio,
729 1773 889 1850 Hymettias
907 1784 1001 1835 tamen
1016 1795 1077 1838 nec
1093 1780 1186 1857 pluris

184 1877 239 1918 sex
256 1867 304 1919 aut
322 1858 473 1934 longiores
488 1857 650 1918 duodenum
667 1857 787 1935 pedum,
801 1857 838 1918 bl.
852 1858 956 1918 Brutus
972 1860 1002 1918 in
1018 1861 1131 1938 iurgiis
1152 1864 1186 1923 ob

153 1942 215 2006 8111
235 1941 383 2002 Venerem
402 1939 558 2000 Palatinam
581 1941 788 2018 appellaverat.
824 1942 954 2001 nimirum
973 1944 1031 2002 ista
1053 1949 1211 2007 omiserem

184 2026 314 2086 moribus
328 2024 431 2100 111111,
447 2024 611 2101 frustraque
629 2024 782 2084 interdicta
798 2042 871 2102 quae
886 2032 1041 2086 vetuerunt
1061 2047 1187 2091 cernen-

184 2117 231 2168 tes
246 2107 339 2167 nullas
354 2108 450 2187 potius
467 2125 551 2186 quarn
571 2109 672 2166 inritas
696 2103 764 2166 es'se
779 2107 865 2186 leges
883 2107 1072 2178 maluerunt.¹
1106 2113 1187 2173 llaec

183 2201 270 2270 atque
287 2209 361 2269 quae
377 2200 514 2250 secuntur
527 2190 667 2251 meliores
683 2209 815 2251 essenos
832 2191 1004 2270 probabunt.
1026 2196 1097 2272 quis
1111 2200 1188 2256 enim

183 2275 271 2336 bodie
289 2283 429 2334 tantarum
448 2274 642 2334 columnarum
664 2276 766 2334 atrium
788 2271 896 2335 habeti
917 2274 969 2334 sed
989 2278 1076 2352 prius
1102 2298 1188 2357 quam

183 2359 220 2419 de
234 2357 423 2418 marmoribus
435 2358 560 2418 dicamus
576 2357 720 2416 bominum
731 2359 810 2417 iniis
825 2357 1002 2435 proferenda
1018 2361 1211 2424 indicamusn

184 2444 296 2521 pretia,
311 2448 378 2501 1111
393 2442 482 2518 igitur
497 2441 624 2500 artifices
638 2441 887 2520 percensebimus.

156 2587 177 2640 9
249 2577 278 2634 4.
294 2574 337 2651 (4.
352 2575 397 2652 1.)
411 2568 557 2633 Marmore
572 2573 729 2653 scalpendo
746 2575 828 2654 primi
844 2575 966 2634 omnium
980 2575 1188 2640 inclaruerunt

183 2658 336 2739 Dipoenus
347 2666 377 2718 et
389 2656 495 2733 Scyllis
505 2659 597 2734 geniti
606 2660 639 2717 in
651 2657 737 2718 Creta
747 2656 837 2716 insule
852 2659 1006 2718 etiamnum
1017 2657 1121 2722 Medis
1139 2666 1188 2722 irn-

183 2740 350 2820 perantibus
366 2742 505 2818 priusque
518 2758 603 2818 quam
613 2739 706 2815 Cyrus
724 2742 754 2800 in
764 2738 862 2800 Persis
877 2759 1001 2818 regnare
1020 2744 1188 2824 inciperet,

182 2825 240 2885 boc
263 2832 309 2884 est
328 2825 491 2902 olympiade
513 2825 632 2884 circiter
651 2823 681 2882 L.
724 2822 753 2882 bi
776 2821 931 2900 Sicyonem
952 2844 985 2884 se
1009 2829 1214 2907 contuleras

184 2926 259 2986 quae
283 2907 331 2968 diu
350 2909 404 2968 luit
424 2908 600 2968 officinarum
613 2907 739 2966 omnium
755 2905 852 2968 talium
870 2909 971 2986 patria.
1001 2909 1136 2972 1110111
1153 2916 1188 2974 11-

182 2991 308 3051 1111011
334 2989 451 3067 publice
480 2991 648 3051 locaverant
668 2990 704 3048 iis
725 2988 869 3066 Sicyonii,
892 3009 966 3068 quae
988 2994 1074 3069 prius
1098 3013 1189 3073 quam

182 3073 405 3134 absolverentur
430 3075 557 3134 artifices
578 3073 708 3133 iniuriam
731 3075 827 3152 questi
856 3073 957 3135 abiere
985 3077 1016 3136 iu
1038 3075 1189 3141 Aetolos.

139 3168 174 3220 10
184 3158 317 3235 protinus
332 3154 485 3231 Sicyonem
503 3157 595 3218 fames
611 3157 716 3215 invasit
730 3175 765 3216 ac
784 3156 923 3217 sterilitas
943 3176 1133 3238 maerorque
1151 3165 1193 3224 di·

181 3257 257 3297 rus·
292 3238 449 3298 remedium
475 3239 642 3316 petentibus
672 3239 782 3316 Apollo
808 3237 926 3315 Pythius
951 3245 1134 3319 respondit:
1168 3249 1220 3309 sin

182 3319 333 3397 Dipoenus
357 3331 388 3382 et
414 3321 519 3397 Scyllis
546 3321 666 3382 deorum
688 3322 837 3382 simulacra
860 3323 1079 3403 perfecissent,
1104 3331 1194 3408 quod

181 3405 293 3479 maguis
305 3402 488 3464 mercedibus
503 3404 712 3484 obsequiisque
723 3408 895 3484 inpetratum
906 3415 960 3466 est.
981 3409 1073 3472 11111
1086 3423 1194 3474 eutem
