2484 3817
134 109 199 204 Ι176
474 149 505 198 c.
521 151 617 198 emur
634 150 784 200 saccum

134 307 260 368 cerehro
280 306 401 384 piscium
416 313 462 364 est
478 306 526 383 qui
546 305 726 380 synodontes
748 314 898 366 vocantur.
931 307 1088 384 syrtitides
1104 313 1144 373 in

134 391 223 451 litore
235 390 372 466 Syrtium,
388 391 443 447 ianr
455 381 569 466 qhidem
585 395 616 447 et
627 386 779 464 Lucaniae,
795 389 982 452 inueniuntur
995 411 1012 452 e
1024 394 1134 454 melleo

135 474 237 535 colore
253 490 341 533 eroco
360 471 561 548 refulgentes,
585 472 662 530 intus
679 478 774 531 autem
789 471 890 533 stellas
909 477 1058 536 continent
1075 478 1136 538 lan-

134 557 245 635 guidas.
275 556 432 633 syringitis
447 555 572 633 stipulae
587 553 753 614 internodio
766 555 868 616 similis
882 566 1024 637 perpetua
1038 561 1137 620 fistula

135 649 261 701 cavatur.
797 645 803 662 ¹
1145 666 1157 704 ⁵

93 736 145 790 183
197 723 278 802 (68.)
295 722 431 783 Trichrus
447 742 486 783 er
498 722 597 781 Africa
613 723 704 797 venit,
719 721 813 798 nigra,
830 723 884 783 sed
899 725 952 784 tris
968 742 1054 786 sucos
1070 728 1139 788 red-

135 809 193 884 dit,
212 807 249 867 ah
271 806 368 866 radice
392 808 522 883 nigrum,
545 806 641 865 medio
663 806 852 882 sanguinem,
878 825 987 866 summo
1009 808 1136 870 ochram.

135 890 344 968 Thelyrrhinos
360 892 470 949 cinerei
491 888 600 949 coloris
623 896 671 948 aut
689 888 743 946 ruli
760 889 888 949 candidis
904 891 1050 951 radicibus
1068 909 1138 971 spe·

135 985 237 1036 ctatur.
277 972 486 1049 Thelycardios
510 972 611 1032 colore
633 970 753 1030 candido
770 971 877 1034 Persas
900 975 976 1050 apud
998 992 1072 1053 quos
1091 979 1138 1052 gi·

136 1061 233 1137 guitur
246 1057 398 1134 magnilica
413 1056 556 1132 delectat,
571 1054 647 1114 mulc
657 1072 719 1114 eam
730 1056 888 1132 appellant.
914 1056 1037 1118 Thracia
1052 1061 1136 1118 trium
1146 1081 1171 1120 ιο

135 1159 276 1219 generum
294 1149 360 1216 est,
382 1140 483 1199 viridis
498 1148 546 1198 ant
563 1138 678 1217 pallidi,
701 1139 730 1196 in
747 1141 837 1199 tertio
851 1143 942 1217 guttis
958 1143 1133 1219 sanguineis.
1216 1147 1219 1152 ”

94 1237 146 1292 184
155 1225 302 1303 'l'ephritis
319 1223 403 1282 lunae
423 1240 518 1282 novae
540 1224 671 1300 speciem
690 1220 780 1281 hahet
804 1233 940 1284 curvatae
964 1227 993 1284 in
1014 1243 1133 1299 cornua,

132 1300 266 1385 'quamvis
282 1307 393 1368 cinerei
411 1305 530 1366 coloris.
566 1302 737 1365 Tecolithos
754 1305 840 1366 oleae
854 1307 993 1368 nuculeus
1007 1309 1132 1384 videtur,

136 1408 231 1467 neque
248 1398 295 1449 est
310 1390 337 1449 ei
352 1407 483 1467 gemmae
497 1388 608 1464 honos,
629 1388 682 1448 sed
695 1388 864 1466 lingentium
883 1390 1010 1451 calculos
1025 1393 1132 1469 frangit

157 1473 288 1550 eiiitquc.
616 1470 623 1493 “
1142 1495 1168 1534 as

135 1491 155 1552 p
187 1558 268 1640 (69.)
280 1557 407 1618 Veneris
421 1559 517 1616 crines
527 1555 675 1632 nigerrimi
693 1555 794 1614 nitoris
806 1555 949 1614 continent
960 1555 988 1612 in
1000 1573 1033 1612 se
1051 1575 1120 1632 spe·

137 1641 211 1699 ciem
223 1642 277 1700 ruli
293 1643 390 1701 crinis.
418 1637 695 1699 Veientanaltalica
709 1655 819 1714 gemma
830 1646 885 1714 est,
899 1635 971 1696 Veis
988 1647 1115 1714 reperta,

137 1725 249 1801 nigram
259 1725 406 1784 materiam
420 1723 618 1800 distinguente
636 1721 721 1780 limitt
740 1721 817 1781 albo.

88 1816 140 1872 185
194 1807 276 1886 (70.)
319 1805 468 1868 zathenen
485 1807 515 1865 in
534 1804 629 1866 hledia
653 1809 730 1868 nasci
753 1806 938 1868 Democritus
960 1802 1043 1864 tradit
1064 1805 1124 1866 cle-

131 1890 185 1949 ctri
201 1889 304 1949 colore
325 1898 371 1965 et,
392 1891 417 1947 si
433 1890 496 1965 quis
512 1897 587 1948 terat
606 1892 635 1948 in
649 1891 717 1949 vino
736 1889 851 1968 palmeo
868 1896 898 1948 et
913 1905 1017 1966 croco,
1038 1907 1123 1948 cerae
1135 1905 1162 1946 ao

129 1971 217 2032 modo
242 1971 409 2032 lentescere
437 1971 529 2031 odore
554 1990 674 2049 magnae
702 1975 863 2033 suavitatis.
907 1970 1069 2049 Zmilampis
1096 1974 1126 2032 in

130 2053 279 2133 Euphrate
295 2057 439 2131 nascitur,
459 2053 659 2116 Proconnesio
677 2059 811 2117 marmori
827 2055 947 2131 similis,
967 2055 1062 2114 medio
1079 2073 1127 2116 co·

27 2148 30 2154 '
130 2137 196 2198 lore
213 2138 326 2215 glauco.
353 2136 546 2198 zoraniscaea
561 2141 590 2198 in
600 2139 672 2199 lndo
687 2138 802 2198 flumine
818 2141 962 2215 nascitur,
979 2137 1129 2216 Magorum

129 2238 242 2297 gemma
258 2240 326 2280 esse
341 2230 470 2298 narratur
485 2241 580 2300 neque
597 2223 673 2282 aliud
689 2223 809 2300 amplius
826 2223 862 2283 de
881 2241 923 2282 ea.

89 2315 141 2370 186
199 2308 247 2366 11.
269 2305 350 2383 (71.)
369 2302 423 2364 llst
448 2307 600 2365 etiamnum
625 2305 680 2366 alia
707 2295 854 2367 distinctio
881 2323 964 2384 quam
995 2305 1159 2383 equidcmrs

131 2389 253 2449 fecerim
279 2388 400 2449 subinde
424 2391 533 2450 variata
557 2391 762 2467 expositione,
791 2390 933 2467 siquidem
955 2407 970 2448 a
991 2389 1128 2448 memhris

130 2474 265 2551 corporis
280 2472 389 2532 hahent
402 2474 526 2548 nomina,
544 2473 681 2551 hepatitis
696 2491 712 2533 a
726 2474 869 2551 iocinere,
885 2473 1011 2531 steatitis
1031 2474 1132 2549 singu-

131 2555 225 2614 lorum
244 2555 404 2615 animalium
423 2555 508 2634 adipe
531 2574 692 2617 numerosa.
724 2557 826 2616 Adada
848 2555 975 2633 nephros
990 2554 1032 2589 ²²*
1053 2558 1132 2615 eius-

131 2638 196 2698 dem
212 2639 319 2699 'oculus
347 2649 377 2700 et
402 2641 507 2716 digitus
536 2640 600 2715 dei,
634 2649 664 2700 et
691 2640 738 2700 hio
760 2640 866 2700 colitur
893 2657 909 2698 a
932 2638 1023 2714 Syris.
1058 2639 1133 2698 trio·

132 2722 295 2801 phthalmos
306 2742 368 2783 oum
386 2723 498 2800 onyche
514 2725 641 2783 nascitur
655 2725 707 2783 tris
724 2723 848 2783 hominis
864 2721 966 2783 oculos
981 2721 1064 2792 simul
1077 2739 1131 2780 ex·
1142 2739 1172 2780 ao

133 2822 267 2883 prumens.

92 2897 142 2953 187
194 2888 275 2967 (72.)
293 2890 339 2948 Ah
349 2889 517 2949 animalibus
533 2892 786 2965 cognominantur:
804 2890 944 2950 carcinias
959 2889 1054 2948 canc-ri
1070 2906 1132 2947 ma·

132 2973 187 3032 rini
201 2972 320 3048 colore,
342 2972 445 3032 echitis
459 2974 598 3050 viperae,
620 2976 755 3051 scorpitis
777 2974 940 3050 scorpionis
956 2980 1003 3031 aut
1024 2972 1128 3031 colore

132 3064 182 3114 aut
191 3056 302 3133 effigie,
311 3057 425 3117 scaritis
434 3057 520 3130 scari,
530 3055 745 3134 triglitismulli,
757 3056 996 3134 aegophthalmos
1006 3056 1127 3133 caprino
1167 3089 1173 3094 ·

79 3170 81 3174 >
134 3137 231 3214 oculo,
246 3141 373 3216 itemque
384 3139 439 3198 alia
452 3139 550 3214 suillo,
565 3148 595 3198 et
606 3158 622 3199 a
634 3141 712 3217 gruis
725 3139 802 3200 collo
814 3141 966 3216 geranitis,
977 3139 1127 3198 hieracitis
1139 3151 1171 3192 ae

133 3221 169 3280 ab
184 3223 334 3299 accipitre,
349 3224 444 3282 aetitia
456 3222 568 3299 aquilae
580 3223 697 3282 candida
710 3241 725 3281 a
737 3223 834 3283 cauda.
860 3223 1035 3298 mymnecitis
1048 3223 1128 3281 inna-

134 3304 1129 3382 tamrepentisiormicaeelligiemhahet,searabaeorumcantharias.

133 3383 364 3462 lycophthalmos
378 3395 514 3466 quattuor
532 3398 578 3448 est
592 3387 739 3466 colorum,
752 3408 790 3450 ex
804 3388 890 3449 rutilo
906 3391 1081 3466 sanguinea,
1096 3388 1132 3448 in
