2484 3817
169 149 209 213 82
514 159 653 207 orcum
669 157 816 206 saccum

168 316 220 374 illo
236 314 316 392 paria
336 333 404 375 ease
420 322 469 373 aut
482 313 525 373 illi
538 312 678 389 meliora,
700 310 752 373 sed
774 295 831 370 uno
847 329 881 371 se
899 319 1068 388 praestare,
1087 313 1170 388 quod

169 416 279 457 manum
300 396 336 458 de
354 397 450 457 tabula
470 399 560 457 sciret
580 395 705 473 tollere,
728 394 905 455 memorabili
928 401 1090 472 praecepto
1116 412 1170 454 uo-

168 499 237 542 eere
255 499 345 560 saepe
360 482 474 541 nimiam
489 480 677 558 diligentiam.
709 480 763 539 init
776 486 870 538 autem
886 495 943 537 nou
960 478 1081 536 minoris
1101 480 1170 537 sim-

168 566 306 644 plicitatis
334 583 417 644 quam
442 566 523 625 artis.
567 562 725 624 llelautbio
746 563 783 623 de
809 561 1002 640 dispositione
1028 561 1169 639 cedebat,

168 646 383 726 Asclepiodoro
405 648 442 708 da
463 649 623 723 mensuris,
647 646 703 706 boc
727 655 773 706 est
795 655 900 723 quanto
918 644 986 723 quid
1007 661 1023 702 a
1047 661 1189 723 quoquae

124 742 157 797 81
171 732 278 792 distare
298 732 431 793 deberet.
466 732 531 811 [11]
549 729 657 790 Scitum
671 732 748 790 inter
759 729 945 806 Protogenen
962 737 1071 788 etcum
1088 730 1167 806 quod

168 815 281 876 accidit.
313 815 365 876 illa
383 814 635 888 llbodi'rirebat,
658 831 715 892 quo
736 831 798 873 cum
815 811 938 890 Apelles
960 811 1169 889 adnavigasset

167 899 267 960 auidus
283 899 480 976 cognoscendi
499 915 589 976 opera
604 898 667 956 eius
681 898 755 957 fama
766 905 872 956 tautum
884 896 939 957 sibi
955 897 1082 972 cogniti,
1099 914 1168 956 con-

167 985 247 1043 tiuuo
274 983 417 1042 ollicinam
448 983 542 1060 petiit.
585 980 687 1040 aberat
715 983 797 1059 ipse,
825 979 876 1040 sed
901 979 1026 1040 tabulam
1052 980 1167 1057 amplae

165 1065 368 1143 magnitudinis
384 1067 413 1124 in
430 1064 559 1124 machina
574 1071 697 1141 aptatam
717 1083 772 1124 una
786 1062 970 1124 custodiebat
985 1081 1064 1124 auus.
1093 1063 1167 1124 baec
1177 1083 1197 1121 u

166 1151 239 1210 loris
256 1165 325 1206 essa
336 1146 525 1228 Protogenen
543 1146 956 1225 respouditinteruogavitque
972 1165 987 1205 a
1003 1164 1061 1225 quo
1079 1165 1169 1226 quae·

167 1235 252 1292 situm
270 1229 391 1289 diecret.
423 1230 458 1289 ab
474 1229 546 1306 boc,
562 1229 656 1306 iuquit
669 1221 1007 1309 Apelles‚'adreptoque
1024 1231 1168 1310 penicillo

93 1313 98 1320 “
123 1315 268 1383 adiiciam
288 1331 326 1372 ex
342 1311 444 1374 colore
466 1313 547 1374 duxit
563 1331 689 1373 summae
705 1315 852 1373 tenuitatis
868 1331 922 1391 per
942 1312 1077 1374 tabulam.
1121 1335 1168 1374 re-

169 1413 256 1458 verso
272 1396 434 1475 Protogeni
449 1415 522 1475 quae
541 1406 625 1474 gesta
648 1406 730 1457 eraut
745 1415 815 1456 auus
830 1393 975 1467 indicavit.
1007 1399 1167 1458 101111111-

167 1481 271 1541 tilicem
288 1483 420 1559 protinus
441 1480 664 1559 contemplatum
690 1480 880 1558 suptilitatem
902 1481 1011 1541 dixisse
1034 1481 1194 1560 Apelleum

165 1565 299 1644 venisse,
325 1583 384 1626 nou
413 1567 490 1624 euim
510 1564 616 1626 cadere
643 1567 672 1624 iu
697 1564 782 1626 alium
808 1572 865 1623 tam
890 1565 1054 1626 absolutum
1079 1584 1166 1645 opus,

166 1652 316 1728 ipsumque
338 1649 397 1709 alio
419 1649 521 1709 colore
548 1649 711 1709 tenuiorem
725 1648 820 1708 liniam
843 1648 870 1708 iu
892 1651 956 1727 ipsa
974 1649 1023 1714 illa
1044 1649 1167 1711 duxisse

167 1733 379 1811 abeuntemque
402 1734 610 1811 praecepisse,
633 1734 657 1791 si
677 1733 804 1793 redisset
819 1732 887 1809 ille,
916 1731 1089 1793 ostenderet
1108 1735 1167 1794 adi·

166 1825 305 1894 ceretque
335 1817 410 1876 bunc
442 1835 510 1876 esse
547 1834 632 1894 quem
663 1825 836 1895 quaereret,
866 1825 953 1895 atque
982 1818 1022 1875 111
1053 1819 1166 1878 evenit.

166 1902 287 1960 revertit
309 1901 384 1959 enim
398 1899 522 1979 Apelles
545 1908 576 1960 et
599 1901 674 1959 vinci
696 1900 874 1961 erubescens
893 1901 981 1960 tertio
1003 1900 1109 1961 colore
1132 1902 1196 1961 11-10

122 1985 228 2050 sanias
247 1985 341 2043 secuit
360 1982 467 2043 nullum
486 1983 656 2061 relinquens
676 1982 796 2061 amplius
820 1984 971 2063 suptilitati
994 1984 1102 2046 locum.
1138 1996 1167 2045 at

165 2065 350 2142 Protogenes
368 2068 473 2126 victum
494 2085 527 2127 ae
549 2067 702 2126 confessus
724 2067 753 2125 in
773 2068 888 2146 portum
902 2067 1050 2128 devolavit
1065 2067 1166 2148 bospi-

166 2158 224 2209 tem
249 2165 410 2225 quaerens,
437 2146 604 2227 placuitque
628 2151 671 2209 sic
697 2167 759 2209 eam
780 2150 904 2211 tabulam
929 2153 1058 2230 posteris
1089 2153 1166 2213 tradi

168 2232 291 2292 omnium
314 2232 445 2309 quidem,
475 2231 528 2292 sed
555 2233 692 2291 artiiieum
716 2235 874 2311 praecipuo
895 2236 1044 2296 miraculo.
1096 2255 1168 2297 con·

167 2321 305 2392 sumptam
323 2333 385 2374 eam
400 2318 500 2393 priore
517 2314 650 2374 incendio
671 2315 804 2377 Caesaris
821 2317 920 2378 domus
941 2321 969 2380 in
985 2318 1099 2380 Palatio
1118 2337 1198 2380 111-11

166 2398 230 2474 dio,
257 2406 416 2477 spectatam
438 2399 548 2478 [nobis]
570 2407 637 2458 aute
665 2402 794 2480 spatiose
820 2402 891 2461 nibil
913 2402 988 2462 aliud
1012 2406 1167 2465 contineu-

167 2489 225 2542 tem
242 2499 326 2560 quam
346 2481 431 2542 linias
453 2483 546 2541 visum
570 2481 737 2561 effugientis
757 2487 834 2545 iuter
861 2487 982 2564 egregia
1008 2486 1169 2552 multorum

167 2583 258 2644 opera
281 2567 357 2625 inani
373 2566 496 2624 similem
515 2573 545 2625 et
569 2583 606 2626 eo
628 2569 694 2646 ipso
712 2567 894 2628 adlicientem
911 2571 1047 2648 omnique
1070 2587 1169 2650 opere
1219 2583 1220 2601 ¹

123 2648 353 2714 aanobiliorem.
393 2649 457 2728 [12]
481 2648 579 2727 Apelli
605 2651 659 2710 1011
686 2651 792 2728 alioqui
816 2662 955 2730 perpetua
980 2657 1169 2717 consuetudo

165 2749 315 2810 numquam
330 2741 386 2793 tam
403 2743 570 2812 occupatum
585 2733 660 2794 diem
680 2733 782 2810 agendi
799 2742 830 2793 ut
847 2737 1013 2800 nonliniam
1028 2737 1169 2801 ducendo
1178 2751 1197 2791 11

166 2825 322 2884 exerceret
347 2825 454 2894 artem,
480 2817 555 2894 quod
578 2817 613 2876 ab
636 2835 672 2876 eo
695 2819 724 2876 in
742 2819 927 2894 proverbium
950 2823 1037 2881 venit.
1088 2824 1168 2885 idem

167 2897 296 2977 perlecta
312 2918 403 2979 opera
423 2900 606 2979 proponebat
626 2902 656 2959 in
676 2901 797 2977 pergula
818 2905 1049 2981 transeuntibus,
1074 2915 1167 2986 atque

165 2984 229 3061 ipse
253 2992 323 3062 post
347 2984 470 3045 tabulam
488 2983 581 3043 lateus
599 2986 668 3043 vitia
690 3002 762 3062 quae
787 2994 954 3050 notarentur
979 2988 1166 3052 auscultabat

123 3077 157 3132 85
168 3067 285 3144 volgum
296 3066 510 3144 diligentiorem
522 3066 643 3127 iudicem
656 3084 737 3144 quam
751 3086 784 3140 se
800 3072 987 3149 praeferens,
1002 3074 1166 3154 feruntque

165 3149 373 3228 reprehensum
389 3159 543 3227 asutore,
558 3151 634 3230 quod
650 3152 679 3210 iu
693 3152 818 3231 crepidis
839 3172 892 3216 uua
907 3157 1060 3234 pauciores
1084 3160 1196 3218 iutus³³

164 3233 285 3291 lecisset
299 3252 394 3310 ansas,
414 3232 517 3293 eodem
534 3242 654 3313 postero
672 3235 719 3295 die
735 3237 869 3315 superbo,
882 3240 1087 3301 emendatione
1105 3247 1166 3321 pri·

166 3316 258 3374 111110
280 3316 481 3376 admonitionis
502 3317 653 3379 cavillante
682 3321 757 3379 eirca
779 3338 863 3395 erus,
891 3323 1065 3400 indignatum
1092 3346 1166 3406 pro·

165 3399 300 3472 spexisse
324 3399 536 3459 denuntiantem
565 3419 601 3460 ne
623 3420 709 3480 supra
736 3401 878 3480 crepidam
900 3416 982 3466 sutor
1003 3407 1166 3488 iudicaret,
