2484 3817
177 148 218 211 78
520 157 551 206 c.
567 158 663 205 annu
675 155 825 205 sacuam

177 316 337 375 institutum
352 321 398 373 est
410 310 539 372 Corinthi
555 329 589 371 ae
601 310 742 389 Delphis,
759 310 925 388 primusque
942 310 1065 369 omnium
1080 318 1177 372 certa·

177 402 219 457 rit
244 416 306 457 cum
328 396 481 473 Timagora
504 393 714 471 Chalcidense,
743 402 896 471 superatos
923 393 960 453 ab
983 411 1020 453 eo
1046 393 1175 471 Pythiis,

178 481 254 561 quod
271 489 301 541 et
316 482 408 559 ipsius
427 478 598 556 Timagorae
614 479 739 538 carmine
755 485 874 537 vetusto
889 477 1008 556 adparet
1021 476 1175 538 chronico-

167 578 240 625 rum
255 582 358 624 errore
373 581 431 622 non
446 563 543 623 dubio.
574 562 634 622 Alii
650 579 767 640 quoque
782 560 916 639 posthns
926 561 996 621 clari
1008 561 1094 621 fuere
1107 570 1175 621 ante

176 650 392 726 nonagesimam
419 646 626 725 olympiadem,
658 647 733 705 sicut
758 643 939 722 Polygnotus
967 643 1089 704 Thasius
1125 649 1195 723 quis

175 735 285 812 primus
307 732 445 791 mulieres
463 730 604 792 tralucida
620 738 706 790 veste
726 730 837 808 pinxit,
858 730 952 805 capita
967 746 1065 788 earum
1077 730 1175 787 mitris

175 816 407 877 uersicoloribus
429 816 545 893 operuit
561 814 778 893 plurumnmqne
796 814 925 891 picturae
946 814 1055 890 primus
1072 821 1176 871 contu-

175 901 225 977 lit,
247 900 389 978 siqnidem
409 900 532 958 instituit
549 915 583 957 os
606 898 777 977 adaperire,
798 896 893 956 dentis
917 895 1096 971 ostendere,
1113 896 1176 954 vol-

132 996 167 1049 59
179 993 236 1043 tum
252 984 288 1042 nh
305 984 422 1060 antiquo
440 983 540 1058 rigore
557 982 679 1041 variare.
723 980 812 1039 lluius
831 986 877 1038 est
896 979 992 1038 tabula
1012 980 1041 1037 in
1058 981 1174 1063 porticu

174 1066 313 1143 Pompei,
339 1082 413 1142 quae
430 1074 496 1123 aute
516 1065 622 1123 curiam
640 1066 704 1123 eius
724 1065 837 1139 luerat,
852 1064 881 1121 in
900 1080 956 1141 qua
977 1061 1124 1122 dubitatur
1137 1080 1204 1122 anau

175 1147 380 1209 ascendentem
394 1165 457 1205 cum
474 1146 571 1225 clipeo
589 1149 717 1225 pinxerit
732 1165 767 1206 an
779 1146 1014 1206 descendentem.
1045 1145 1094 1208 hic
1104 1146 1175 1207 Del·

175 1232 240 1311 phis
252 1230 353 1289 aedem
369 1232 478 1307 pinxit,
493 1230 539 1289 hic
555 1238 585 1289 et
599 1230 723 1290 Athenis
739 1232 882 1308 porticum
895 1246 969 1309 quae
985 1228 1108 1289 Poecile
1124 1249 1174 1290 vo·

175 1323 257 1375 catur
278 1316 422 1391 gratuito,
452 1332 515 1373 eum
537 1320 649 1391 partem
670 1314 733 1373 eins
747 1312 844 1373 llicon
865 1312 1000 1373 mercede
1024 1314 1173 1391 pingeret.

174 1398 223 1458 vel
241 1399 332 1457 maior
347 1396 413 1457 huic
428 1399 596 1474 auctoritas,
615 1396 756 1474 siquidem
772 1396 1018 1475 Amphictyones,
1033 1398 1114 1475 quod
1128 1408 1174 1458 est

175 1482 319 1561 publicum
334 1481 473 1542 Graeciae
490 1481 659 1557 concilium,
673 1480 800 1559 hospitia
816 1483 843 1540 ei
858 1482 983 1557 gratuita
998 1480 1173 1543 decrevere.
1183 1501 1201 1540 a

174 1566 241 1627 Fuit
254 1575 284 1627 et
295 1566 367 1626 alins
378 1564 475 1625 llicon
487 1570 536 1644 qui
550 1566 670 1624 minoris
684 1565 857 1643 cognomine
872 1566 1073 1643 distinguitur,
1090 1568 1174 1628 cuius

175 1650 233 1710 lilia
249 1649 395 1709 Timarete
411 1658 441 1709 et
456 1652 519 1727 ipsa
535 1651 638 1727 pinxit.
680 1714 683 1720 ,

132 1746 167 1801 60
238 1734 304 1813 (36.
334 1734 375 1812 1.)
400 1732 595 1810 Nonagesima
628 1742 722 1793 autem
756 1733 918 1812 olympiade
946 1734 1030 1793 luere
1062 1733 1175 1810 Aglao-

173 1819 263 1898 phon,
276 1816 505 1896 cephisodorus,
518 1816 643 1895 Erillus,
655 1817 774 1878 Euenor
788 1826 871 1897 pater
882 1815 1026 1876 Parrhasii
1042 1826 1073 1877 et
1088 1836 1175 1896 prae·

141 1892 281 1981 suceptor
298 1902 419 1960 maxumi
441 1902 562 1979 pictoris
584 1900 619 1961 de
639 1919 695 1979 qno
720 1903 779 1960 suis
797 1903 879 1961 anuis
902 1900 1046 1977 dicemus,
1071 1919 1206 1962 omnesne

174 1988 229 2046 iam
244 1985 393 2060 inlustres,
409 2002 467 2043 non
483 1993 579 2045 tamea
595 1985 743 2062 inquibus
759 1984 883 2045 haerere
899 1986 1048 2062 expositio
1064 1984 1177 2047 debeat

171 2071 313 2129 festinans
334 2067 370 2127 ad
392 2066 495 2128 lumina
512 2070 582 2128 artis
605 2068 759 2145 inquibus
781 2070 888 2147 primus
909 2067 1026 2128 refulsit
1049 2068 1177 2147 Apollo·

173 2154 260 2212 dorus
282 2150 471 2211 Atheniensis
489 2150 677 2211 LXXXXlll.
694 2152 869 2231 olympiade.
900 2150 954 2210 llic
973 2154 1083 2229 primus
1108 2172 1177 2232 spe·

173 2238 234 2295 cies
264 2237 429 2314 exprimere
455 2237 579 2295 instituit
600 2238 766 2314 primusque
793 2236 917 2314 gloriam
943 2236 1084 2313 penicillo
1109 2240 1178 2297 iure

173 2319 304 2379 contulit.
333 2320 395 2378 eius
409 2328 454 2379 est
467 2319 605 2379 sacerdos
617 2320 740 2379 adorans
752 2329 782 2379 et
798 2319 873 2378 Aiax
888 2317 1006 2379 fulmine
1020 2321 1177 2398 incensus,
1186 2345 1208 2384 as

173 2422 246 2482 quae
261 2402 393 2480 Pergami
399 2409 557 2481 ‘spectatur
571 2402 669 2464 hodie.
699 2421 795 2482 neque
811 2410 878 2461 aute
893 2403 1069 2471 sumtahula
1084 2404 1178 2466 ullius

130 2498 164 2551 61
177 2487 338 2547 ostenditur
353 2505 426 2564 quae
438 2493 536 2548 teneat
551 2487 662 2547 oculos.
694 2486 747 2565 [2.]
770 2486 816 2545 Ab
833 2486 889 2545 hoc
904 2486 973 2545 artis
987 2487 1070 2547 iores
1088 2506 1180 2567 aper-

173 2580 217 2631 tas
233 2568 339 2631 Zeuxis
361 2570 552 2630 Heracleotes
573 2573 691 2631 intrarit
715 2568 884 2647 olympiadis
905 2568 1079 2632 lxxxxv.
1096 2590 1179 2633 auno

172 2654 248 2731 llll,
268 2656 476 2733 audentemque
490 2656 544 2713 iam
556 2654 662 2733 aliquid
673 2653 838 2734 penicillum
854 2654 944 2713 —de
959 2653 1016 2713 hoc
1031 2657 1113 2715 enim
1128 2659 1180 2717 ad-

172 2738 227 2798 huc
244 2738 393 2815 loquamur
408 2737 499 2797 -sd
518 2756 648 2815 magnam
662 2738 783 2816 gloriam
798 2737 951 2814 perduxit,
967 2756 983 2796 a
998 2738 1210 2815 quibusdamao

172 2822 247 2882 ialso
268 2824 297 2881 in
316 2821 516 2883 LXXXVllll.
535 2821 696 2899 olympiade
720 2822 852 2899 positus,
876 2839 938 2880 cum
957 2820 992 2856 ⁸²*
1007 2822 1107 2883 inisse
1125 2843 1181 2885 ne·

173 2924 258 2965 cesse
276 2915 322 2967 est
336 2905 536 2984 Demophilum
551 2904 731 2964 Himeraeum
745 2912 776 2963 et
790 2904 889 2964 Nesea
907 2904 1058 2982 Thasium,
1078 2925 1182 2985 quon-

130 2999 165 3053 62
175 2990 229 3048 iam
250 2992 339 3049 utrius
359 3006 459 3047 eorum
473 2989 629 3067 discipulus
648 2988 735 3047 luerit
755 2988 919 3066 ambigitur.
949 2990 980 3047 in
996 3006 1062 3048 eum
1077 2992 1182 3069 Apol-

141 3072 294 3133 elodorus
316 3089 403 3150 supra
423 3075 547 3151 scriptus
569 3088 684 3131 versum
709 3070 798 3149 iecit,
828 3080 920 3131 artem
943 3073 1017 3149 ipsis
1043 3072 1182 3135 ablatam

171 3155 291 3215 Zeuxim
312 3156 391 3215 lerre
412 3174 527 3215 secum:
562 3172 635 3233 opes
656 3172 772 3233 quoque
794 3164 887 3215 tantas
906 3154 1063 3233 adquisivit
1084 3167 1124 3217 ut
1150 3162 1215 3219 inst

135 3308 140 3316 Ι
174 3240 398 3299 ostentationem
420 3255 516 3297 earnm
536 3238 685 3317 Olympiae
707 3233 935 3299 aureis'litteris
957 3242 986 3298 in
1011 3240 1182 3317 palliorum

173 3322 294 3380 tesseris
319 3324 455 3381 intextum
482 3338 585 3381 nomen
610 3340 691 3381 suum
714 3330 885 3382 ostentaret.
928 3331 1034 3400 postea
1057 3324 1184 3387 donare

130 3402 134 3419 ⁸
174 3420 264 3481 opera
284 3422 338 3463 sna
357 3405 495 3481 instituit,
516 3402 592 3482 quod
608 3405 688 3465 nullo
706 3407 803 3484 pretio
818 3407 888 3468 satis
903 3406 992 3483 digno
1007 3411 1184 3485 permutari
