2484 3817
168 189 228 250 tto
507 198 539 247 c.
553 197 649 248 sunu
666 197 815 246 sucum

120 368 156 420 55
230 353 317 433 (35.)
338 353 445 414 hirom
459 361 582 432 purgant
604 350 783 426 anagallides
805 369 843 409 ex
862 367 940 427 aqua
957 349 1063 424 mulsa,
1084 351 1152 408 item

164 438 350 516 epithymum,
366 439 419 514 qui
429 445 474 496 est
490 436 545 496 llos
558 453 576 494 c
588 435 685 508 thymo
700 436 843 508 satureiae
858 434 951 492 stmttt
982 433 1152 509 differentia,
1237 472 1239 501 ,

163 520 242 599 quod
254 521 301 580 hie
311 521 475 580 herbaceus
487 519 669 595 esualterius
679 516 766 591 thymi
777 515 861 575 albus
871 549 916 562 -
926 514 1038 592 qnidam
1049 515 1152 594 hippo·
1237 512 1238 587 l

164 604 265 681 pheon
283 613 390 663 secant
411 635 456 650 -·-·
473 602 623 661 stomacho
642 603 734 659 minus
753 600 829 658 utilis
849 600 1023 658 vomitiones
1043 607 1152 672 moret,
1237 598 1238 653 ζ

163 687 216 745 scd
233 689 353 745 tormina
370 695 399 744 et
418 685 579 745 inflationes
600 685 723 743 discutit.
755 684 873 742 sumitur
894 692 924 741 et
942 682 1094 756 ecligmate
1116 682 1179 742 ads

120 771 297 848 tipectoris
312 770 381 828 vitia
399 787 463 828 cunr
476 767 562 828 melle
578 776 607 826 et
623 766 775 844 aliquando
790 767 872 825 iride.
911 765 1006 824 alvom
1028 764 1152 823 solvita
1237 766 1238 785 ¹

163 861 298 930 quattuor
314 851 456 912 drachmis
471 851 507 910 ad
528 867 583 908 sex
602 867 666 909 cum
686 849 773 909 melle
795 858 828 908 et
845 851 952 924 exiguo
976 847 1046 906 salis
1067 856 1154 924 atque

162 937 249 994 aceti.
293 935 405 1012 quidam
426 934 511 992 aliter
533 933 706 1011 epithymum
727 932 841 991 tradunt
861 935 923 990 sine
942 930 1042 990 radice
1061 932 1153 1006 nasci,

161 1029 259 1094 tenne,
275 1017 457 1077 similitudine
475 1016 594 1094 pallioli,
609 1016 726 1095 rubens,
748 1016 852 1075 siccari
866 1016 895 1074 in
911 1014 1025 1087 umbra,
1041 1012 1101 1072 bibi
1115 1033 1155 1074 ex

161 1118 236 1180 aqua
256 1100 402 1160 acetabuli
421 1107 504 1178 parta
525 1098 654 1176 dimidia,
678 1098 832 1159 detrahere
851 1100 979 1176 pituitam
998 1096 1153 1174 bilemque,
1166 1119 1193 1159 ro

118 1195 154 1250 st
165 1185 232 1244 alvo
248 1184 353 1242 leniter
370 1183 473 1242 soluta.
501 1182 584 1260 (36.)
605 1181 645 1241 Et
657 1182 816 1260 nymphaea
833 1183 862 1240 in
878 1183 945 1240 uino
958 1190 1075 1240 andero
1092 1180 1153 1239 sol-

161 1269 202 1327 uit
219 1275 248 1326 et
266 1281 487 1344 pycnocomon,
508 1283 615 1324 crucae
629 1265 709 1326 foliis
730 1264 919 1324 crassioribus
938 1274 968 1322 et
981 1262 1154 1337 acrioribus,

162 1349 262 1408 radice
276 1348 408 1425 rotunda,
424 1349 494 1408 lutei
512 1349 638 1424 coloris,
657 1357 762 1407 terram
778 1348 890 1422 olente,
909 1348 992 1407 caule
1003 1345 1154 1424 quadrian-

160 1431 244 1508 gulo,
261 1430 387 1508 modico,
402 1434 490 1507 tenui,
506 1431 577 1490 dore
596 1432 690 1491 ocimi.
716 1433 858 1490 invenitur
872 1434 900 1489 in
917 1432 1042 1490 saxosis.
1071 1429 1155 1488 radix

162 1517 226 1574 aas
247 1514 276 1572 in
296 1531 371 1591 aqua
392 1515 483 1574 mulsa
496 1514 524 1574 X
540 1527 567 1573 11
582 1513 713 1593 pondere
727 1522 756 1572 et
771 1514 865 1573 alvom
881 1514 1007 1573 ethilem
1024 1522 1054 1572 et
1070 1514 1154 1592 pitui-
1166 1536 1193 1574 st

161 1607 218 1656 tam
233 1599 370 1657 exinanit.
400 1616 500 1658 semen
515 1601 624 1658 somnia
636 1597 809 1656 trumultuosa
823 1597 893 1656 iacit
905 1615 960 1656 una
974 1596 1109 1656 drachma
1124 1599 1154 1654 in

160 1684 230 1740 vino
245 1690 361 1758 petum
383 1691 415 1741 ct
432 1699 544 1759 capnos
558 1690 657 1740 trunca
673 1679 796 1740 detrahit
810 1680 906 1738 bilem.
926 1716 930 1725 ·

117 1773 154 1828 te
228 1764 315 1844 (37.)
337 1764 498 1843 Polypodi,
521 1783 605 1842 quam
632 1767 723 1824 nostri
743 1764 890 1824 ieliculanr
910 1772 1031 1837 vocant,
1053 1763 1156 1822 similis

161 1847 258 1924 felici,
280 1849 362 1908 radix
384 1851 413 1907 in
431 1865 483 1908 usu
502 1849 612 1926 pilosa,
630 1849 739 1908 coloris
753 1851 829 1913 intus
842 1846 994 1921 herbacei,
1018 1849 1154 1907 crassitu-

160 1931 228 1991 dine
245 1931 327 2007 digiti
338 1932 462 2002 minumi,
479 1926 637 1990 acetabulis
649 1947 808 1990 cavernosa
821 1947 875 1989 ceu
889 1930 1061 2008 polyporum
1073 1931 1191 2005 cirri,uo

161 2015 327 2089 subdulcia,
350 2014 379 2072 in
396 2015 488 2091 petris
502 2029 627 2073 nascens
640 2023 689 2073 aut
702 2013 755 2072 sub
770 2012 922 2072 arboribus
936 2015 1067 2070 vetustis.
1101 2030 1154 2071 ex·

164 2097 294 2175 primitur
309 2113 398 2154 sucus
410 2112 485 2172 aqua
502 2096 695 2169 madefactae,
719 2106 749 2155 et
767 2099 831 2174 ipsa
853 2098 959 2154 minute
979 2097 1097 2154 concisa
1111 2097 1153 2154 in-

161 2179 308 2258 spergitur
324 2179 399 2237 oleri
413 2178 461 2236 vel
475 2176 562 2237 betae
577 2183 624 2237 vel
643 2179 754 2237 malvae
768 2178 816 2236 vel
836 2179 1008 2238 salsamento
1022 2187 1071 2238 aut
1089 2195 1156 2238 cunr

160 2261 298 2340 pulticula
317 2263 451 2339 coquitur
466 2260 501 2319 ad
524 2261 619 2320 alvom
636 2260 685 2318 rel
706 2262 735 2318 in
754 2260 828 2319 febri
851 2262 953 2320 leniter
973 2260 1154 2321 solvendam.

160 2343 286 2404 detrahit
304 2343 392 2403 bilem
412 2353 442 2404 et
463 2344 607 2421 pituitam,
631 2343 804 2402 stomachum
825 2345 958 2404 offendit.
991 2345 1089 2405 aridae
1109 2346 1193 2405 iar-rs

159 2430 223 2487 rina
252 2427 340 2487 indita
366 2427 483 2486 naribus
511 2427 650 2505 polypum
678 2429 826 2488 consumit.
868 2427 969 2488 dorem
997 2437 1027 2487 et
1051 2445 1155 2488 semen

160 2529 219 2572 non
235 2511 303 2570 iert.

116 2607 153 2660 59
223 2591 308 2673 (38.)
329 2593 538 2652 Scammunium
554 2607 671 2669 quoqne
685 2592 901 2654 dissolutionem
917 2593 1055 2654 stomachi
1070 2595 1154 2670 lacit,

160 2678 249 2737 bilem
263 2676 395 2752 detrabit,
408 2676 504 2736 alvom
523 2675 620 2749 solvit,
637 2685 837 2754 praeterquam
855 2681 879 2736 si
892 2677 1152 2737 adicianturaloes

160 2761 314 2820 drachmae
329 2759 402 2820 duae
418 2758 513 2819 obolis
529 2760 590 2818 eius
608 2759 729 2818 duobus.
759 2770 805 2820 est
824 2769 917 2819 autem
939 2779 1026 2820 sucus
1040 2760 1191 2820 herbaceo

161 2844 201 2904 ab
213 2843 312 2903 radice
328 2849 460 2903 ramosae
477 2841 631 2922 pinguibus
644 2844 737 2919 foliis,
753 2844 918 2918 triangulis,
938 2844 1030 2916 albis,
1051 2843 1154 2902 radice

118 2937 275 3001 morasse,
290 2925 411 3000 madida,
427 2928 569 2986 nausiosa.
606 2929 732 2985 nascitur
751 2927 848 3004 pingui
869 2935 898 2983 et
912 2926 979 2986 albo
994 2926 1070 2985 solo.
1105 2943 1152 2985 ra·

160 3008 211 3068 dix
225 3010 304 3068 circa
320 3012 399 3068 canis
415 3018 507 3068 ortum
524 3019 696 3085 excavatur,
716 3019 746 3068 ut
767 3010 899 3084 inipsam
919 3009 1043 3068 couiluat
1064 3027 1154 3068 sucus

162 3093 212 3171 qui
225 3091 290 3150 sole
305 3093 430 3152 siccatus
446 3092 586 3170 digeritur
606 3094 635 3152 in
652 3093 793 3169 pastillos.
824 3091 950 3150 siccatur
970 3101 1000 3151 et
1020 3094 1084 3170 ipsa
1101 3093 1154 3152 rel
1237 3092 1238 3097 ’

160 3183 273 3235 codex.
312 3175 441 3237 laudatur
454 3178 569 3236 natione
585 3174 811 3252 Colophonium,
828 3174 964 3249 lipsium,
979 3174 1152 3249 Prienenses,
1163 3191 1191 3232 ss

160 3259 264 3336 spacia
292 3269 386 3320 autem
411 3260 528 3320 nitidum
550 3269 579 3319 et
602 3275 686 3336 quam
711 3256 879 3316 simillimum
904 3259 1017 3316 taurino
1036 3259 1153 3335 glutini,

161 3341 315 3417 fungosum
331 3345 504 3404 tenuissimis
519 3342 632 3414 fistulis,
648 3341 706 3398 cito
721 3340 895 3416 liquescens,
909 3342 986 3398 uirus
1002 3342 1154 3418 redolens,

163 3427 378 3502 cummincsuur,
387 3426 502 3504 linquae
515 3434 593 3486 taem
604 3424 775 3497 lactescens,
789 3439 871 3499 quam
882 3424 1069 3502 leuissimpnr,
1085 3440 1154 3484 curn
