2484 3817
333 164 412 213 usu.
432 163 523 211 msa.
545 164 670 210 xxxru.
690 161 714 215 o.
732 159 758 214 7.
778 118 927 231 (wat.)
1086 148 1127 209 13

140 329 225 400 gatae
244 319 340 378 vitium
356 325 412 377 est.
439 313 559 387 Quidam
574 315 631 374 duo
646 333 756 391 genera
772 316 880 376 iaciunt
900 332 1018 393 spumae
1033 332 1107 393 quae
1119 324 1171 379 108

141 411 245 464 vocant
267 400 437 476 scirerytida
459 408 489 459 et
510 417 687 477 peumencn,
715 401 830 458 tertium
855 396 1073 474 molybdaenam
1098 400 1129 457 in

143 486 258 566 plumbo
278 483 433 545 dicendam.
476 483 580 560 Spuma
602 488 634 539 ut
663 483 700 539 sit
724 482 802 541 utilis
823 482 926 540 iterum
947 477 1079 559 coquitur
1088 499 1121 541 n.
1135 500 1170 534 aaa

142 570 296 629 confractis
320 566 425 627 tubulis
447 565 482 625 ad
503 563 724 642 magnitudinem
746 564 905 624 anulorum.
946 565 986 623 ita
1006 579 1129 624 accensa

121 652 259 713 sicllibus
280 650 316 710 ad
335 648 512 727 separandos
534 646 677 707 carbones
697 648 882 724 cineremque
903 646 1028 705 abluitur
1044 656 1128 707 aceto

142 744 189 796 aut
216 736 284 793 vino
311 732 452 809 simulque
477 731 675 805 restinguitur.
721 729 822 806 quodsi
853 731 892 787 sit
919 730 1074 806 argyritis,
1098 740 1130 790 ut

144 818 248 879 candor
264 818 291 876 ei
309 815 393 876 dctur
409 812 603 889 magnitudine
625 812 711 871 labae
731 813 879 871 confracta
901 813 929 871 in
946 812 1027 871 lictili
1044 815 1129 889 coqui
1161 844 1165 850 ·

143 901 257 961 iubetur
282 917 320 958 ox
340 915 414 973 aqua
434 896 530 955 addito
551 897 580 954 in
597 895 726 954 linteolis
744 897 840 954 tritico
861 903 892 954 et
909 893 1020 954 hordeo
1034 896 1149 971 novis„

143 984 235 1043 donec
250 999 285 1041 ea
299 986 467 1058 purgentur.
497 987 601 1056 postea
615 996 670 1038 sex
681 978 783 1037 diebus
798 986 896 1038 terunt
910 981 940 1036 in
954 978 1110 1054 mortariis,
1122 989 1172 1043 109

108 1088 133 1127 no
144 1075 188 1126 ter
202 1066 249 1124 die
265 1060 416 1123 abluentes
433 1079 505 1139 aqua
522 1062 624 1137 frigida
640 1070 681 1137 et,
697 1079 759 1120 cum
776 1062 898 1137 desinat,
917 1061 1019 1138 calida,
1034 1059 1130 1119 addito

144 1148 205 1207 sale
220 1146 326 1223 fossili,
339 1148 368 1205 in
383 1145 483 1204 libram
497 1163 613 1222 spumae
631 1144 730 1203 obolo.
753 1146 911 1203 novissimo
923 1143 970 1203 die
984 1144 1051 1203 dein
1064 1160 1131 1203 con-

141 1231 211 1290 'dunt
224 1232 261 1289 im
278 1228 413 1307 plumbeo
430 1246 508 1288 vase.
545 1227 675 1287 aliimrm
697 1228 763 1287 laba
784 1228 902 1287 candida
925 1236 956 1287 et
977 1228 1068 1287 tisana
1083 1244 1131 1286 co·

144 1321 210 1373 cunt
230 1314 395 1389 siccantque
414 1311 495 1387 sole,
515 1310 563 1370 alii
580 1312 610 1371 in
629 1310 697 1393 lana
714 1310 831 1370 candida
848 1328 910 1370 cum
929 1310 1014 1386 laba,
1037 1310 1132 1369 donec

143 1396 234 1455 lanam
253 1413 311 1455 non
334 1384 476 1472 denigret.
514 1403 581 1453 tunc
603 1393 693 1453 salem
712 1394 846 1453 fossilem
864 1394 990 1453 adiciunt
1010 1393 1131 1453 subinde

55 1520 65 1546 a
109 1486 336 1556 rsaquarnutata
352 1480 519 1554 siccantque
534 1477 636 1536 diebus
651 1476 701 1535 XL
716 1476 895 1536 calidissimis
916 1478 1043 1534 aestatis.
1076 1493 1131 1535 nec
1211 1474 1222 1501 ⁸

144 1581 201 1622 non
212 1564 240 1621 in
253 1570 355 1621 ventre
368 1561 453 1620 suillo
465 1562 494 1619 in
508 1578 580 1637 aqua
595 1568 699 1619 cocunt
713 1565 932 1635 exemptamque
943 1561 1019 1616 nitro
1030 1559 1133 1618 fricant

58 1693 63 1697 .
144 1655 174 1706 ct
189 1654 319 1723 utsupra
334 1642 430 1702 terruit
450 1644 478 1701 in
498 1644 644 1701 mortariis
660 1659 723 1699 cum
738 1640 808 1700 sale.
843 1650 909 1699 sunt
928 1643 976 1718 qui
1000 1658 1058 1699 non
1078 1659 1125 1701 co·
1139 1663 1173 1697 na

144 1736 245 1805 quant,
261 1726 320 1796 ,sed
341 1719 404 1784 cum
424 1724 485 1783 sale
505 1732 600 1781 terant
618 1732 649 1781 et
664 1721 774 1783 adiecta
789 1741 861 1801 aqua
877 1723 1001 1782 abluant.
1034 1722 1111 1782 Usus
1122 1737 1174 1788 110

145 1812 207 1870 cius
238 1809 272 1868 ad
293 1806 414 1881 collyria
435 1814 465 1865 et
485 1804 537 1864 litu
558 1805 593 1863 ad
618 1804 797 1866 muliebrium
826 1808 990 1866 cicatricum
1010 1806 1132 1866 foedita-

109 1900 191 1951 aotes
210 1890 352 1949 tollendas
376 1888 575 1965 maculasque,
591 1888 627 1946 ad
642 1889 773 1948 alendum
792 1890 935 1968 capillum.
971 1889 1015 1947 vis
1037 1898 1133 1949 autern

146 1976 273 2048 siccare,
287 1970 419 2047 mollire,
435 1972 629 2048 refrigerare,
643 1980 822 2050 temperare,
841 1991 985 2050 purgare,
1009 1972 1132 2049 explere

146 2050 262 2131 ulcera,
277 2063 405 2113 tumores
422 2054 523 2115 lenire.
554 2048 716 2133 talibusque
739 2057 902 2134 emplastris
926 2055 1038 2115 additur
1052 2063 1082 2114 ct
1100 2055 1133 2115 li-

145 2141 223 2217 paris
242 2156 328 2217 supra
345 2138 436 2197 dictis.
458 2140 533 2214 ignis
549 2140 634 2198 etiarn
650 2156 749 2198 sacros
767 2139 843 2199 tollit
858 2156 920 2199 cum
934 2146 998 2197 ruta
1013 2139 1126 2215 myrtis·
1139 2158 1174 2193 ns

146 2241 202 2300 que
217 2230 248 2283 et
262 2230 365 2297 aceto,
380 2222 620 2299 itemperniones
636 2241 699 2281 cnm
716 2225 816 2298 myrtis
832 2231 862 2281 et
878 2239 954 2281 cera.

110 2320 136 2361 aa
208 2308 236 2367 7.
259 2305 339 2383 (36.)
360 2304 393 2363 ln
413 2306 583 2381 argentariis
600 2305 724 2364 metallis
745 2306 890 2365 invenitur
910 2306 1024 2364 minium
1044 2322 1113 2383 quo·
1125 2317 1172 2368 111

146 2404 219 2466 que,
235 2396 263 2446 et
278 2405 351 2448 nunc
365 2389 441 2447 inter
457 2389 603 2466 pigmenta
618 2406 738 2464 magnae
753 2390 932 2448 auctoritatis
947 2397 977 2447 et
992 2388 1132 2465 quondam

146 2470 221 2548 apud
234 2469 378 2545 Romanos
394 2488 452 2529 non
469 2470 560 2530 solum
575 2488 736 2549 maxumae,
758 2472 910 2530 sedetiam
927 2488 1034 2530 sacrae.
1065 2479 1131 2529 enu-

146 2560 238 2612 morat
245 2561 378 2611 auctores
386 2552 507 2613 Verrius
520 2552 622 2630 quibus
633 2554 754 2613 credere
766 2572 889 2613 neeesse
901 2555 939 2611 sit
952 2554 1030 2612 lovis
1041 2555 1132 2630 ipsius

148 2635 289 2695 simulacri
315 2636 416 2695 faciem
440 2636 541 2696 diebus
568 2636 653 2695 iestis
679 2638 768 2696 minio
797 2637 877 2696 inlini
903 2636 1016 2694 solitam
1037 2638 1133 2695 trium·
1173 2636 1178 2641 ’

110 2739 138 2781 ao
148 2718 349 2796 phantiumquc
369 2734 510 2796 corpora,
531 2720 573 2777 sic
587 2718 734 2778 Camillum
749 2719 949 2796 triumphasse.
976 2718 1029 2778 hac
1043 2718 1174 2782 reli-112

147 2803 236 2877 gione
257 2802 409 2859 etiamnum
436 2801 499 2861 addi
527 2804 557 2861 in
585 2810 729 2878 unguenta
752 2819 843 2862 cenae
866 2800 1044 2879 triumphalis
1066 2811 1133 2861 eta

147 2883 365 2943 censoribusin
379 2884 477 2959 primis
494 2884 595 2945 lovem
609 2884 779 2944 miniandum
790 2884 888 2943 locari.
913 2886 993 2944 cuius
1009 2885 1054 2944 rei
1069 2902 1134 2945 caa-

149 2984 208 3026 sam
231 2965 364 3043 equidem
385 2966 489 3042 miror,
511 2982 677 3044 quamquam
698 2976 729 3026 et
750 2965 836 3026 hodio
857 2966 887 3026 id
905 2969 1004 3045 expeti
1020 2976 1134 3029 coarat

149 3048 324 3126 Aethiopum
335 3048 449 3125 papalis
462 3057 598 3125 totosque
611 3068 649 3109 oo
660 3050 751 3125 tingui
766 3064 918 3127 proceres,
929 3050 1003 3110 hunc
1014 3051 1054 3110 ibi
1066 3051 1133 3110 deo·

113 3147 209 3192 aarum
224 3130 381 3191 simulacris
395 3131 526 3192 colorem
544 3150 619 3192 esse.
659 3140 836 3211 quapropter
850 3131 1015 3210 diligentias
1032 3148 1133 3213 perse·

59 3231 62 3241 ¹
149 3231 269 3292 quemm
283 3216 377 3273 omnia
392 3214 428 3275 de
444 3232 489 3275 eo.

211 3298 292 3381 (37.)
319 3294 534 3377 Theophrastus
557 3297 610 3357 XO
631 3300 712 3357 annis
733 3306 799 3359 ante
815 3299 999 3359 Praxibulum
1021 3298 1111 3359 Athe·
1123 3310 1175 3364 113

149 3381 289 3441 niensium
303 3383 498 3459 magistratum
510 3380 643 3459 -quod
659 3389 773 3459 tempus
792 3385 854 3443 exit
872 3384 904 3442 ir
920 3383 999 3442 erbis
1012 3391 1133 3443 nostrae
