2484 3817
389 216 471 262 unn.
488 214 580 264 man.
595 216 695 263 mx.
713 213 739 269 6.
757 204 835 281 (38.)
1038 206 1099 271 229

101 370 186 431 inlini
201 377 368 429 monstram.
398 367 515 428 landant
527 378 558 428 et
572 368 700 447 gallinae
715 369 772 445 iel,
794 378 824 429 et
845 373 1003 451 praecipue
1023 372 1082 433 adi·
1094 384 1146 439 rm

102 472 183 533 pem,
199 461 301 511 eontra
317 452 436 531 pusulas
453 453 624 531 inpupillis.
665 452 718 512 bss
734 453 848 513 soiliest
870 456 931 515 eius
951 458 994 516 rei
1010 459 1103 533 grstia

101 538 249 615 saginant.
285 536 401 595 adiurat
415 536 537 595 miriliee
558 546 589 597 et
610 546 710 615 ruptas
733 536 881 597 obulorum
898 540 1039 600 tunionlas
1055 540 1103 601 ad·

101 622 202 682 mixtis
216 618 327 679 sebisto
348 627 378 678 et
391 618 545 680 haematite
566 620 720 698 lapidibus.
753 621 847 679 limum
862 639 978 700 quoque
995 640 1102 699 samm,

81 706 252 766 sdnmtaxat
269 702 473 777 mudidunr,'in
487 704 556 763 oleo
570 713 673 763 vetere
689 705 864 781 corneisque
880 706 1035 782 pyxidibus
1054 707 1102 767 ad·

102 796 225 849 servant
242 786 279 846 ad
292 784 465 865 pupillorum
480 786 646 864 albugines,
665 804 721 865 qua
736 788 764 845 in
780 790 925 847 mentione
940 791 1102 866 signibean·

102 872 169 933 dnm
185 880 234 931 est
247 886 379 948 pavones
393 871 488 929 bmnm
501 889 582 931 suum
602 870 761 930 resorbere
781 871 854 930 tradi
874 872 1027 933 invidentis
1051 874 1102 932 bo·

102 959 210 1017 omnum
224 952 403 1013 utilitatibus
422 953 573 1033 Aeeipiter
583 954 723 1013 decoetus
737 956 1145 1020 iurosaoeoellleaoissi·125

102 1058 165 1100 mus
178 1038 218 1098 ad
240 1038 422 1097 insuetiones
437 1039 560 1099 omniurn
581 1039 714 1098 vitiorum
731 1047 864 1116 putatur,
886 1040 953 1099 item
970 1042 1027 1099 limi
1042 1040 1104 1099 eius

71 1138 95 1179 ro
103 1126 175 1183 einis
192 1140 258 1181 eum
273 1121 372 1180 Attieo
385 1120 484 1181 melle.
522 1121 655 1182 landatur
671 1130 702 1180 et
716 1120 793 1181 milvi
808 1123 907 1198 ieeur,
923 1124 1019 1184 limum
1033 1140 1102 1201 quo·

101 1214 160 1287 ipae
175 1204 375 1266 eolnmltsrnnn
390 1222 428 1263 ex
442 1215 528 1265 seete
546 1206 582 1265 ad
596 1205 760 1283 aegilopis,
784 1206 917 1265 similiter
939 1206 976 1267 ad
991 1207 1102 1283 albugi-

102 1308 156 1351 nes
169 1299 201 1350 et
221 1289 393 1364 eieatrr’ees,
414 1288 460 1347 ‚iel
475 1291 656 1364 anserinum,
679 1290 796 1365 sanguis
820 1298 933 1350 surmus
954 1292 1102 1350 oontunsls

54 1448 60 1460 Ι
104 1375 199 1434 oeulis
213 1374 254 1432 ita
268 1380 301 1430 ut
358 1381 421 1431 stes
436 1390 551 1452 oesypo
567 1382 597 1433 et
612 1371 701 1433 melle
718 1374 923 1449 inunguantur,
946 1374 988 1434 iel
1005 1374 1102 1452 perdi·

50 1461 56 1476 '
107 1473 165 1518 orm
183 1472 250 1516 eum
263 1456 322 1515 mel
334 1457 360 1514 is
374 1472 468 1534 aequo
483 1458 633 1536 pondere,
656 1473 710 1535 per
731 1475 764 1516 se
784 1474 857 1516 vero
879 1458 914 1517 ad
931 1457 1100 1519 elaritatsm.

75 1556 141 1601 rser
152 1540 344 1619 llippoerntis
365 1548 465 1618 putant
478 1543 650 1601 austeritate
666 1540 741 1623 adini
757 1539 834 1618 quod
854 1542 883 1598 ia
897 1550 1038 1616 argentes
1050 1558 1102 1618 py-

106 1622 442 1688 xideidsemrliubent.
457 1640 513 1683 osa
521 1625 671 1702 perdlonm
678 1626 707 1682 in
714 1640 785 1681 vase
795 1640 885 1681 aereo
893 1623 1015 1683 deeoota
1023 1642 1086 1684 eum
1094 1633 1145 1689 126

8 1753 9 1758 η
106 1712 193 1771 melle
207 1706 357 1768 uleeribns
373 1706 524 1767 oculorum
546 1716 577 1765 et
598 1706 791 1783 glaucomatis
805 1704 966 1763 medentur.
994 1706 1104 1765 oolam-

7 1853 8 1858 ,
105 1794 214 1868 barum,
232 1790 416 1871 palumbium,
434 1799 583 1865 turturum,
596 1788 746 1866 perdienm
761 1788 879 1863 sanguis
891 1786 986 1847 oeulis
999 1804 1103 1848 eruore

108 1877 233 1937 subfusis
254 1876 359 1935 eximie
375 1873 506 1951 prodest.
537 1874 567 1931 in
585 1870 727 1932 columbis
741 1870 885 1932 mesoulas
906 1871 1103 1932 sllieaoiorem

73 1968 220 2039 reputant,
234 1976 309 2019 rens
323 1966 418 2018 autem
433 1956 487 2017 sub
501 1956 548 2016 ala
562 1956 599 2017 ad
612 1956 690 2015 buno
705 1970 786 2015 usum
802 1955 951 2030 inciditur,
969 1956 1103 2035 quoniam

107 2058 161 2104 stro
178 2042 277 2102 calore
296 2042 395 2102 utilior
416 2050 471 2101 est.
505 2040 665 2120 superponi
688 2049 806 2119 oportet
822 2039 994 2118 spleniume
1015 2039 1103 2099 melle

106 2128 260 2188 decoetus
278 2127 431 2203 lanamque
453 2125 581 2185 sueidam
602 2143 642 2184 ex
666 2124 734 2185 oleo
755 2142 791 2184 ae
812 2125 889 2183 rino.
918 2122 1082 2185 Eorundem
1093 2132 1143 2188 lt'l

106 2213 199 2272 avium
223 2213 340 2286 sanguis
354 2206 527 2288 nsetalopas
549 2217 631 2268 sanat
656 2214 685 2268 et
705 2210 786 2267 ieeur
807 2209 917 2286 ovium,
939 2217 1043 2286 atque,
1072 2216 1103 2268 ut

107 2297 135 2354 in
149 2295 248 2373 bapris
262 2293 396 2369 diximus,
413 2294 563 2353 elbeaeius
575 2292 684 2351 fulvae.
717 2292 841 2352 deooeto
860 2309 977 2371 quoque
994 2292 1056 2351 eius
1067 2311 1098 2352 ss.
1111 2310 1145 2345 oo

73 2378 211 2439 ssoeulos
225 2375 346 2436 abluere
364 2376 486 2436 suadent
505 2386 534 2436 et
553 2376 679 2435 medulla
695 2376 814 2435 dolores
835 2385 1022 2453 tumoresque
1039 2374 1101 2433 inli-

106 2479 188 2522 nere.
206 2459 334 2519 bnbouis
344 2459 493 2519 oculorum
504 2461 577 2519 einis
588 2459 712 2534 collyrio
722 2460 826 2519 mixtus
838 2459 996 2519 elaritatem
1009 2456 1103 2517 oeulis

105 2546 208 2605 iueere
223 2544 405 2623 promittitur.
442 2544 560 2604 turturis
573 2544 668 2603 dmum
688 2542 842 2620 albugines
857 2550 1010 2615 extenuat,
1033 2541 1101 2599 itern

108 2628 276 2689 eoeleurrm
292 2626 382 2703 einis,
398 2626 491 2687 dmum
507 2628 679 2687 oenobridis.
712 2628 881 2704 aeeipitrnm
894 2626 1013 2703 generis
1027 2620 1103 2683 buno

107 2712 211 2773 masei
227 2709 345 2770 meunt.
372 2710 499 2787 Argeum
513 2728 551 2771 er
565 2711 652 2771 melle
668 2710 798 2770 omnibus
814 2726 888 2788 quae
901 2725 990 2788 supro
1008 2707 1144 2770 seri-128

77 2805 157 2875 septu
180 2802 249 2854 sunt
267 2803 392 2853 senatur.
429 2794 485 2854 mel
500 2796 677 2855 utilissimum
702 2795 795 2853 oeulis
815 2797 844 2853 in
867 2808 924 2869 qno
947 2808 1020 2869 apes
1046 2789 1102 2849 sint

107 2881 279 2939 inmortuae.
315 2876 453 2938 Gieoniae
467 2879 575 2956 pullum
589 2881 638 2957 oui
656 2876 749 2937 ederit
769 2884 892 2954 negatur
913 2874 994 2935 annis
1011 2872 1101 2933 eonti-

107 2964 171 3021 nnis
185 2962 356 3039 lippituros,
376 2964 446 3020 item
464 2965 512 3040 qni
526 2962 662 3022 draeonis
676 2971 762 3041 eaput
774 2961 889 3021 babeat.
918 2958 1001 3017 lunius
1015 2954 1102 3032 adipe

109 3054 140 3105 et
159 3044 251 3104 melle
274 3060 337 3103 enm
359 3044 427 3104 oleo
446 3054 547 3104 vetere
567 3045 731 3122 incipientis
753 3044 894 3120 caligines
916 3040 1021 3102 disouti
1044 3046 1099 3097 trs·

109 3128 188 3188 duat.
222 3126 407 3187 llirundinnrn
421 3128 517 3207 pullos
534 3128 620 3206 plena
634 3129 700 3187 luna
715 3132 891 3201 exeseoant,
911 3126 1100 3198 restitutaque
1156 3119 1159 3127 ⁴

77 3220 211 3272 “eom
233 3212 298 3270 aeie
320 3210 414 3288 eapite
434 3210 654 3283 comburuntur,
676 3211 774 3269 uiuere
797 3224 860 3268 enm
880 3207 968 3267 melle
988 3212 1101 3265 utuntur

109 3296 146 3355 sd
162 3295 324 3353 elsrttntem
342 3302 372 3353 et
390 3295 510 3354 dolores
530 3311 565 3353 ae
579 3291 765 3371 lippitudines
786 3298 815 3349 et
829 3293 912 3350 letus.
944 3288 1081 3350 baeertss
1094 3293 1143 3347 129

108 3373 230 3459 quoque
246 3377 377 3455 pluribus
394 3378 489 3437 nodis
502 3376 537 3436 ad
560 3376 710 3435 oeulorms
723 3372 849 3435 remedia
864 3373 1021 3433 adsumunt.
1053 3367 1100 3428 slii

106 3458 233 3521 viridem
253 3460 400 3520 iuelndunt
413 3477 491 3519 noso
505 3456 595 3533 dotili,
611 3466 642 3516 et
658 3455 775 3534 lapillos
792 3457 839 3532 qui
851 3463 990 3517 seeastur
1005 3451 1100 3511 eime-
