<?xml version="1.0" encoding="UTF-8"?>
<!DOCTYPE html PUBLIC "-//W3C//DTD XHTML 1.0 Transitional//EN"
    "http://www.w3.org/TR/xhtml1/DTD/xhtml1-transitional.dtd">
<html xmlns="http://www.w3.org/1999/xhtml" xml:lang="en" lang="en">
 <head>
  <title>
</title>
<meta http-equiv="Content-Type" content="text/html;charset=utf-8" />
  <meta name='ocr-system' content='tesseract 3.04.00' />
  <meta name='ocr-capabilities' content='ocr_page ocr_carea ocr_par ocr_line ocrx_word'/>
</head>
<body>
  <div class='ocr_page' id='page_1' title='image "./cplinisecundina24plingoog_0153.png"; bbox 0 0 2484 3817; ppageno 0'>
   <div class='ocr_carea' id='block_1_1' title="bbox 345 173 1105 254">
    <p class='ocr_par' dir='ltr' id='par_1_1' title="bbox 345 173 1105 254">
     <span class='ocr_line' id='line_1_1' title="bbox 345 173 1105 254; baseline 0.009 -24"><span class='ocrx_word' id='word_1_1' title='bbox 345 183 426 230; x_wconf 80' lang='lat' dir='ltr'><strong>usu.</strong></span> <span class='ocrx_word' id='word_1_2' title='bbox 440 181 530 232; x_wconf 81' lang='lat' dir='ltr'><strong>mou.</strong></span> <span class='ocrx_word' id='word_1_3' title='bbox 545 183 627 230; x_wconf 84' lang='lat' dir='ltr'><strong>xxv·</strong></span> <span class='ocrx_word' id='word_1_4' title='bbox 641 181 668 238; x_wconf 81' lang='lat'><strong>6·</strong></span> <span class='ocrx_word' id='word_1_5' title='bbox 683 181 708 238; x_wconf 82' lang='lat' dir='ltr'><strong>t.</strong></span> <span class='ocrx_word' id='word_1_6' title='bbox 726 174 879 254; x_wconf 64' lang='lat' dir='ltr'><strong>(bo-38)</strong></span> <span class='ocrx_word' id='word_1_7' title='bbox 1066 173 1105 238; x_wconf 84' lang='grc'><strong>81</strong></span> 
     </span>
    </p>
   </div>
   <div class='ocr_carea' id='block_1_2' title="bbox 3 333 1154 2494">
    <p class='ocr_par' dir='ltr' id='par_1_2' title="bbox 109 333 1154 669">
     <span class='ocr_line' id='line_1_2' title="bbox 176 333 1154 418; baseline 0.01 -22"><span class='ocrx_word' id='word_1_8' title='bbox 176 335 260 413; x_wconf 85' lang='grc'>(35.)</span> <span class='ocrx_word' id='word_1_9' title='bbox 281 334 396 394; x_wconf 84' lang='lat' dir='ltr'><strong>invenit</strong></span> <span class='ocrx_word' id='word_1_10' title='bbox 413 343 443 394; x_wconf 92' lang='lat' dir='ltr'><strong>et</strong></span> <span class='ocrx_word' id='word_1_11' title='bbox 459 333 644 412; x_wconf 81' lang='lat' dir='ltr'><strong>Lysimachus</strong></span> <span class='ocrx_word' id='word_1_12' title='bbox 658 355 734 416; x_wconf 86' lang='lat' dir='ltr'><strong>qnae</strong></span> <span class='ocrx_word' id='word_1_13' title='bbox 749 339 787 399; x_wconf 90' lang='lat' dir='ltr'><strong>ab</strong></span> <span class='ocrx_word' id='word_1_14' title='bbox 802 358 841 400; x_wconf 92' lang='lat' dir='ltr'><strong>eo</strong></span> <span class='ocrx_word' id='word_1_15' title='bbox 861 357 967 402; x_wconf 88' lang='lat' dir='ltr'><strong>nomen</strong></span> <span class='ocrx_word' id='word_1_16' title='bbox 983 343 1105 418; x_wconf 85' lang='lat' dir='ltr'><strong>retinet,</strong></span> <span class='ocrx_word' id='word_1_17' title='bbox 1116 353 1154 408; x_wconf 78' lang='lat'><strong>72</strong></span> 
     </span>
     <span class='ocr_line' id='line_1_3' title="bbox 109 416 1108 504; baseline 0.004 -24"><span class='ocrx_word' id='word_1_18' title='bbox 109 419 265 480; x_wconf 82' lang='lat' dir='ltr'><strong>celebrata</strong></span> <span class='ocrx_word' id='word_1_19' title='bbox 278 416 465 478; x_wconf 76' lang='lat' dir='ltr'><strong>Erasistrato.</strong></span> <span class='ocrx_word' id='word_1_20' title='bbox 491 419 562 480; x_wconf 86' lang='lat' dir='ltr'><strong>lolia</strong></span> <span class='ocrx_word' id='word_1_21' title='bbox 577 420 666 480; x_wconf 89' lang='lat' dir='ltr'><strong>habet</strong></span> <span class='ocrx_word' id='word_1_22' title='bbox 684 422 782 482; x_wconf 87' lang='lat' dir='ltr'><strong>salicis</strong></span> <span class='ocrx_word' id='word_1_23' title='bbox 795 423 906 500; x_wconf 80' lang='lat' dir='ltr'><strong>viridia,</strong></span> <span class='ocrx_word' id='word_1_24' title='bbox 922 424 1026 486; x_wconf 86' lang='lat' dir='ltr'><strong>dorem</strong></span> <span class='ocrx_word' id='word_1_25' title='bbox 1040 443 1108 504; x_wconf 90' lang='lat' dir='ltr'><strong>pur-</strong></span> 
     </span>
     <span class='ocr_line' id='line_1_4' title="bbox 110 503 1107 585; baseline 0.005 -23"><span class='ocrx_word' id='word_1_26' title='bbox 110 519 252 581; x_wconf 89' lang='lat' dir='ltr'><strong>pureum,</strong></span> <span class='ocrx_word' id='word_1_27' title='bbox 273 503 424 576; x_wconf 81' lang='lat' dir='ltr'><strong>fruticosa,</strong></span> <span class='ocrx_word' id='word_1_28' title='bbox 444 503 560 562; x_wconf 90' lang='lat' dir='ltr'><strong>ramulis</strong></span> <span class='ocrx_word' id='word_1_29' title='bbox 579 508 700 580; x_wconf 86' lang='lat' dir='ltr'><strong>erectis,</strong></span> <span class='ocrx_word' id='word_1_30' title='bbox 721 505 813 566; x_wconf 90' lang='lat' dir='ltr'><strong>odore</strong></span> <span class='ocrx_word' id='word_1_31' title='bbox 833 508 901 566; x_wconf 86' lang='lat' dir='ltr'><strong>acri.</strong></span> <span class='ocrx_word' id='word_1_32' title='bbox 932 509 1063 585; x_wconf 77' lang='lat' dir='ltr'><strong>gignitur</strong></span> <span class='ocrx_word' id='word_1_33' title='bbox 1077 511 1107 568; x_wconf 91' lang='lat' dir='ltr'><strong>in</strong></span> 
     </span>
     <span class='ocr_line' id='line_1_5' title="bbox 110 585 1108 669; baseline 0.005 -24"><span class='ocrx_word' id='word_1_34' title='bbox 110 587 238 664; x_wconf 83' lang='lat' dir='ltr'><strong>aquosis.</strong></span> <span class='ocrx_word' id='word_1_35' title='bbox 271 585 315 643; x_wconf 88' lang='lat' dir='ltr'><strong>vis</strong></span> <span class='ocrx_word' id='word_1_36' title='bbox 336 587 400 644; x_wconf 89' lang='lat' dir='ltr'><strong>eius</strong></span> <span class='ocrx_word' id='word_1_37' title='bbox 416 593 493 644; x_wconf 87' lang='lat' dir='ltr'><strong>tanta</strong></span> <span class='ocrx_word' id='word_1_38' title='bbox 514 594 559 645; x_wconf 92' lang='lat' dir='ltr'><strong>est</strong></span> <span class='ocrx_word' id='word_1_39' title='bbox 581 595 613 646; x_wconf 91' lang='lat' dir='ltr'><strong>ut</strong></span> <span class='ocrx_word' id='word_1_40' title='bbox 634 589 768 647; x_wconf 88' lang='lat' dir='ltr'><strong>iumentis</strong></span> <span class='ocrx_word' id='word_1_41' title='bbox 784 589 1017 652; x_wconf 71' lang='lat' dir='ltr'><strong>discordantibus</strong></span> <span class='ocrx_word' id='word_1_42' title='bbox 1035 594 1108 669; x_wconf 74' lang='lat' dir='ltr'><strong>iugo</strong></span> 
     </span>
    </p>

    <p class='ocr_par' dir='ltr' id='par_1_3' title="bbox 86 669 907 758">
     <span class='ocr_line' id='line_1_6' title="bbox 86 669 907 758; baseline 0.004 -32"><span class='ocrx_word' id='word_1_43' title='bbox 86 669 240 748; x_wconf 77' lang='lat' dir='ltr'><strong>sinposita</strong></span> <span class='ocrx_word' id='word_1_44' title='bbox 255 669 443 745; x_wconf 80' lang='lat' dir='ltr'><strong>asperitatem</strong></span> <span class='ocrx_word' id='word_1_45' title='bbox 459 669 603 730; x_wconf 86' lang='lat' dir='ltr'><strong>cohibeat.</strong></span> <span class='ocrx_word' id='word_1_46' title='bbox 896 719 907 758; x_wconf 53' lang='grc' dir='ltr'><em>Ι</em></span> 
     </span>
    </p>

    <p class='ocr_par' dir='ltr' id='par_1_4' title="bbox 109 749 1151 1080">
     <span class='ocr_line' id='line_1_7' title="bbox 172 749 1151 836; baseline 0.01 -23"><span class='ocrx_word' id='word_1_47' title='bbox 172 751 255 830; x_wconf 86' lang='grc'>(36.)</span> <span class='ocrx_word' id='word_1_48' title='bbox 275 749 415 810; x_wconf 78' lang='lat' dir='ltr'><strong>Mulieres</strong></span> <span class='ocrx_word' id='word_1_49' title='bbox 431 769 547 829; x_wconf 91' lang='lat' dir='ltr'><strong>quoque</strong></span> <span class='ocrx_word' id='word_1_50' title='bbox 562 752 634 812; x_wconf 91' lang='lat' dir='ltr'><strong>banc</strong></span> <span class='ocrx_word' id='word_1_51' title='bbox 647 753 770 830; x_wconf 77' lang='lat' dir='ltr'><strong>gloriam</strong></span> <span class='ocrx_word' id='word_1_52' title='bbox 784 755 983 833; x_wconf 78' lang='lat' dir='ltr'><strong>adfectavere,</strong></span> <span class='ocrx_word' id='word_1_53' title='bbox 996 761 1026 818; x_wconf 93' lang='lat' dir='ltr'><strong>in</strong></span> <span class='ocrx_word' id='word_1_54' title='bbox 1040 761 1103 836; x_wconf 87' lang='lat' dir='ltr'><strong>qui·</strong></span> <span class='ocrx_word' id='word_1_55' title='bbox 1114 769 1151 823; x_wconf 78' lang='lat' dir='ltr'><strong>to</strong></span> 
     </span>
     <span class='ocr_line' id='line_1_8' title="bbox 109 833 1108 918; baseline 0.007 -23"><span class='ocrx_word' id='word_1_56' title='bbox 109 836 164 895; x_wconf 91' lang='lat' dir='ltr'><strong>bus</strong></span> <span class='ocrx_word' id='word_1_57' title='bbox 179 835 339 896; x_wconf 76' lang='lat' dir='ltr'><strong>Artemisia</strong></span> <span class='ocrx_word' id='word_1_58' title='bbox 357 851 432 894; x_wconf 86' lang='lat' dir='ltr'><strong>uxor</strong></span> <span class='ocrx_word' id='word_1_59' title='bbox 447 833 568 895; x_wconf 80' lang='lat' dir='ltr'><strong>Mausoli</strong></span> <span class='ocrx_word' id='word_1_60' title='bbox 586 836 721 914; x_wconf 86' lang='lat' dir='ltr'><strong>adoptata</strong></span> <span class='ocrx_word' id='word_1_61' title='bbox 738 836 830 898; x_wconf 88' lang='lat' dir='ltr'><strong>herba</strong></span> <span class='ocrx_word' id='word_1_62' title='bbox 846 855 921 916; x_wconf 91' lang='lat' dir='ltr'><strong>quae</strong></span> <span class='ocrx_word' id='word_1_63' title='bbox 935 849 1021 900; x_wconf 88' lang='lat' dir='ltr'><strong>antea</strong></span> <span class='ocrx_word' id='word_1_64' title='bbox 1041 858 1108 918; x_wconf 89' lang='lat' dir='ltr'><strong>par·</strong></span> 
     </span>
     <span class='ocr_line' id='line_1_9' title="bbox 109 917 1107 999; baseline 0.005 -21"><span class='ocrx_word' id='word_1_65' title='bbox 109 919 205 978; x_wconf 90' lang='lat' dir='ltr'><strong>thenis</strong></span> <span class='ocrx_word' id='word_1_66' title='bbox 223 917 391 977; x_wconf 81' lang='lat' dir='ltr'><strong>vocabatur.</strong></span> <span class='ocrx_word' id='word_1_67' title='bbox 421 927 486 976; x_wconf 89' lang='lat' dir='ltr'><strong>sunt</strong></span> <span class='ocrx_word' id='word_1_68' title='bbox 501 921 548 995; x_wconf 91' lang='lat' dir='ltr'><strong>qui</strong></span> <span class='ocrx_word' id='word_1_69' title='bbox 569 919 605 978; x_wconf 91' lang='lat' dir='ltr'><strong>ab</strong></span> <span class='ocrx_word' id='word_1_70' title='bbox 620 919 772 980; x_wconf 79' lang='lat' dir='ltr'><strong>Artemide</strong></span> <span class='ocrx_word' id='word_1_71' title='bbox 788 920 904 997; x_wconf 78' lang='lat' dir='ltr'><strong>ilithyia</strong></span> <span class='ocrx_word' id='word_1_72' title='bbox 921 927 1107 999; x_wconf 79' lang='lat' dir='ltr'><strong>cognomina-</strong></span> 
     </span>
     <span class='ocr_line' id='line_1_10' title="bbox 109 1003 1104 1080; baseline 0.005 -20"><span class='ocrx_word' id='word_1_73' title='bbox 109 1011 167 1060; x_wconf 88' lang='lat' dir='ltr'><strong>tam</strong></span> <span class='ocrx_word' id='word_1_74' title='bbox 188 1009 310 1080; x_wconf 89' lang='lat' dir='ltr'><strong>putent,</strong></span> <span class='ocrx_word' id='word_1_75' title='bbox 340 1003 472 1077; x_wconf 90' lang='lat' dir='ltr'><strong>quoniam</strong></span> <span class='ocrx_word' id='word_1_76' title='bbox 491 1003 624 1079; x_wconf 88' lang='lat' dir='ltr'><strong>privatim</strong></span> <span class='ocrx_word' id='word_1_77' title='bbox 645 1003 796 1063; x_wconf 85' lang='lat' dir='ltr'><strong>medeatur</strong></span> <span class='ocrx_word' id='word_1_78' title='bbox 817 1005 987 1064; x_wconf 83' lang='lat' dir='ltr'><strong>feminarum</strong></span> <span class='ocrx_word' id='word_1_79' title='bbox 1012 1005 1104 1065; x_wconf 86' lang='lat' dir='ltr'><strong>malis.</strong></span> 
     </span>
    </p>

    <p class='ocr_par' dir='ltr' id='par_1_5' title="bbox 76 1083 1149 1497">
     <span class='ocr_line' id='line_1_11' title="bbox 76 1083 1106 1168; baseline 0.007 -28"><span class='ocrx_word' id='word_1_80' title='bbox 76 1093 157 1145; x_wconf 81' lang='lat' dir='ltr'><strong>uuest</strong></span> <span class='ocrx_word' id='word_1_81' title='bbox 172 1093 271 1144; x_wconf 89' lang='lat' dir='ltr'><strong>autem</strong></span> <span class='ocrx_word' id='word_1_82' title='bbox 287 1083 413 1142; x_wconf 87' lang='lat' dir='ltr'><strong>absinthi</strong></span> <span class='ocrx_word' id='word_1_83' title='bbox 430 1085 515 1144; x_wconf 89' lang='lat' dir='ltr'><strong>ruodo</strong></span> <span class='ocrx_word' id='word_1_84' title='bbox 538 1087 690 1162; x_wconf 79' lang='lat' dir='ltr'><strong>fruticosa,</strong></span> <span class='ocrx_word' id='word_1_85' title='bbox 714 1088 871 1148; x_wconf 90' lang='lat' dir='ltr'><strong>maioribus</strong></span> <span class='ocrx_word' id='word_1_86' title='bbox 891 1088 971 1151; x_wconf 82' lang='lat' dir='ltr'><strong>loliis</strong></span> <span class='ocrx_word' id='word_1_87' title='bbox 992 1091 1106 1168; x_wconf 78' lang='lat' dir='ltr'><strong>pingui-</strong></span> 
     </span>
     <span class='ocr_line' id='line_1_12' title="bbox 108 1168 1149 1249; baseline 0.007 -21"><span class='ocrx_word' id='word_1_88' title='bbox 108 1169 232 1246; x_wconf 88' lang='lat' dir='ltr'><strong>busque.</strong></span> <span class='ocrx_word' id='word_1_89' title='bbox 263 1169 354 1246; x_wconf 89' lang='lat' dir='ltr'><strong>ipsius</strong></span> <span class='ocrx_word' id='word_1_90' title='bbox 374 1168 430 1226; x_wconf 92' lang='lat' dir='ltr'><strong>duo</strong></span> <span class='ocrx_word' id='word_1_91' title='bbox 451 1185 579 1245; x_wconf 78' lang='lat' dir='ltr'><strong>genera:</strong></span> <span class='ocrx_word' id='word_1_92' title='bbox 602 1168 689 1229; x_wconf 89' lang='lat' dir='ltr'><strong>altior</strong></span> <span class='ocrx_word' id='word_1_93' title='bbox 714 1169 867 1231; x_wconf 89' lang='lat' dir='ltr'><strong>latioribus</strong></span> <span class='ocrx_word' id='word_1_94' title='bbox 890 1172 983 1249; x_wconf 90' lang='lat' dir='ltr'><strong>ioliis,</strong></span> <span class='ocrx_word' id='word_1_95' title='bbox 1007 1172 1101 1232; x_wconf 89' lang='lat' dir='ltr'><strong>altera</strong></span> <span class='ocrx_word' id='word_1_96' title='bbox 1113 1183 1149 1236; x_wconf 78' lang='lat' dir='ltr'><strong>ts</strong></span> 
     </span>
     <span class='ocr_line' id='line_1_13' title="bbox 109 1251 1105 1330; baseline 0.005 -20"><span class='ocrx_word' id='word_1_97' title='bbox 109 1251 236 1330; x_wconf 84' lang='lat' dir='ltr'><strong>[tenera]</strong></span> <span class='ocrx_word' id='word_1_98' title='bbox 254 1251 435 1310; x_wconf 87' lang='lat' dir='ltr'><strong>tenuioribus</strong></span> <span class='ocrx_word' id='word_1_99' title='bbox 460 1260 490 1310; x_wconf 90' lang='lat' dir='ltr'><strong>et</strong></span> <span class='ocrx_word' id='word_1_100' title='bbox 511 1254 640 1312; x_wconf 91' lang='lat' dir='ltr'><strong>nonnisi</strong></span> <span class='ocrx_word' id='word_1_101' title='bbox 661 1255 690 1312; x_wconf 93' lang='lat' dir='ltr'><strong>in</strong></span> <span class='ocrx_word' id='word_1_102' title='bbox 707 1254 855 1313; x_wconf 87' lang='lat' dir='ltr'><strong>maritimis</strong></span> <span class='ocrx_word' id='word_1_103' title='bbox 873 1273 1004 1315; x_wconf 87' lang='lat' dir='ltr'><strong>nascens.</strong></span> <span class='ocrx_word' id='word_1_104' title='bbox 1037 1264 1105 1315; x_wconf 86' lang='lat' dir='ltr'><strong>sunt</strong></span> 
     </span>
     <span class='ocr_line' id='line_1_14' title="bbox 109 1334 1102 1416; baseline 0.004 -22"><span class='ocrx_word' id='word_1_105' title='bbox 109 1337 156 1412; x_wconf 91' lang='lat' dir='ltr'><strong>qui</strong></span> <span class='ocrx_word' id='word_1_106' title='bbox 169 1337 200 1394; x_wconf 91' lang='lat' dir='ltr'><strong>in</strong></span> <span class='ocrx_word' id='word_1_107' title='bbox 212 1334 433 1394; x_wconf 85' lang='lat' dir='ltr'><strong>mediterraneis</strong></span> <span class='ocrx_word' id='word_1_108' title='bbox 451 1335 555 1394; x_wconf 88' lang='lat' dir='ltr'><strong>eodem</strong></span> <span class='ocrx_word' id='word_1_109' title='bbox 569 1337 684 1395; x_wconf 88' lang='lat' dir='ltr'><strong>nomine</strong></span> <span class='ocrx_word' id='word_1_110' title='bbox 696 1336 856 1415; x_wconf 85' lang='lat' dir='ltr'><strong>appellent,</strong></span> <span class='ocrx_word' id='word_1_111' title='bbox 869 1340 992 1416; x_wconf 87' lang='lat' dir='ltr'><strong>simplici</strong></span> <span class='ocrx_word' id='word_1_112' title='bbox 1006 1339 1102 1414; x_wconf 86' lang='lat' dir='ltr'><strong>caule,</strong></span> 
     </span>
     <span class='ocr_line' id='line_1_15' title="bbox 109 1416 1104 1497; baseline 0.003 -20"><span class='ocrx_word' id='word_1_113' title='bbox 109 1419 241 1477; x_wconf 88' lang='lat' dir='ltr'><strong>minumis</strong></span> <span class='ocrx_word' id='word_1_114' title='bbox 258 1418 349 1493; x_wconf 86' lang='lat' dir='ltr'><strong>foliis,</strong></span> <span class='ocrx_word' id='word_1_115' title='bbox 366 1416 446 1476; x_wconf 87' lang='lat' dir='ltr'><strong>lloris</strong></span> <span class='ocrx_word' id='word_1_116' title='bbox 461 1420 574 1496; x_wconf 89' lang='lat' dir='ltr'><strong>copiosi</strong></span> <span class='ocrx_word' id='word_1_117' title='bbox 590 1421 769 1497; x_wconf 90' lang='lat' dir='ltr'><strong>erumpentis</strong></span> <span class='ocrx_word' id='word_1_118' title='bbox 781 1437 845 1479; x_wconf 89' lang='lat' dir='ltr'><strong>curn</strong></span> <span class='ocrx_word' id='word_1_119' title='bbox 858 1439 913 1480; x_wconf 80' lang='lat' dir='ltr'><strong>uva</strong></span> <span class='ocrx_word' id='word_1_120' title='bbox 924 1425 1104 1497; x_wconf 76' lang='lat' dir='ltr'><strong>maturescit,</strong></span> 
     </span>
    </p>

    <p class='ocr_par' dir='ltr' id='par_1_6' title="bbox 76 1500 1104 1662">
     <span class='ocr_line' id='line_1_16' title="bbox 76 1500 1104 1580; baseline 0.003 -20"><span class='ocrx_word' id='word_1_121' title='bbox 76 1501 202 1562; x_wconf 81' lang='lat' dir='ltr'><strong>saodcre</strong></span> <span class='ocrx_word' id='word_1_122' title='bbox 227 1518 286 1560; x_wconf 91' lang='lat' dir='ltr'><strong>nou</strong></span> <span class='ocrx_word' id='word_1_123' title='bbox 300 1500 464 1577; x_wconf 87' lang='lat' dir='ltr'><strong>iniucuudo,</strong></span> <span class='ocrx_word' id='word_1_124' title='bbox 487 1519 570 1578; x_wconf 94' lang='lat' dir='ltr'><strong>quam</strong></span> <span class='ocrx_word' id='word_1_125' title='bbox 584 1502 698 1580; x_wconf 87' lang='lat' dir='ltr'><strong>quidam</strong></span> <span class='ocrx_word' id='word_1_126' title='bbox 717 1503 836 1580; x_wconf 73' lang='lat' dir='ltr'><strong>botryo,</strong></span> <span class='ocrx_word' id='word_1_127' title='bbox 859 1503 908 1563; x_wconf 90' lang='lat' dir='ltr'><strong>alii</strong></span> <span class='ocrx_word' id='word_1_128' title='bbox 930 1505 1104 1565; x_wconf 88' lang='lat' dir='ltr'><strong>ambrosiam</strong></span> 
     </span>
     <span class='ocr_line' id='line_1_17' title="bbox 108 1582 717 1662; baseline 0.007 -20"><span class='ocrx_word' id='word_1_129' title='bbox 108 1593 224 1644; x_wconf 83' lang='lat' dir='ltr'><strong>uocant.</strong></span> <span class='ocrx_word' id='word_1_130' title='bbox 259 1584 324 1644; x_wconf 90' lang='lat' dir='ltr'><strong>talis</strong></span> <span class='ocrx_word' id='word_1_131' title='bbox 339 1586 368 1643; x_wconf 88' lang='lat' dir='ltr'><strong>in</strong></span> <span class='ocrx_word' id='word_1_132' title='bbox 384 1582 565 1662; x_wconf 84' lang='lat' dir='ltr'><strong>Cappadocia</strong></span> <span class='ocrx_word' id='word_1_133' title='bbox 580 1587 717 1646; x_wconf 88' lang='lat' dir='ltr'><strong>nascitur.</strong></span> 
     </span>
    </p>

    <p class='ocr_par' dir='ltr' id='par_1_7' title="bbox 106 1666 1146 1915">
     <span class='ocr_line' id='line_1_18' title="bbox 169 1666 1146 1746; baseline 0.006 -18"><span class='ocrx_word' id='word_1_134' title='bbox 169 1668 252 1745; x_wconf 84' lang='lat'><strong>(37.)</strong></span> <span class='ocrx_word' id='word_1_135' title='bbox 275 1666 441 1745; x_wconf 80' lang='lat' dir='ltr'><strong>Nymphaea</strong></span> <span class='ocrx_word' id='word_1_136' title='bbox 464 1666 529 1728; x_wconf 85' lang='lat' dir='ltr'><strong>nata</strong></span> <span class='ocrx_word' id='word_1_137' title='bbox 558 1669 680 1728; x_wconf 80' lang='lat' dir='ltr'><strong>traditur</strong></span> <span class='ocrx_word' id='word_1_138' title='bbox 704 1669 827 1746; x_wconf 68' lang='lat' dir='ltr'><strong>nympha</strong></span> <span class='ocrx_word' id='word_1_139' title='bbox 853 1669 1000 1745; x_wconf 77' lang='lat' dir='ltr'><strong>zelotypia</strong></span> <span class='ocrx_word' id='word_1_140' title='bbox 1028 1687 1101 1745; x_wconf 82' lang='lat' dir='ltr'><strong>erga</strong></span> <span class='ocrx_word' id='word_1_141' title='bbox 1111 1680 1146 1733; x_wconf 76' lang='lat' dir='ltr'><strong>ts</strong></span> 
     </span>
     <span class='ocr_line' id='line_1_19' title="bbox 106 1749 1104 1828; baseline -0.001 -17"><span class='ocrx_word' id='word_1_142' title='bbox 106 1749 264 1811; x_wconf 84' lang='lat' dir='ltr'><strong>Herculem</strong></span> <span class='ocrx_word' id='word_1_143' title='bbox 275 1759 398 1826; x_wconf 91' lang='lat' dir='ltr'><strong>mortua,</strong></span> <span class='ocrx_word' id='word_1_144' title='bbox 410 1786 447 1794; x_wconf 89' lang='lat'>—</span> <span class='ocrx_word' id='word_1_145' title='bbox 460 1768 549 1828; x_wconf 89' lang='lat' dir='ltr'><strong>quare</strong></span> <span class='ocrx_word' id='word_1_146' title='bbox 561 1749 726 1810; x_wconf 89' lang='lat' dir='ltr'><strong>Heracleon</strong></span> <span class='ocrx_word' id='word_1_147' title='bbox 738 1759 844 1810; x_wconf 86' lang='lat' dir='ltr'><strong>vocant</strong></span> <span class='ocrx_word' id='word_1_148' title='bbox 857 1750 958 1827; x_wconf 83' lang='lat' dir='ltr'><strong>aliqui,</strong></span> <span class='ocrx_word' id='word_1_149' title='bbox 972 1750 1020 1810; x_wconf 91' lang='lat' dir='ltr'><strong>ulii</strong></span> <span class='ocrx_word' id='word_1_150' title='bbox 1036 1751 1104 1810; x_wconf 90' lang='lat' dir='ltr'><strong>rho·</strong></span> 
     </span>
     <span class='ocr_line' id='line_1_20' title="bbox 108 1833 1103 1915; baseline 0 -23"><span class='ocrx_word' id='word_1_151' title='bbox 108 1833 226 1912; x_wconf 89' lang='lat' dir='ltr'><strong>palona</strong></span> <span class='ocrx_word' id='word_1_152' title='bbox 240 1834 337 1893; x_wconf 90' lang='lat' dir='ltr'><strong>radice</strong></span> <span class='ocrx_word' id='word_1_153' title='bbox 351 1833 450 1892; x_wconf 86' lang='lat' dir='ltr'><strong>clavae</strong></span> <span class='ocrx_word' id='word_1_154' title='bbox 466 1833 551 1892; x_wconf 92' lang='lat' dir='ltr'><strong>simili</strong></span> <span class='ocrx_word' id='word_1_155' title='bbox 560 1867 610 1910; x_wconf 91' lang='lat'><strong>-,</strong></span> <span class='ocrx_word' id='word_1_156' title='bbox 623 1833 750 1910; x_wconf 91' lang='lat' dir='ltr'><strong>ideoque</strong></span> <span class='ocrx_word' id='word_1_157' title='bbox 763 1852 816 1893; x_wconf 90' lang='lat' dir='ltr'><strong>eos</strong></span> <span class='ocrx_word' id='word_1_158' title='bbox 832 1835 881 1911; x_wconf 91' lang='lat' dir='ltr'><strong>qui</strong></span> <span class='ocrx_word' id='word_1_159' title='bbox 895 1833 1027 1915; x_wconf 83' lang='lat' dir='ltr'><strong>biberint</strong></span> <span class='ocrx_word' id='word_1_160' title='bbox 1039 1851 1103 1894; x_wconf 89' lang='lat' dir='ltr'><strong>eam</strong></span> 
     </span>
    </p>

    <p class='ocr_par' dir='ltr' id='par_1_8' title="bbox 71 1915 1146 2245">
     <span class='ocr_line' id='line_1_21' title="bbox 71 1915 1104 1994; baseline 0.005 -23"><span class='ocrx_word' id='word_1_161' title='bbox 71 1931 100 1972; x_wconf 80' lang='lat' dir='ltr'><strong>aa</strong></span> <span class='ocrx_word' id='word_1_162' title='bbox 111 1915 264 1976; x_wconf 88' lang='lat' dir='ltr'><strong>duodecim</strong></span> <span class='ocrx_word' id='word_1_163' title='bbox 285 1917 387 1977; x_wconf 88' lang='lat' dir='ltr'><strong>diebus</strong></span> <span class='ocrx_word' id='word_1_164' title='bbox 410 1919 488 1976; x_wconf 92' lang='lat' dir='ltr'><strong>coitu</strong></span> <span class='ocrx_word' id='word_1_165' title='bbox 503 1918 696 1993; x_wconf 83' lang='lat' dir='ltr'><strong>genituraque</strong></span> <span class='ocrx_word' id='word_1_166' title='bbox 712 1918 829 1994; x_wconf 82' lang='lat' dir='ltr'><strong>privari.</strong></span> <span class='ocrx_word' id='word_1_167' title='bbox 863 1916 1055 1976; x_wconf 88' lang='lat' dir='ltr'><strong>laudatissima</strong></span> <span class='ocrx_word' id='word_1_168' title='bbox 1072 1919 1104 1976; x_wconf 91' lang='lat' dir='ltr'><strong>in</strong></span> 
     </span>
     <span class='ocr_line' id='line_1_22' title="bbox 112 1997 1103 2061; baseline 0.003 -3"><span class='ocrx_word' id='word_1_169' title='bbox 112 1997 301 2059; x_wconf 86' lang='lat' dir='ltr'><strong>Orchomenia</strong></span> <span class='ocrx_word' id='word_1_170' title='bbox 325 2009 355 2059; x_wconf 91' lang='lat' dir='ltr'><strong>et</strong></span> <span class='ocrx_word' id='word_1_171' title='bbox 369 1997 546 2059; x_wconf 82' lang='lat' dir='ltr'><strong>Marathone.</strong></span> <span class='ocrx_word' id='word_1_172' title='bbox 578 1998 683 2058; x_wconf 89' lang='lat' dir='ltr'><strong>Boeoti</strong></span> <span class='ocrx_word' id='word_1_173' title='bbox 703 2000 810 2059; x_wconf 90' lang='lat' dir='ltr'><strong>mallon</strong></span> <span class='ocrx_word' id='word_1_174' title='bbox 829 2008 934 2060; x_wconf 87' lang='lat' dir='ltr'><strong>vocant</strong></span> <span class='ocrx_word' id='word_1_175' title='bbox 949 2008 980 2059; x_wconf 90' lang='lat' dir='ltr'><strong>et</strong></span> <span class='ocrx_word' id='word_1_176' title='bbox 1001 2019 1103 2061; x_wconf 86' lang='lat' dir='ltr'><strong>semen</strong></span> 
     </span>
     <span class='ocr_line' id='line_1_23' title="bbox 111 2082 1146 2161; baseline 0.007 -19"><span class='ocrx_word' id='word_1_177' title='bbox 111 2082 208 2142; x_wconf 92' lang='lat' dir='ltr'><strong>edunt.</strong></span> <span class='ocrx_word' id='word_1_178' title='bbox 238 2085 363 2142; x_wconf 87' lang='lat' dir='ltr'><strong>nascitur</strong></span> <span class='ocrx_word' id='word_1_179' title='bbox 379 2084 551 2160; x_wconf 91' lang='lat' dir='ltr'><strong>inaquosis,</strong></span> <span class='ocrx_word' id='word_1_180' title='bbox 573 2082 653 2142; x_wconf 83' lang='lat' dir='ltr'><strong>loliis</strong></span> <span class='ocrx_word' id='word_1_181' title='bbox 673 2086 784 2160; x_wconf 83' lang='lat' dir='ltr'><strong>magnis</strong></span> <span class='ocrx_word' id='word_1_182' title='bbox 805 2085 834 2142; x_wconf 94' lang='lat' dir='ltr'><strong>in</strong></span> <span class='ocrx_word' id='word_1_183' title='bbox 855 2101 961 2142; x_wconf 85' lang='lat' dir='ltr'><strong>summa</strong></span> <span class='ocrx_word' id='word_1_184' title='bbox 976 2101 1048 2161; x_wconf 85' lang='lat' dir='ltr'><strong>aqua</strong></span> <span class='ocrx_word' id='word_1_185' title='bbox 1066 2093 1098 2144; x_wconf 89' lang='lat' dir='ltr'><strong>et</strong></span> <span class='ocrx_word' id='word_1_186' title='bbox 1108 2094 1146 2149; x_wconf 80' lang='lat' dir='ltr'><strong>to</strong></span> 
     </span>
     <span class='ocr_line' id='line_1_24' title="bbox 109 2165 1101 2245; baseline 0.001 -20"><span class='ocrx_word' id='word_1_187' title='bbox 109 2166 175 2225; x_wconf 89' lang='lat' dir='ltr'><strong>aliis</strong></span> <span class='ocrx_word' id='word_1_188' title='bbox 187 2184 226 2224; x_wconf 85' lang='lat' dir='ltr'><strong>ex</strong></span> <span class='ocrx_word' id='word_1_189' title='bbox 237 2165 345 2240; x_wconf 88' lang='lat' dir='ltr'><strong>radice,</strong></span> <span class='ocrx_word' id='word_1_190' title='bbox 361 2165 434 2224; x_wconf 89' lang='lat' dir='ltr'><strong>ssore</strong></span> <span class='ocrx_word' id='word_1_191' title='bbox 447 2166 508 2226; x_wconf 92' lang='lat' dir='ltr'><strong>lilio</strong></span> <span class='ocrx_word' id='word_1_192' title='bbox 522 2166 606 2225; x_wconf 94' lang='lat' dir='ltr'><strong>simili</strong></span> <span class='ocrx_word' id='word_1_193' title='bbox 620 2174 661 2241; x_wconf 91' lang='lat' dir='ltr'><strong>et,</strong></span> <span class='ocrx_word' id='word_1_194' title='bbox 674 2185 736 2226; x_wconf 90' lang='lat' dir='ltr'><strong>oum</strong></span> <span class='ocrx_word' id='word_1_195' title='bbox 748 2166 895 2241; x_wconf 80' lang='lat' dir='ltr'><strong>defloruit,</strong></span> <span class='ocrx_word' id='word_1_196' title='bbox 907 2168 1002 2245; x_wconf 88' lang='lat' dir='ltr'><strong>capite</strong></span> <span class='ocrx_word' id='word_1_197' title='bbox 1015 2185 1101 2245; x_wconf 88' lang='lat' dir='ltr'><strong>papa·</strong></span> 
     </span>
    </p>

    <p class='ocr_par' dir='ltr' id='par_1_9' title="bbox 3 2247 1102 2326">
     <span class='ocr_line' id='line_1_25' title="bbox 3 2247 1102 2326; baseline 0.005 -21"><span class='ocrx_word' id='word_1_198' title='bbox 3 2273 4 2276; x_wconf 38' lang='lat'>¹</span> <span class='ocrx_word' id='word_1_199' title='bbox 110 2251 188 2310; x_wconf 86' lang='lat' dir='ltr'><strong>reris</strong></span> <span class='ocrx_word' id='word_1_200' title='bbox 205 2247 276 2308; x_wconf 60' lang='lat' dir='ltr'><strong>ini*</strong></span> <span class='ocrx_word' id='word_1_201' title='bbox 288 2249 378 2308; x_wconf 89' lang='lat' dir='ltr'><strong>caule.</strong></span> <span class='ocrx_word' id='word_1_202' title='bbox 400 2257 515 2308; x_wconf 88' lang='lat' dir='ltr'><strong>secatur</strong></span> <span class='ocrx_word' id='word_1_203' title='bbox 530 2257 665 2308; x_wconf 91' lang='lat' dir='ltr'><strong>autumno</strong></span> <span class='ocrx_word' id='word_1_204' title='bbox 680 2250 761 2309; x_wconf 84' lang='lat' dir='ltr'><strong>radix</strong></span> <span class='ocrx_word' id='word_1_205' title='bbox 774 2251 867 2326; x_wconf 73' lang='lat' dir='ltr'><strong>nigra,</strong></span> <span class='ocrx_word' id='word_1_206' title='bbox 883 2251 912 2308; x_wconf 92' lang='lat' dir='ltr'><strong>in</strong></span> <span class='ocrx_word' id='word_1_207' title='bbox 929 2250 994 2310; x_wconf 89' lang='lat' dir='ltr'><strong>sole</strong></span> <span class='ocrx_word' id='word_1_208' title='bbox 1011 2253 1102 2311; x_wconf 89' lang='lat' dir='ltr'><strong>sicea·</strong></span> 
     </span>
    </p>

    <p class='ocr_par' dir='ltr' id='par_1_10' title="bbox 3 2331 1102 2410">
     <span class='ocr_line' id='line_1_26' title="bbox 3 2331 1102 2410; baseline 0.003 -20"><span class='ocrx_word' id='word_1_209' title='bbox 3 2365 4 2398; x_wconf 46' lang='lat' dir='ltr'><strong>t</strong></span> <span class='ocrx_word' id='word_1_210' title='bbox 75 2346 102 2384; x_wconf 65' lang='grc' dir='ltr'><strong>τὸ</strong></span> <span class='ocrx_word' id='word_1_211' title='bbox 113 2340 167 2409; x_wconf 89' lang='lat' dir='ltr'><strong>tur,</strong></span> <span class='ocrx_word' id='word_1_212' title='bbox 178 2333 347 2393; x_wconf 86' lang='lat' dir='ltr'><strong>adversatur</strong></span> <span class='ocrx_word' id='word_1_213' title='bbox 356 2351 391 2392; x_wconf 91' lang='lat' dir='ltr'><strong>ea</strong></span> <span class='ocrx_word' id='word_1_214' title='bbox 402 2333 458 2391; x_wconf 92' lang='lat' dir='ltr'><strong>alvi</strong></span> <span class='ocrx_word' id='word_1_215' title='bbox 470 2332 571 2392; x_wconf 80' lang='lat' dir='ltr'><strong>molis.</strong></span> <span class='ocrx_word' id='word_1_216' title='bbox 591 2331 646 2392; x_wconf 83' lang='lat' dir='ltr'><strong>Est</strong></span> <span class='ocrx_word' id='word_1_217' title='bbox 657 2342 688 2392; x_wconf 91' lang='lat' dir='ltr'><strong>et</strong></span> <span class='ocrx_word' id='word_1_218' title='bbox 699 2333 754 2392; x_wconf 89' lang='lat' dir='ltr'><strong>alia</strong></span> <span class='ocrx_word' id='word_1_219' title='bbox 766 2333 925 2410; x_wconf 72' lang='lat' dir='ltr'><strong>nymphaea</strong></span> <span class='ocrx_word' id='word_1_220' title='bbox 937 2333 1102 2394; x_wconf 76' lang='lat' dir='ltr'><strong>inl&#39;hessa-</strong></span> 
     </span>
    </p>

    <p class='ocr_par' dir='ltr' id='par_1_11' title="bbox 111 2414 1098 2494">
     <span class='ocr_line' id='line_1_27' title="bbox 111 2414 1098 2494; baseline 0.001 -20"><span class='ocrx_word' id='word_1_221' title='bbox 111 2414 157 2494; x_wconf 87' lang='lat' dir='ltr'><strong>lia,</strong></span> <span class='ocrx_word' id='word_1_222' title='bbox 170 2433 251 2475; x_wconf 88' lang='lat' dir='ltr'><strong>amne</strong></span> <span class='ocrx_word' id='word_1_223' title='bbox 264 2415 367 2491; x_wconf 89' lang='lat' dir='ltr'><strong>Penio,</strong></span> <span class='ocrx_word' id='word_1_224' title='bbox 379 2415 476 2475; x_wconf 87' lang='lat' dir='ltr'><strong>radice</strong></span> <span class='ocrx_word' id='word_1_225' title='bbox 491 2415 566 2492; x_wconf 86' lang='lat' dir='ltr'><strong>alba,</strong></span> <span class='ocrx_word' id='word_1_226' title='bbox 579 2418 675 2493; x_wconf 90' lang='lat' dir='ltr'><strong>capite</strong></span> <span class='ocrx_word' id='word_1_227' title='bbox 690 2416 783 2492; x_wconf 90' lang='lat' dir='ltr'><strong>luteo,</strong></span> <span class='ocrx_word' id='word_1_228' title='bbox 795 2433 881 2475; x_wconf 89' lang='lat' dir='ltr'><strong>rosae</strong></span> <span class='ocrx_word' id='word_1_229' title='bbox 893 2417 1098 2493; x_wconf 83' lang='lat' dir='ltr'><strong>magnitudine.</strong></span> 
     </span>
    </p>
   </div>
   <div class='ocr_carea' id='block_1_3' title="bbox 53 2497 1144 2992">
    <p class='ocr_par' dir='ltr' id='par_1_12' title="bbox 174 2497 1142 2576">
     <span class='ocr_line' id='line_1_28' title="bbox 174 2497 1142 2576; baseline -0.004 -17"><span class='ocrx_word' id='word_1_230' title='bbox 174 2497 253 2576; x_wconf 82' lang='grc'>(38.)</span> <span class='ocrx_word' id='word_1_231' title='bbox 268 2498 382 2558; x_wconf 89' lang='lat' dir='ltr'><strong>Invenit</strong></span> <span class='ocrx_word' id='word_1_232' title='bbox 397 2507 428 2558; x_wconf 90' lang='lat' dir='ltr'><strong>et</strong></span> <span class='ocrx_word' id='word_1_233' title='bbox 444 2507 554 2576; x_wconf 85' lang='lat' dir='ltr'><strong>patrum</strong></span> <span class='ocrx_word' id='word_1_234' title='bbox 568 2507 734 2559; x_wconf 86' lang='lat' dir='ltr'><strong>nostrorum</strong></span> <span class='ocrx_word' id='word_1_235' title='bbox 747 2507 843 2559; x_wconf 89' lang='lat' dir='ltr'><strong>aetate</strong></span> <span class='ocrx_word' id='word_1_236' title='bbox 858 2517 913 2559; x_wconf 84' lang='lat' dir='ltr'><strong>ren</strong></span> <span class='ocrx_word' id='word_1_237' title='bbox 927 2498 998 2558; x_wconf 90' lang='lat' dir='ltr'><strong>lubu</strong></span> <span class='ocrx_word' id='word_1_238' title='bbox 1014 2516 1097 2574; x_wconf 88' lang='lat' dir='ltr'><strong>quam</strong></span> <span class='ocrx_word' id='word_1_239' title='bbox 1108 2508 1142 2563; x_wconf 78' lang='lat'><strong>77</strong></span> 
     </span>
    </p>

    <p class='ocr_par' dir='ltr' id='par_1_13' title="bbox 53 2579 1143 2742">
     <span class='ocr_line' id='line_1_29' title="bbox 53 2579 1102 2660; baseline -0.002 -20"><span class='ocrx_word' id='word_1_240' title='bbox 53 2647 59 2656; x_wconf 52' lang='grc'><em>,</em></span> <span class='ocrx_word' id='word_1_241' title='bbox 109 2581 266 2660; x_wconf 82' lang='lat' dir='ltr'><strong>appellavit</strong></span> <span class='ocrx_word' id='word_1_242' title='bbox 291 2579 623 2659; x_wconf 83' lang='lat' dir='ltr'><strong>Euphorbeam-medici</strong></span> <span class='ocrx_word' id='word_1_243' title='bbox 646 2584 690 2641; x_wconf 91' lang='lat' dir='ltr'><strong>sui</strong></span> <span class='ocrx_word' id='word_1_244' title='bbox 715 2584 839 2643; x_wconf 88' lang='lat' dir='ltr'><strong>nornine.</strong></span> <span class='ocrx_word' id='word_1_245' title='bbox 877 2585 970 2641; x_wconf 90' lang='lat' dir='ltr'><strong>irater</strong></span> <span class='ocrx_word' id='word_1_246' title='bbox 995 2583 1020 2640; x_wconf 89' lang='lat' dir='ltr'><strong>is</strong></span> <span class='ocrx_word' id='word_1_247' title='bbox 1047 2582 1102 2639; x_wconf 87' lang='lat' dir='ltr'><strong>luit</strong></span> 
     </span>
     <span class='ocr_line' id='line_1_30' title="bbox 108 2663 1143 2742; baseline -0.007 -18"><span class='ocrx_word' id='word_1_248' title='bbox 108 2663 207 2724; x_wconf 82' lang='lat' dir='ltr'><strong>Musae</strong></span> <span class='ocrx_word' id='word_1_249' title='bbox 223 2684 239 2725; x_wconf 92' lang='lat' dir='ltr'><strong>a</strong></span> <span class='ocrx_word' id='word_1_250' title='bbox 259 2683 318 2742; x_wconf 93' lang='lat' dir='ltr'><strong>quo</strong></span> <span class='ocrx_word' id='word_1_251' title='bbox 337 2665 432 2724; x_wconf 90' lang='lat' dir='ltr'><strong>divom</strong></span> <span class='ocrx_word' id='word_1_252' title='bbox 447 2665 608 2742; x_wconf 78' lang='lat' dir='ltr'><strong>Augustum</strong></span> <span class='ocrx_word' id='word_1_253' title='bbox 631 2674 833 2726; x_wconf 87' lang='lat' dir='ltr'><strong>conservatum</strong></span> <span class='ocrx_word' id='word_1_254' title='bbox 854 2665 1049 2724; x_wconf 81' lang='lat' dir='ltr'><strong>indicavimus.</strong></span> <span class='ocrx_word' id='word_1_255' title='bbox 1068 2682 1143 2723; x_wconf 72' lang='lat' dir='ltr'><strong>sam</strong></span> 
     </span>
    </p>

    <p class='ocr_par' dir='ltr' id='par_1_14' title="bbox 70 2745 1101 2825">
     <span class='ocr_line' id='line_1_31' title="bbox 70 2745 1101 2825; baseline 0.001 -23"><span class='ocrx_word' id='word_1_256' title='bbox 70 2762 99 2802; x_wconf 80' lang='lat' dir='ltr'><strong>aa</strong></span> <span class='ocrx_word' id='word_1_257' title='bbox 110 2747 197 2807; x_wconf 90' lang='lat' dir='ltr'><strong>iidem</strong></span> <span class='ocrx_word' id='word_1_258' title='bbox 217 2749 324 2808; x_wconf 86' lang='lat' dir='ltr'><strong>iratres</strong></span> <span class='ocrx_word' id='word_1_259' title='bbox 345 2749 496 2808; x_wconf 91' lang='lat' dir='ltr'><strong>instituere</strong></span> <span class='ocrx_word' id='word_1_260' title='bbox 512 2767 528 2808; x_wconf 91' lang='lat' dir='ltr'><strong>a</strong></span> <span class='ocrx_word' id='word_1_261' title='bbox 544 2749 668 2808; x_wconf 88' lang='lat' dir='ltr'><strong>balineis</strong></span> <span class='ocrx_word' id='word_1_262' title='bbox 683 2748 788 2825; x_wconf 78' lang='lat' dir='ltr'><strong>frigida</strong></span> <span class='ocrx_word' id='word_1_263' title='bbox 802 2748 889 2807; x_wconf 90' lang='lat' dir='ltr'><strong>multa</strong></span> <span class='ocrx_word' id='word_1_264' title='bbox 910 2764 1036 2825; x_wconf 89' lang='lat' dir='ltr'><strong>corpora</strong></span> <span class='ocrx_word' id='word_1_265' title='bbox 1054 2745 1101 2804; x_wconf 92' lang='lat' dir='ltr'><strong>ad·</strong></span> 
     </span>
    </p>

    <p class='ocr_par' dir='ltr' id='par_1_15' title="bbox 107 2828 1144 2992">
     <span class='ocr_line' id='line_1_32' title="bbox 107 2828 1099 2908; baseline -0.003 -18"><span class='ocrx_word' id='word_1_266' title='bbox 107 2833 264 2908; x_wconf 82' lang='lat' dir='ltr'><strong>stringere.</strong></span> <span class='ocrx_word' id='word_1_267' title='bbox 288 2839 387 2894; x_wconf 80' lang='lat' dir='ltr'><strong>,antea</strong></span> <span class='ocrx_word' id='word_1_268' title='bbox 412 2849 469 2891; x_wconf 93' lang='lat' dir='ltr'><strong>non</strong></span> <span class='ocrx_word' id='word_1_269' title='bbox 492 2841 554 2891; x_wconf 87' lang='lat' dir='ltr'><strong>erat</strong></span> <span class='ocrx_word' id='word_1_270' title='bbox 575 2850 639 2891; x_wconf 92' lang='lat' dir='ltr'><strong>mos</strong></span> <span class='ocrx_word' id='word_1_271' title='bbox 664 2834 719 2891; x_wconf 92' lang='lat' dir='ltr'><strong>nisi</strong></span> <span class='ocrx_word' id='word_1_272' title='bbox 746 2832 838 2891; x_wconf 90' lang='lat' dir='ltr'><strong>calida</strong></span> <span class='ocrx_word' id='word_1_273' title='bbox 863 2840 972 2890; x_wconf 89' lang='lat' dir='ltr'><strong>tantum</strong></span> <span class='ocrx_word' id='word_1_274' title='bbox 997 2828 1099 2904; x_wconf 82' lang='lat' dir='ltr'><strong>lauari,</strong></span> 
     </span>
     <span class='ocr_line' id='line_1_33' title="bbox 107 2910 1144 2992; baseline -0.001 -20"><span class='ocrx_word' id='word_1_275' title='bbox 107 2915 193 2973; x_wconf 88' lang='lat' dir='ltr'><strong>sicuti</strong></span> <span class='ocrx_word' id='word_1_276' title='bbox 215 2915 291 2992; x_wconf 88' lang='lat' dir='ltr'><strong>apud</strong></span> <span class='ocrx_word' id='word_1_277' title='bbox 305 2913 460 2974; x_wconf 89' lang='lat' dir='ltr'><strong>Homerum</strong></span> <span class='ocrx_word' id='word_1_278' title='bbox 480 2918 566 2974; x_wconf 88' lang='lat' dir='ltr'><strong>etiam</strong></span> <span class='ocrx_word' id='word_1_279' title='bbox 587 2916 757 2974; x_wconf 80' lang='lat' dir='ltr'><strong>invenimus.</strong></span> <span class='ocrx_word' id='word_1_280' title='bbox 788 2915 840 2974; x_wconf 86' lang='lat' dir='ltr'><strong>sed</strong></span> <span class='ocrx_word' id='word_1_281' title='bbox 856 2912 946 2973; x_wconf 92' lang='lat' dir='ltr'><strong>lubae</strong></span> <span class='ocrx_word' id='word_1_282' title='bbox 960 2910 1144 2987; x_wconf 71' lang='lat' dir='ltr'><strong>volumentis</strong></span> 
     </span>
    </p>
   </div>
   <div class='ocr_carea' id='block_1_4' title="bbox 72 2996 1135 3558">
    <p class='ocr_par' dir='ltr' id='par_1_16' title="bbox 72 2996 1135 3558">
     <span class='ocr_line' id='line_1_34' title="bbox 109 2996 1101 3075; baseline -0.001 -20"><span class='ocrx_word' id='word_1_283' title='bbox 109 3014 223 3074; x_wconf 93' lang='lat' dir='ltr'><strong>quoque</strong></span> <span class='ocrx_word' id='word_1_284' title='bbox 241 3005 338 3056; x_wconf 83' lang='lat' dir='ltr'><strong>exstat</strong></span> <span class='ocrx_word' id='word_1_285' title='bbox 351 2996 387 3056; x_wconf 89' lang='lat' dir='ltr'><strong>de</strong></span> <span class='ocrx_word' id='word_1_286' title='bbox 410 3016 445 3056; x_wconf 88' lang='lat' dir='ltr'><strong>ea</strong></span> <span class='ocrx_word' id='word_1_287' title='bbox 466 2998 556 3058; x_wconf 90' lang='lat' dir='ltr'><strong>herba</strong></span> <span class='ocrx_word' id='word_1_288' title='bbox 580 3007 609 3058; x_wconf 86' lang='lat' dir='ltr'><strong>et</strong></span> <span class='ocrx_word' id='word_1_289' title='bbox 633 2998 740 3058; x_wconf 92' lang='lat' dir='ltr'><strong>clarum</strong></span> <span class='ocrx_word' id='word_1_290' title='bbox 762 2997 956 3075; x_wconf 91' lang='lat' dir='ltr'><strong>praeconium.</strong></span> <span class='ocrx_word' id='word_1_291' title='bbox 989 2997 1101 3054; x_wconf 81' lang='lat' dir='ltr'><strong>inuenit</strong></span> 
     </span>
     <span class='ocr_line' id='line_1_35' title="bbox 108 3079 1100 3158; baseline -0.002 -20"><span class='ocrx_word' id='word_1_292' title='bbox 108 3098 171 3138; x_wconf 86' lang='lat' dir='ltr'><strong>enm</strong></span> <span class='ocrx_word' id='word_1_293' title='bbox 192 3083 221 3140; x_wconf 93' lang='lat' dir='ltr'><strong>in</strong></span> <span class='ocrx_word' id='word_1_294' title='bbox 242 3088 341 3140; x_wconf 90' lang='lat' dir='ltr'><strong>monte</strong></span> <span class='ocrx_word' id='word_1_295' title='bbox 358 3079 486 3157; x_wconf 80' lang='lat' dir='ltr'><strong>Atlante,</strong></span> <span class='ocrx_word' id='word_1_296' title='bbox 509 3083 609 3158; x_wconf 87' lang='lat' dir='ltr'><strong>specie</strong></span> <span class='ocrx_word' id='word_1_297' title='bbox 635 3080 737 3157; x_wconf 78' lang='lat' dir='ltr'><strong>thyrsi,</strong></span> <span class='ocrx_word' id='word_1_298' title='bbox 759 3080 839 3140; x_wconf 88' lang='lat' dir='ltr'><strong>loliis</strong></span> <span class='ocrx_word' id='word_1_299' title='bbox 857 3079 1024 3138; x_wconf 87' lang='lat' dir='ltr'><strong>acanthinis.</strong></span> <span class='ocrx_word' id='word_1_300' title='bbox 1054 3081 1100 3137; x_wconf 86' lang='lat' dir='ltr'><strong>vis</strong></span> 
     </span>
     <span class='ocr_line' id='line_1_36' title="bbox 72 3162 1135 3242; baseline 0 -23"><span class='ocrx_word' id='word_1_301' title='bbox 72 3169 186 3222; x_wconf 82' lang='lat' dir='ltr'><strong>satanta</strong></span> <span class='ocrx_word' id='word_1_302' title='bbox 212 3172 258 3224; x_wconf 87' lang='lat' dir='ltr'><strong>est</strong></span> <span class='ocrx_word' id='word_1_303' title='bbox 288 3169 320 3222; x_wconf 89' lang='lat' dir='ltr'><strong>ut</strong></span> <span class='ocrx_word' id='word_1_304' title='bbox 346 3181 362 3220; x_wconf 82' lang='lat' dir='ltr'><strong>a</strong></span> <span class='ocrx_word' id='word_1_305' title='bbox 388 3162 546 3242; x_wconf 79' lang='lat' dir='ltr'><strong>longinquo</strong></span> <span class='ocrx_word' id='word_1_306' title='bbox 573 3181 658 3222; x_wconf 88' lang='lat' dir='ltr'><strong>sucus</strong></span> <span class='ocrx_word' id='word_1_307' title='bbox 683 3166 852 3241; x_wconf 81' lang='lat' dir='ltr'><strong>excipiatur.</strong></span> <span class='ocrx_word' id='word_1_308' title='bbox 892 3163 982 3221; x_wconf 88' lang='lat' dir='ltr'><strong>incisa</strong></span> <span class='ocrx_word' id='word_1_309' title='bbox 1011 3171 1112 3223; x_wconf 88' lang='lat' dir='ltr'><strong>conto·</strong></span> <span class='ocrx_word' id='word_1_310' title='bbox 1133 3196 1135 3199; x_wconf 94' lang='lat'>-</span> 
     </span>
     <span class='ocr_line' id='line_1_37' title="bbox 108 3243 1101 3324; baseline -0.002 -21"><span class='ocrx_word' id='word_1_311' title='bbox 108 3246 220 3306; x_wconf 87' lang='lat' dir='ltr'><strong>subitur</strong></span> <span class='ocrx_word' id='word_1_312' title='bbox 243 3244 388 3324; x_wconf 87' lang='lat' dir='ltr'><strong>excipulis</strong></span> <span class='ocrx_word' id='word_1_313' title='bbox 411 3245 573 3306; x_wconf 87' lang='lat' dir='ltr'><strong>ventriculo</strong></span> <span class='ocrx_word' id='word_1_314' title='bbox 599 3246 732 3306; x_wconf 84' lang='lat' dir='ltr'><strong>haedina.</strong></span> <span class='ocrx_word' id='word_1_315' title='bbox 773 3263 855 3305; x_wconf 91' lang='lat' dir='ltr'><strong>umor</strong></span> <span class='ocrx_word' id='word_1_316' title='bbox 882 3243 964 3304; x_wconf 89' lang='lat' dir='ltr'><strong>lactis</strong></span> <span class='ocrx_word' id='word_1_317' title='bbox 983 3246 1101 3305; x_wconf 77' lang='lat' dir='ltr'><strong>uidetur</strong></span> 
     </span>
     <span class='ocr_line' id='line_1_38' title="bbox 108 3325 1101 3405; baseline -0.004 -18"><span class='ocrx_word' id='word_1_318' title='bbox 108 3325 248 3390; x_wconf 88' lang='lat' dir='ltr'><strong>delinere.</strong></span> <span class='ocrx_word' id='word_1_319' title='bbox 280 3332 405 3388; x_wconf 87' lang='lat' dir='ltr'><strong>siccatus</strong></span> <span class='ocrx_word' id='word_1_320' title='bbox 421 3347 483 3388; x_wconf 86' lang='lat' dir='ltr'><strong>oum</strong></span> <span class='ocrx_word' id='word_1_321' title='bbox 498 3330 585 3404; x_wconf 90' lang='lat' dir='ltr'><strong>coiit,</strong></span> <span class='ocrx_word' id='word_1_322' title='bbox 604 3331 675 3388; x_wconf 88' lang='lat' dir='ltr'><strong>turis</strong></span> <span class='ocrx_word' id='word_1_323' title='bbox 691 3328 930 3404; x_wconf 82' lang='lat' dir='ltr'><strong>elligiemhabet.</strong></span> <span class='ocrx_word' id='word_1_324' title='bbox 954 3331 1001 3405; x_wconf 94' lang='lat' dir='ltr'><strong>qui</strong></span> <span class='ocrx_word' id='word_1_325' title='bbox 1018 3327 1101 3384; x_wconf 89' lang='lat' dir='ltr'><strong>colli·</strong></span> 
     </span>
     <span class='ocr_line' id='line_1_39' title="bbox 106 3409 1102 3489; baseline -0.007 -19"><span class='ocrx_word' id='word_1_326' title='bbox 106 3421 178 3485; x_wconf 80' lang='lat' dir='ltr'><strong>gunt</strong></span> <span class='ocrx_word' id='word_1_327' title='bbox 194 3413 300 3472; x_wconf 87' lang='lat' dir='ltr'><strong>clarius</strong></span> <span class='ocrx_word' id='word_1_328' title='bbox 325 3411 433 3471; x_wconf 90' lang='lat' dir='ltr'><strong>vident.</strong></span> <span class='ocrx_word' id='word_1_329' title='bbox 462 3421 567 3472; x_wconf 82' lang='lat' dir='ltr'><strong>contra</strong></span> <span class='ocrx_word' id='word_1_330' title='bbox 590 3414 735 3489; x_wconf 86' lang='lat' dir='ltr'><strong>serpentis</strong></span> <span class='ocrx_word' id='word_1_331' title='bbox 754 3409 897 3486; x_wconf 88' lang='lat' dir='ltr'><strong>medetur,</strong></span> <span class='ocrx_word' id='word_1_332' title='bbox 921 3425 1102 3484; x_wconf 78' lang='lat' dir='ltr'><strong>quacumque</strong></span> 
     </span>
     <span class='ocr_line' id='line_1_40' title="bbox 156 3493 938 3558; baseline -0.005 -5"><span class='ocrx_word' id='word_1_333' title='bbox 156 3517 225 3557; x_wconf 79' lang='lat' dir='ltr'><strong>aurs.</strong></span> <span class='ocrx_word' id='word_1_334' title='bbox 246 3518 307 3558; x_wconf 78' lang='lat' dir='ltr'><strong>uns.</strong></span> <span class='ocrx_word' id='word_1_335' title='bbox 327 3517 397 3555; x_wconf 84' lang='lat' dir='ltr'><strong>nrsr.</strong></span> <span class='ocrx_word' id='word_1_336' title='bbox 414 3500 462 3557; x_wconf 87' lang='lat' dir='ltr'><strong>IV.</strong></span> <span class='ocrx_word' id='word_1_337' title='bbox 918 3493 938 3549; x_wconf 86' lang='grc'>6</span> 
     </span>
    </p>
   </div>
   <div class='ocr_carea' id='block_1_5' title="bbox 0 0 1254 3817">
    <p class='ocr_par' dir='ltr' id='par_1_17' title="bbox 0 0 1254 3817">
     <span class='ocr_line' id='line_1_41' title="bbox 0 0 1254 3817; baseline 0 0"><span class='ocrx_word' id='word_1_338' title='bbox 0 0 1254 3817; x_wconf 95' lang='lat' dir='ltr'><strong> </strong></span> 
     </span>
    </p>
   </div>
  </div>
 </body>
</html>
