2484 3817
126 128 170 200 tu
470 138 501 188 o.
515 139 610 187 curru
625 136 775 186 socnam
818 96 822 102 ’

128 293 211 355 miuie
227 292 294 354 odio
308 292 427 355 inditum
440 302 487 354 est
502 301 624 373 propter
638 312 678 361 oo
687 309 727 353 oo
737 298 893 351 statuarum
904 288 1055 351 Volsinios
1068 310 1122 353 ex·

128 376 426 456 pugnatosohiceret.
465 378 624 455 mirumque
644 374 711 435 milri
732 372 862 450 uidetur,
880 392 943 435 cum
962 382 1121 434 statuarum

129 462 213 539 origo
236 468 292 521 tam
318 468 401 519 retus
423 459 526 528 ltaliae
548 462 602 535 sit,
624 459 722 537 lignea
741 458 839 535 pullus
860 465 908 523 aut
931 457 1030 517 iictilia
1048 457 1120 518 deo·

44 542 54 561 '
127 562 189 627 rum
205 543 358 605 simulacra
374 544 403 602 in
421 543 550 605 delubris
573 542 667 603 dicata
686 557 780 619 usque
800 540 834 599 ad
850 540 991 600 devictam
1008 542 1119 615 Asiam,

84 627 204 693 munde
226 627 345 687 luxuria
390 625 598 687 *Similitudines
620 623 801 705 exprimendi
822 642 895 701 quae
916 626 1006 702 prima
1027 625 1141 684 fuerits

127 712 229 788 origo,
250 712 279 771 in
302 728 338 771 ea
358 728 442 789 quam
461 711 603 790 plasticen
620 709 724 771 Graeci
746 716 850 767 vocant
865 708 921 768 dici
945 710 1120 769 conuenien-

84 793 170 879 ’ζῷ’
182 795 238 854 tius
255 796 328 870 erit,
350 795 457 854 etenim
474 795 555 873 prior
577 812 661 872 quam
676 792 813 853 statuaria
832 791 897 851 luit.
929 792 982 851 sed
997 791 1069 851 haec
1083 792 1119 850 ad

126 878 265 939 indultum
284 878 413 938 effloruit
431 877 583 937 multorum
596 877 771 937 voluminum
787 876 870 952 operi
879 918 889 951 ,
915 877 939 933 si
955 878 1019 953 quis
1035 875 1118 954 plura

126 962 264 1041 persequi
283 960 371 1035 velit,
387 962 481 1020 omnia
497 961 572 1020 euim
588 961 653 1037 quis
670 954 784 1039 possit?

83 1055 119 1110 36
192 1044 272 1123 (17.)
297 1042 335 1102 ll.
359 1041 459 1102 Scauri
481 1042 629 1103 aedilitate
649 1044 798 1121 signorum
810 1042 939 1103 '0000oe
959 1043 988 1101 in
1011 1060 1156 1103 scaenam

127 1137 234 1187 tantum
253 1126 337 1187 luere
358 1127 534 1204 temporario
556 1126 680 1187 theatro.
716 1124 866 1187 Mummius
881 1127 990 1187 Achaia
1004 1125 1118 1185 devicta

125 1210 253 1288 repleuit
276 1208 378 1268 urbem
398 1225 455 1267 uon
479 1208 633 1269 relicturus
653 1209 731 1270 tiliae
751 1208 858 1270 dotem.
896 1229 947 1270 cur
969 1211 1045 1269 enim
1059 1228 1118 1269 non

126 1311 189 1354 cum
204 1292 392 1352 excursatione
409 1288 553 1369 ponatur?
569 1292 656 1352 multa
672 1301 702 1353 et
714 1291 824 1352 Luculli
841 1295 992 1354 invexere.
1021 1292 1116 1353 Rhodi

39 1398 43 1406 ¹
126 1378 278 1436 etianmum
292 1376 347 1434 tria
360 1374 443 1435 milia
457 1376 605 1453 signorum
628 1394 696 1435 esse
709 1374 855 1437 Mucianus
872 1386 918 1437 ter
932 1376 1032 1436 consul
1048 1395 1114 1454 pro-

126 1457 214 1535 didit,
238 1476 293 1519 nae
306 1460 443 1537 pauciora
457 1456 599 1534 Athedis,
622 1458 789 1538 Olympiae,
812 1458 935 1539 Delphis
957 1478 1114 1538 superesse
1125 1486 1152 1525 15

125 1542 290 1603 creduntur.
317 1544 381 1621 quis
398 1544 455 1605 ista
468 1540 629 1603 mortalium
642 1544 781 1621 persequi
796 1546 892 1622 possit
906 1552 954 1603 aut
967 1545 1031 1621 quis
1046 1563 1113 1602 usus

84 1634 118 1691 3⁷
129 1626 269 1685 noscendi
292 1622 500 1702 intellegatur?
529 1626 653 1704 insignia
671 1644 801 1687 maxume
822 1636 853 1686 et
867 1628 961 1705 aliqua
978 1626 1013 1686 de
1029 1645 1114 1686 eausa

124 1718 222 1769 notata
236 1708 427 1786 voluptarium
442 1710 480 1790 sit
494 1710 629 1787 attigisse
642 1710 826 1787 artificesque
844 1711 1010 1770 celebratos
1027 1712 1114 1769 nomi·

123 1794 257 1871 novisse,
280 1790 458 1867 singulorum
480 1810 597 1871 quoque
617 1793 813 1871 inexplicabili
837 1793 1032 1870 mollitudine,
1052 1812 1113 1851 eum

125 1874 269 1954 lysippus
283 1873 338 1934 ΜΒ
357 1892 447 1953 opera
466 1875 576 1935 iecisse
593 1875 750 1953 prodatur,
773 1884 868 1936 tantae
891 1879 984 1936 onmia
998 1879 1068 1936 artis
1083 1886 1151 1943 ut20

70 2006 74 2011 .
124 1958 284 2019 claritatem
314 1965 437 2035 possent
458 1957 527 2019 dare
550 1957 598 2018 vel
622 1959 745 2035 singula.
774 1963 926 2019 'numerum
946 1960 1112 2037 adparuisse

124 2042 261 2102 defuneto
277 2058 410 2117 eo,eum
426 2040 590 2101 thesaurum
606 2041 773 2118 edhegisset
788 2042 891 2119 heres,
909 2044 1024 2102 solitum
1038 2045 1112 2102 enim

124 2144 163 2185 ex
177 2125 348 2202 manipretio
365 2126 503 2202 cuiusque
518 2126 593 2202 signi
611 2124 747 2186 denarios
772 2143 920 2203 seponere
934 2145 1038 2186 aureos
1055 2128 1109 2184 sin-

81 2220 117 2274 38
127 2208 223 2287 gulos.
259 2206 369 2267 Evecta
385 2226 472 2286 supra
485 2207 634 2267 humanam
648 2208 732 2268 fidem
747 2227 793 2268 ars
809 2218 855 2268 est
869 2227 1024 2283 successu,
1043 2226 1111 2267 mox

124 2299 155 2351 et
174 2290 298 2349 audacia.
334 2292 363 2349 in
386 2299 585 2367 argumentum
605 2310 759 2351 successus
783 2310 866 2351 unum
887 2291 1045 2371 exemplum
1062 2290 1149 2356 ades

123 2375 231 2451 ieram,
246 2391 302 2433 nec
316 2372 436 2434 deorum
448 2373 610 2437 hominisve
625 2375 816 2435 similitudinis
833 2393 1003 2453 expressae.
1031 2384 1110 2435 aetas

122 2464 222 2518 nostra
237 2454 309 2517 vidit
325 2458 355 2517 in
372 2454 534 2535 Capitolio,
554 2459 720 2536 priusquam
737 2459 766 2517 id
780 2460 937 2519 novissime
955 2458 1112 2537 conflagra-

122 2548 169 2601 ret
189 2558 205 2599 a
222 2536 388 2600 Vitellianis
412 2542 575 2618 incensum,
595 2542 627 2600 in
648 2542 722 2601 cella
737 2540 854 2601 lunonis
873 2560 971 2602 canem
990 2562 1028 2603 ex
1043 2562 1112 2602 aere

122 2623 226 2687 uolnus
241 2635 321 2683 suum
334 2623 525 2700 lambentem,
548 2624 629 2683 euius
653 2625 788 2685 eximium
803 2625 967 2685 miraculum
983 2635 1014 2685 et
1027 2626 1112 2686 indis·

124 2715 204 2768 creta
224 2708 287 2765 veri
311 2705 466 2767 similitudo
488 2724 545 2767 non
561 2725 597 2768 eo
619 2708 712 2768 solum
729 2707 910 2785 intellegitur
925 2709 1056 2787 quodibi
1072 2710 1151 2771 diso

122 2797 184 2851 eata
198 2788 303 2867 fuerat,
320 2809 418 2850 verum
430 2799 460 2850 et
471 2790 670 2867 satisdatione,
687 2808 748 2849 nam
765 2794 896 2868 quoniam
914 2810 1021 2853 summa
1036 2794 1111 2853 nulla

121 2891 175 2953 par
188 2871 358 2950 videbatur,
373 2874 469 2953 capite
485 2874 636 2949 tutelarios
648 2891 753 2953 eaveqe
769 2892 823 2952 pro
840 2893 874 2935 ea
888 2877 1047 2935 institutum
1061 2894 1110 2955 pu·

120 2956 197 3019 llice
211 2957 274 3018 iuit.
587 2986 589 2989 ·

78 3052 114 3107 39
186 3038 268 3120 (18.)
290 3038 436 3101 Audaciae
459 3043 605 3100 innumera
629 3048 694 3099 sunt
710 3042 852 3120 exempla.
890 3042 976 3104 molis
1004 3043 1111 3120 quippe

123 3124 304 3199 excogitatas
320 3122 449 3183 videmus
466 3131 634 3199 statuarum,
651 3142 720 3200 quas
737 3125 906 3185 colossaeas
921 3132 1036 3199 vocant,
1054 3133 1148 3188 tur-se

121 3206 201 3267 ribus
217 3204 306 3282 paris.
345 3205 410 3265 talis
436 3208 525 3265 estin
541 3204 686 3284 Capitolio
703 3207 811 3285 Apollo
833 3208 952 3268 tralatus
968 3227 984 3269 a
1003 3206 1043 3269 ll.
1057 3207 1112 3269 lu·

122 3287 200 3359 eullp
225 3304 263 3346 ex
282 3286 439 3365 Apollonia
453 3286 537 3349 Ponti
563 3292 652 3367 urbe,
675 3289 758 3349 XXX
773 3290 1112 3371 cubitorum„quingen·

78 3379 115 3435 40
130 3371 167 3433 tis
188 3368 305 3431 talentis
325 3369 438 3448 iactus,
460 3372 524 3432 talis
545 3374 575 3432 in
598 3391 698 3453 campo
720 3372 824 3433 llartio
846 3373 982 3454 luppiter,
1008 3394 1024 3435 a
1043 3376 1111 3435 divo
