2484 3817
163 135 224 196 tta
507 143 649 193 esem
665 143 814 192 sacuam

971 251 985 276 Ι

160 298 349 376 luserunt,
376 298 442 358 bac
461 299 581 358 iuvari
606 299 771 376 potione.
807 299 876 376 quin
898 307 928 358 et
949 299 1156 360 carbunculum
1231 297 1232 300 ’

117 403 152 444 ²⁸.
170 401 285 459 aganus
306 382 418 458 morbi,
440 398 497 459 quo
513 382 587 441 duos
609 381 769 441 consularis
784 399 878 458 nuper
894 382 1063 462 absumptos
1081 383 1156 444 indi·

159 468 305 542 cauimus,
329 483 475 544 querneus
492 465 580 525 carbo
606 467 690 524 tritus
712 481 774 524 cum
796 464 885 524 melle
906 475 994 526 sanat.
1034 467 1109 528 adeo
1125 468 1156 527 in
1231 440 1232 518 l

159 550 249 610 rebus
265 550 403 609 damnatis
419 565 534 625 quoque
558 567 592 608 ac
613 557 670 608 tam
684 547 769 606 nullis
791 557 857 607 sunt
874 549 969 627 aliqua
991 551 1153 628 commoda,
1177 543 1182 559 '

159 642 192 692 ut
204 633 331 692 carbo'ne
347 649 417 692 ecce
431 640 518 710 atque
532 633 642 691 cinere.
1168 634 1181 672 ὁ

118 727 171 779 204
242 717 323 794 (to.)
343 714 409 774 Non
429 716 597 792 praeteribo
616 724 647 774 et
662 731 745 772 unum
761 715 819 774 ioci
835 711 998 793 exemplum
1013 716 1152 778 Romanis

158 800 265 861 litteris
284 800 407 860 clarum:
429 796 584 876 Tarquinio
605 797 706 856 Prisco
726 806 867 874 regnante
892 799 1006 859 tradunt
1026 810 1153 879 repente

158 885 190 943 in
209 885 276 943 looo
298 885 361 942 eius
384 883 574 960 conparuisse
594 880 723 957 genitale
745 899 761 940 e
784 883 883 940 cinere
909 882 1027 942 masculi
1061 901 1152 944 sexus

159 985 281 1044 eamque
297 983 371 1045 quae
386 965 535 1024 insederat
545 965 585 1023 ibi
598 962 762 1042 Tanaquilis
780 966 899 1042 reginae
915 966 1044 1025 ancillam
1060 965 1153 1027 Ocre-

159 1053 232 1111 siam
250 1051 391 1127 captiram
408 1049 630 1107 consurrexisse
645 1048 799 1124 gravidam.
829 1049 868 1106 ita
884 1047 1016 1108 Servium
1028 1049 1154 1109 Tullium
1164 1052 1189 1092 ¹⁰

159 1143 256 1194 natum
270 1133 318 1208 qui
334 1147 426 1206 regno
444 1132 606 1206 successit,
625 1131 691 1190 inde
706 1139 735 1189 et
750 1133 780 1189 in
792 1123 873 1208 regia
889 1132 1004 1191 cubanti
1021 1135 1047 1193 ei
1060 1149 1156 1211 puero

161 1224 247 1293 caput
265 1216 373 1272 arsisse
389 1212 586 1289 creditumque
603 1213 672 1272 laris
690 1213 839 1284 familiaris
853 1215 950 1274 lilium.
975 1217 1012 1276 ob
1028 1217 1057 1277 id
1069 1214 1170 1294 Com-⁸

48 1308 54 1314 ’
159 1298 259 1378 uitalia
275 1297 359 1356 ludos
376 1295 487 1355 laribus
504 1298 624 1372 primum
637 1293 809 1356 instituisse.

536 1602 736 1614 ‘—

406 1854 450 1937 tl
474 1853 605 1936 Pbllll
632 1851 856 1936 delllllll

274 2023 621 2119 Nll'lllltllllb
656 2021 1001 2172 lllllbltllll

453 2202 613 2268 crena
639 2201 821 2268 xxxvia.
1075 2201 1079 2207 ·

132 2484 149 2535 1
224 2471 318 2550 (Seot.
337 2473 379 2558 1.)
403 2475 443 2534 Ut
464 2474 535 2535 nihil
552 2477 684 2536 instituto
702 2477 789 2553 operi
808 2473 883 2534 desit
904 2491 1033 2552 gemmae
1053 2493 1159 2554 supera
1231 2471 1232 2544 l

159 2564 269 2623 suntet
283 2558 313 2615 iu
327 2569 418 2618 artum
434 2568 535 2618 coacta
547 2577 642 2618 rerum
656 2568 775 2618 naturae
789 2560 943 2634 maiestas,
962 2559 1059 2618 multis
1077 2559 1156 2619 nulla

160 2642 205 2698 sui
227 2648 310 2716 parte
331 2641 500 2700 mirabilior.
538 2650 643 2701 tautum
666 2641 792 2700 tribuunt
813 2642 963 2719 varietati,
992 2642 1156 2718 coloribus,

141 2725 316 2812 materiae,
332 2725 449 2799 decori,
473 2724 576 2784 violari
601 2727 685 2785 etiam
702 2726 811 2800 signis,
836 2743 908 2802 quae
927 2742 1012 2785 causa
1028 2725 1189 2802 gemma-³⁰

161 2825 223 2864 rum
238 2815 301 2884 est,
316 2808 451 2885 quasdam
467 2809 547 2866 nolas
567 2808 725 2883 ducentes,
747 2806 855 2884 aliquas
870 2826 943 2868 vero
959 2817 1041 2868 extra
1058 2811 1155 2886 pretia

160 2888 220 2949 nlla
234 2894 467 2968 taxationemque
483 2891 664 2950 humanarum
687 2908 771 2968 opum
790 2892 981 2968 arbitrantes,
1003 2901 1032 2951 ut
1049 2892 1155 2970 pleris-

160 2989 217 3048 que
239 2975 273 3032 ad
295 2991 427 3032 summam
449 2974 666 3052 absolutamque
688 2982 805 3033 caturae
822 2992 916 3033 rerum
933 2974 1157 3054 contemplatio·

59 3077 69 3096 0
132 3065 229 3116 inem
253 3058 323 3116 satis
345 3057 383 3114 sit
410 3075 464 3116 una
490 3057 584 3134 aliqua
604 3075 726 3134 gemma.
762 3054 843 3127 erae
868 3058 957 3116 luerit
980 3061 1067 3136 origo
1090 3066 1156 3118 cta

121 3158 182 3197 aas
205 3139 307 3217 quibus
325 3140 414 3199 initiis
429 3143 458 3199 in
475 3149 579 3218 tantum
596 3140 743 3200 admiratio
759 3141 831 3203 haec
847 3142 1009 3218 exarserit,
1030 3141 1189 3200 diximus*⁵

162 3222 367 3297 quadamtenus
389 3225 590 3301 iumentione
613 3226 674 3284 auri
699 3224 910 3302 anulorumque.
954 3225 1069 3285 fabulae
1096 3227 1157 3304 pri·
1231 3275 1232 3280 ,

162 3305 331 3363 mordiuma
346 3320 417 3387 rupe
433 3302 579 3365 Caucasea
594 3309 719 3382 tradunt,
731 3307 896 3367 Promethei
911 3308 1090 3368 vinculorum
1112 3309 1157 3368 in·

164 3387 377 3464 terpretatione
399 3386 495 3465 fatali,
518 3391 696 3469 primumque
721 3392 782 3451 saxi
807 3393 869 3450 eius
900 3391 1093 3469 fragmentum
1111 3391 1160 3452 in·
