<?xml version="1.0" encoding="UTF-8"?>
<!DOCTYPE html PUBLIC "-//W3C//DTD XHTML 1.0 Transitional//EN"
    "http://www.w3.org/TR/xhtml1/DTD/xhtml1-transitional.dtd">
<html xmlns="http://www.w3.org/1999/xhtml" xml:lang="en" lang="en">
 <head>
  <title>
</title>
<meta http-equiv="Content-Type" content="text/html;charset=utf-8" />
  <meta name='ocr-system' content='tesseract 3.04.00' />
  <meta name='ocr-capabilities' content='ocr_page ocr_carea ocr_par ocr_line ocrx_word'/>
</head>
<body>
  <div class='ocr_page' id='page_1' title='image "./cplinisecundina24plingoog_0090.png"; bbox 0 0 2484 3817; ppageno 0'>
   <div class='ocr_carea' id='block_1_1' title="bbox 149 180 794 243">
    <p class='ocr_par' dir='ltr' id='par_1_1' title="bbox 149 180 794 243">
     <span class='ocr_line' id='line_1_1' title="bbox 149 180 794 243; baseline -0.008 -3"><span class='ocrx_word' id='word_1_1' title='bbox 149 180 186 241; x_wconf 85' lang='grc'><strong>18</strong></span> <span class='ocrx_word' id='word_1_2' title='bbox 486 195 516 243; x_wconf 90' lang='lat' dir='ltr'><strong>c.</strong></span> <span class='ocrx_word' id='word_1_3' title='bbox 531 194 628 241; x_wconf 79' lang='lat' dir='ltr'><strong>uarro</strong></span> <span class='ocrx_word' id='word_1_4' title='bbox 645 190 794 241; x_wconf 82' lang='lat' dir='ltr'><strong>sucorum</strong></span> 
     </span>
    </p>
   </div>
   <div class='ocr_carea' id='block_1_2' title="bbox 57 337 1231 3509">
    <p class='ocr_par' dir='ltr' id='par_1_2' title="bbox 149 337 1230 432">
     <span class='ocr_line' id='line_1_2' title="bbox 149 337 1230 432; baseline -0.007 -17"><span class='ocrx_word' id='word_1_5' title='bbox 149 352 312 432; x_wconf 70' lang='lat' dir='ltr'><strong>emplastris</strong></span> <span class='ocrx_word' id='word_1_6' title='bbox 328 349 398 409; x_wconf 91' lang='lat' dir='ltr'><strong>utile</strong></span> <span class='ocrx_word' id='word_1_7' title='bbox 414 349 516 409; x_wconf 90' lang='lat' dir='ltr'><strong>faciem</strong></span> <span class='ocrx_word' id='word_1_8' title='bbox 531 353 643 426; x_wconf 89' lang='lat' dir='ltr'><strong>purgat.</strong></span> <span class='ocrx_word' id='word_1_9' title='bbox 673 343 766 402; x_wconf 86' lang='lat' dir='ltr'>bubus</span> <span class='ocrx_word' id='word_1_10' title='bbox 781 344 905 404; x_wconf 92' lang='lat' dir='ltr'><strong>infusum</strong></span> <span class='ocrx_word' id='word_1_11' title='bbox 920 362 974 423; x_wconf 92' lang='lat' dir='ltr'><strong>per</strong></span> <span class='ocrx_word' id='word_1_12' title='bbox 989 347 1077 422; x_wconf 91' lang='lat' dir='ltr'><strong>naris,</strong></span> <span class='ocrx_word' id='word_1_13' title='bbox 1090 347 1137 409; x_wconf 94' lang='lat' dir='ltr'><strong>do·</strong></span> <span class='ocrx_word' id='word_1_14' title='bbox 1229 337 1230 348; x_wconf 68' lang='grc'>’</span> 
     </span>
    </p>

    <p class='ocr_par' dir='ltr' id='par_1_3' title="bbox 104 429 1160 927">
     <span class='ocr_line' id='line_1_3' title="bbox 104 429 1142 511; baseline -0.011 -11"><span class='ocrx_word' id='word_1_15' title='bbox 104 447 139 501; x_wconf 76' lang='grc'><strong>88</strong></span> <span class='ocrx_word' id='word_1_16' title='bbox 149 455 204 497; x_wconf 89' lang='lat' dir='ltr'><strong>nec</strong></span> <span class='ocrx_word' id='word_1_17' title='bbox 223 442 348 510; x_wconf 87' lang='lat' dir='ltr'><strong>ructent,</strong></span> <span class='ocrx_word' id='word_1_18' title='bbox 365 433 542 492; x_wconf 86' lang='lat' dir='ltr'><strong>inflationem</strong></span> <span class='ocrx_word' id='word_1_19' title='bbox 556 429 646 511; x_wconf 76' lang='lat' dir='ltr'><strong>sedat.</strong></span> <span class='ocrx_word' id='word_1_20' title='bbox 675 435 760 488; x_wconf 85' lang='lat' dir='ltr'><strong>vetus</strong></span> <span class='ocrx_word' id='word_1_21' title='bbox 775 436 871 487; x_wconf 90' lang='lat' dir='ltr'><strong>autem</strong></span> <span class='ocrx_word' id='word_1_22' title='bbox 883 431 974 504; x_wconf 88' lang='lat' dir='ltr'><strong>magis</strong></span> <span class='ocrx_word' id='word_1_23' title='bbox 990 429 1142 491; x_wconf 70' lang='lat' dir='ltr'><strong>excalfacit</strong></span> 
     </span>
     <span class='ocr_line' id='line_1_4' title="bbox 145 511 1137 598; baseline -0.008 -19"><span class='ocrx_word' id='word_1_24' title='bbox 145 537 269 598; x_wconf 92' lang='lat' dir='ltr'><strong>corpora</strong></span> <span class='ocrx_word' id='word_1_25' title='bbox 289 519 440 594; x_wconf 88' lang='lat' dir='ltr'><strong>magisque</strong></span> <span class='ocrx_word' id='word_1_26' title='bbox 461 515 576 574; x_wconf 76' lang='lat' dir='ltr'><strong>discutit</strong></span> <span class='ocrx_word' id='word_1_27' title='bbox 591 511 734 587; x_wconf 91' lang='lat' dir='ltr'><strong>sudores,</strong></span> <span class='ocrx_word' id='word_1_28' title='bbox 756 512 875 570; x_wconf 74' lang='lat' dir='ltr'><strong>duritias</strong></span> <span class='ocrx_word' id='word_1_29' title='bbox 889 514 981 588; x_wconf 89' lang='lat' dir='ltr'><strong>magis</strong></span> <span class='ocrx_word' id='word_1_30' title='bbox 1000 512 1137 590; x_wconf 88' lang='lat' dir='ltr'><strong>diffundit,</strong></span> 
     </span>
     <span class='ocr_line' id='line_1_5' title="bbox 146 594 1137 678; baseline -0.006 -15"><span class='ocrx_word' id='word_1_31' title='bbox 146 602 314 678; x_wconf 77' lang='lat' dir='ltr'><strong>lethargicis</strong></span> <span class='ocrx_word' id='word_1_32' title='bbox 337 600 477 660; x_wconf 80' lang='lat' dir='ltr'><strong>auxiliare</strong></span> <span class='ocrx_word' id='word_1_33' title='bbox 498 605 527 657; x_wconf 88' lang='lat' dir='ltr'><strong>et</strong></span> <span class='ocrx_word' id='word_1_34' title='bbox 549 594 687 653; x_wconf 90' lang='lat' dir='ltr'><strong>inclinato</strong></span> <span class='ocrx_word' id='word_1_35' title='bbox 705 595 817 654; x_wconf 90' lang='lat' dir='ltr'><strong>morbo.</strong></span> <span class='ocrx_word' id='word_1_36' title='bbox 847 594 997 655; x_wconf 88' lang='lat' dir='ltr'><strong>oculorum</strong></span> <span class='ocrx_word' id='word_1_37' title='bbox 1019 596 1137 657; x_wconf 80' lang='lat' dir='ltr'><strong>claritati</strong></span> 
     </span>
     <span class='ocr_line' id='line_1_6' title="bbox 144 677 1160 762; baseline -0.004 -15"><span class='ocrx_word' id='word_1_38' title='bbox 144 688 260 747; x_wconf 81' lang='lat' dir='ltr'><strong>confert</strong></span> <span class='ocrx_word' id='word_1_39' title='bbox 275 684 381 762; x_wconf 88' lang='lat' dir='ltr'><strong>aliquid</strong></span> <span class='ocrx_word' id='word_1_40' title='bbox 399 701 461 743; x_wconf 92' lang='lat' dir='ltr'><strong>cum</strong></span> <span class='ocrx_word' id='word_1_41' title='bbox 476 680 612 758; x_wconf 89' lang='lat' dir='ltr'><strong>portione</strong></span> <span class='ocrx_word' id='word_1_42' title='bbox 627 677 722 738; x_wconf 88' lang='lat' dir='ltr'><strong>mellis</strong></span> <span class='ocrx_word' id='word_1_43' title='bbox 737 680 846 756; x_wconf 90' lang='lat' dir='ltr'><strong>acapni.</strong></span> <span class='ocrx_word' id='word_1_44' title='bbox 876 680 979 757; x_wconf 91' lang='lat' dir='ltr'><strong>capitis</strong></span> <span class='ocrx_word' id='word_1_45' title='bbox 991 679 1160 743; x_wconf 78' lang='lat' dir='ltr'><strong>doloribusr</strong></span> 
     </span>
     <span class='ocr_line' id='line_1_7' title="bbox 146 760 1138 844; baseline -0.008 -13"><span class='ocrx_word' id='word_1_46' title='bbox 146 770 303 831; x_wconf 87' lang='lat' dir='ltr'><strong>remedium</strong></span> <span class='ocrx_word' id='word_1_47' title='bbox 320 777 382 844; x_wconf 90' lang='lat' dir='ltr'><strong>est,</strong></span> <span class='ocrx_word' id='word_1_48' title='bbox 406 769 474 825; x_wconf 86' lang='lat' dir='ltr'><strong>item</strong></span> <span class='ocrx_word' id='word_1_49' title='bbox 489 760 641 821; x_wconf 91' lang='lat' dir='ltr'><strong>ardoribus</strong></span> <span class='ocrx_word' id='word_1_50' title='bbox 657 763 686 820; x_wconf 91' lang='lat' dir='ltr'><strong>in</strong></span> <span class='ocrx_word' id='word_1_51' title='bbox 702 762 779 821; x_wconf 84' lang='lat' dir='ltr'><strong>febri</strong></span> <span class='ocrx_word' id='word_1_52' title='bbox 796 780 860 821; x_wconf 91' lang='lat' dir='ltr'><strong>cum</strong></span> <span class='ocrx_word' id='word_1_53' title='bbox 873 780 955 839; x_wconf 89' lang='lat' dir='ltr'><strong>aqua.</strong></span> <span class='ocrx_word' id='word_1_54' title='bbox 988 765 1013 822; x_wconf 91' lang='lat' dir='ltr'><strong>si</strong></span> <span class='ocrx_word' id='word_1_55' title='bbox 1033 768 1138 824; x_wconf 89' lang='lat' dir='ltr'><strong>vetusti</strong></span> 
     </span>
     <span class='ocr_line' id='line_1_8' title="bbox 145 844 1065 927; baseline -0.005 -14"><span class='ocrx_word' id='word_1_56' title='bbox 145 872 204 913; x_wconf 95' lang='lat' dir='ltr'><strong>non</strong></span> <span class='ocrx_word' id='word_1_57' title='bbox 222 856 261 913; x_wconf 91' lang='lat' dir='ltr'><strong>sit</strong></span> <span class='ocrx_word' id='word_1_58' title='bbox 277 854 410 927; x_wconf 81' lang='lat' dir='ltr'><strong>occasio,</strong></span> <span class='ocrx_word' id='word_1_59' title='bbox 426 844 597 921; x_wconf 85' lang='lat' dir='ltr'><strong>decoquitur</strong></span> <span class='ocrx_word' id='word_1_60' title='bbox 611 853 643 903; x_wconf 95' lang='lat' dir='ltr'><strong>ut</strong></span> <span class='ocrx_word' id='word_1_61' title='bbox 659 854 835 906; x_wconf 88' lang='lat' dir='ltr'><strong>vetustatem</strong></span> <span class='ocrx_word' id='word_1_62' title='bbox 851 856 1065 923; x_wconf 86' lang='lat' dir='ltr'><strong>repraesentet.</strong></span> 
     </span>
    </p>

    <p class='ocr_par' dir='ltr' id='par_1_4' title="bbox 101 927 1172 1429">
     <span class='ocr_line' id='line_1_9' title="bbox 101 927 1141 1017; baseline -0.001 -24"><span class='ocrx_word' id='word_1_63' title='bbox 101 946 137 1003; x_wconf 82' lang='grc'><strong>83</strong></span> <span class='ocrx_word' id='word_1_64' title='bbox 213 940 295 1017; x_wconf 83' lang='grc'>(41.)</span> <span class='ocrx_word' id='word_1_65' title='bbox 328 934 428 993; x_wconf 90' lang='lat' dir='ltr'><strong>Oleum</strong></span> <span class='ocrx_word' id='word_1_66' title='bbox 443 930 564 987; x_wconf 88' lang='lat' dir='ltr'><strong>cicinum</strong></span> <span class='ocrx_word' id='word_1_67' title='bbox 581 927 690 988; x_wconf 88' lang='lat' dir='ltr'><strong>bibitur</strong></span> <span class='ocrx_word' id='word_1_68' title='bbox 705 929 741 988; x_wconf 91' lang='lat' dir='ltr'><strong>ad</strong></span> <span class='ocrx_word' id='word_1_69' title='bbox 756 932 945 1006; x_wconf 81' lang='lat' dir='ltr'><strong>purgationes</strong></span> <span class='ocrx_word' id='word_1_70' title='bbox 956 932 1069 990; x_wconf 87' lang='lat' dir='ltr'><strong>ventris</strong></span> <span class='ocrx_word' id='word_1_71' title='bbox 1080 950 1141 992; x_wconf 90' lang='lat' dir='ltr'><strong>cum</strong></span> 
     </span>
     <span class='ocr_line' id='line_1_10' title="bbox 145 1012 1139 1101; baseline -0.008 -20"><span class='ocrx_word' id='word_1_72' title='bbox 145 1024 206 1101; x_wconf 89' lang='lat' dir='ltr'><strong>pari</strong></span> <span class='ocrx_word' id='word_1_73' title='bbox 232 1020 329 1081; x_wconf 87' lang='lat' dir='ltr'><strong>caldae</strong></span> <span class='ocrx_word' id='word_1_74' title='bbox 348 1030 487 1074; x_wconf 88' lang='lat' dir='ltr'><strong>mensura.</strong></span> <span class='ocrx_word' id='word_1_75' title='bbox 533 1012 668 1089; x_wconf 88' lang='lat' dir='ltr'><strong>privatim</strong></span> <span class='ocrx_word' id='word_1_76' title='bbox 692 1012 794 1071; x_wconf 92' lang='lat' dir='ltr'><strong>dicitur</strong></span> <span class='ocrx_word' id='word_1_77' title='bbox 815 1030 942 1090; x_wconf 84' lang='lat' dir='ltr'><strong>purgare</strong></span> <span class='ocrx_word' id='word_1_78' title='bbox 962 1016 1139 1090; x_wconf 86' lang='lat' dir='ltr'><strong>praecordia.</strong></span> 
     </span>
     <span class='ocr_line' id='line_1_11' title="bbox 143 1095 1172 1183; baseline -0.008 -17"><span class='ocrx_word' id='word_1_79' title='bbox 143 1106 266 1183; x_wconf 89' lang='lat' dir='ltr'><strong>prodest</strong></span> <span class='ocrx_word' id='word_1_80' title='bbox 282 1110 311 1160; x_wconf 92' lang='lat' dir='ltr'><strong>et</strong></span> <span class='ocrx_word' id='word_1_81' title='bbox 325 1096 510 1157; x_wconf 89' lang='lat' dir='ltr'><strong>articulorum</strong></span> <span class='ocrx_word' id='word_1_82' title='bbox 524 1095 646 1170; x_wconf 89' lang='lat' dir='ltr'><strong>morbis,</strong></span> <span class='ocrx_word' id='word_1_83' title='bbox 663 1096 775 1154; x_wconf 92' lang='lat' dir='ltr'><strong>duritiis</strong></span> <span class='ocrx_word' id='word_1_84' title='bbox 790 1096 934 1172; x_wconf 91' lang='lat' dir='ltr'><strong>omnibus,</strong></span> <span class='ocrx_word' id='word_1_85' title='bbox 950 1097 1057 1173; x_wconf 85' lang='lat' dir='ltr'><strong>volvis,</strong></span> <span class='ocrx_word' id='word_1_86' title='bbox 1068 1101 1139 1158; x_wconf 89' lang='lat' dir='ltr'><strong>auri·</strong></span> <span class='ocrx_word' id='word_1_87' title='bbox 1151 1112 1172 1151; x_wconf 76' lang='grc' dir='ltr'><strong>ιο</strong></span> 
     </span>
     <span class='ocr_line' id='line_1_12' title="bbox 145 1180 1140 1261; baseline -0.006 -14"><span class='ocrx_word' id='word_1_88' title='bbox 145 1189 215 1261; x_wconf 89' lang='lat' dir='ltr'><strong>bus,</strong></span> <span class='ocrx_word' id='word_1_89' title='bbox 242 1182 395 1256; x_wconf 87' lang='lat' dir='ltr'><strong>ambustis,</strong></span> <span class='ocrx_word' id='word_1_90' title='bbox 425 1195 489 1236; x_wconf 87' lang='lat' dir='ltr'><strong>cum</strong></span> <span class='ocrx_word' id='word_1_91' title='bbox 504 1180 603 1237; x_wconf 91' lang='lat' dir='ltr'><strong>cinere</strong></span> <span class='ocrx_word' id='word_1_92' title='bbox 622 1196 695 1238; x_wconf 86' lang='lat' dir='ltr'><strong>vero</strong></span> <span class='ocrx_word' id='word_1_93' title='bbox 713 1180 867 1255; x_wconf 91' lang='lat' dir='ltr'><strong>muricum,</strong></span> <span class='ocrx_word' id='word_1_94' title='bbox 896 1180 975 1239; x_wconf 88' lang='lat' dir='ltr'><strong>sedis</strong></span> <span class='ocrx_word' id='word_1_95' title='bbox 991 1180 1140 1241; x_wconf 89' lang='lat' dir='ltr'><strong>inflamma-</strong></span> 
     </span>
     <span class='ocr_line' id='line_1_13' title="bbox 144 1262 1141 1342; baseline -0.004 -15"><span class='ocrx_word' id='word_1_96' title='bbox 144 1269 288 1341; x_wconf 82' lang='lat' dir='ltr'><strong>tionibus,</strong></span> <span class='ocrx_word' id='word_1_97' title='bbox 312 1266 382 1323; x_wconf 92' lang='lat' dir='ltr'><strong>item</strong></span> <span class='ocrx_word' id='word_1_98' title='bbox 403 1278 518 1338; x_wconf 86' lang='lat' dir='ltr'><strong>psorae.</strong></span> <span class='ocrx_word' id='word_1_99' title='bbox 553 1262 685 1322; x_wconf 89' lang='lat' dir='ltr'><strong>colorem</strong></span> <span class='ocrx_word' id='word_1_100' title='bbox 705 1263 778 1322; x_wconf 91' lang='lat' dir='ltr'><strong>cutis</strong></span> <span class='ocrx_word' id='word_1_101' title='bbox 804 1264 982 1322; x_wconf 88' lang='lat' dir='ltr'><strong>commendat</strong></span> <span class='ocrx_word' id='word_1_102' title='bbox 998 1263 1141 1342; x_wconf 87' lang='lat' dir='ltr'><strong>capillum-</strong></span> 
     </span>
     <span class='ocr_line' id='line_1_14' title="bbox 143 1345 1139 1429; baseline -0.003 -20"><span class='ocrx_word' id='word_1_103' title='bbox 143 1369 199 1429; x_wconf 86' lang='lat' dir='ltr'><strong>que</strong></span> <span class='ocrx_word' id='word_1_104' title='bbox 220 1347 310 1409; x_wconf 89' lang='lat' dir='ltr'><strong>fertili</strong></span> <span class='ocrx_word' id='word_1_105' title='bbox 329 1353 429 1404; x_wconf 91' lang='lat' dir='ltr'><strong>natura</strong></span> <span class='ocrx_word' id='word_1_106' title='bbox 447 1354 559 1405; x_wconf 88' lang='lat' dir='ltr'><strong>evocat.</strong></span> <span class='ocrx_word' id='word_1_107' title='bbox 596 1363 698 1405; x_wconf 89' lang='lat' dir='ltr'><strong>semen</strong></span> <span class='ocrx_word' id='word_1_108' title='bbox 720 1364 759 1404; x_wconf 88' lang='lat' dir='ltr'><strong>ex</strong></span> <span class='ocrx_word' id='word_1_109' title='bbox 778 1363 835 1423; x_wconf 93' lang='lat' dir='ltr'><strong>quo</strong></span> <span class='ocrx_word' id='word_1_110' title='bbox 861 1347 893 1404; x_wconf 87' lang='lat' dir='ltr'><strong>lit</strong></span> <span class='ocrx_word' id='word_1_111' title='bbox 916 1345 994 1406; x_wconf 90' lang='lat' dir='ltr'><strong>nulla</strong></span> <span class='ocrx_word' id='word_1_112' title='bbox 1015 1349 1139 1407; x_wconf 90' lang='lat' dir='ltr'><strong>animans</strong></span> 
     </span>
    </p>

    <p class='ocr_par' dir='ltr' id='par_1_5' title="bbox 99 1427 1173 1760">
     <span class='ocr_line' id='line_1_15' title="bbox 99 1427 1140 1509; baseline -0.001 -16"><span class='ocrx_word' id='word_1_113' title='bbox 99 1445 134 1499; x_wconf 80' lang='grc'><strong>84</strong></span> <span class='ocrx_word' id='word_1_114' title='bbox 144 1434 266 1509; x_wconf 83' lang='lat' dir='ltr'><strong>attingit.</strong></span> <span class='ocrx_word' id='word_1_115' title='bbox 297 1427 439 1505; x_wconf 89' lang='lat' dir='ltr'><strong>ellychnia</strong></span> <span class='ocrx_word' id='word_1_116' title='bbox 454 1448 492 1487; x_wconf 88' lang='lat' dir='ltr'><strong>ex</strong></span> <span class='ocrx_word' id='word_1_117' title='bbox 505 1448 560 1488; x_wconf 90' lang='lat' dir='ltr'><strong>uva</strong></span> <span class='ocrx_word' id='word_1_118' title='bbox 576 1428 646 1487; x_wconf 85' lang='lat' dir='ltr'><strong>fiunt</strong></span> <span class='ocrx_word' id='word_1_119' title='bbox 662 1429 800 1489; x_wconf 89' lang='lat' dir='ltr'><strong>claritatis</strong></span> <span class='ocrx_word' id='word_1_120' title='bbox 814 1431 1001 1507; x_wconf 81' lang='lat' dir='ltr'><strong>praecipuae,</strong></span> <span class='ocrx_word' id='word_1_121' title='bbox 1017 1449 1057 1490; x_wconf 88' lang='lat' dir='ltr'><strong>ex</strong></span> <span class='ocrx_word' id='word_1_122' title='bbox 1074 1431 1140 1492; x_wconf 89' lang='lat' dir='ltr'><strong>oleo</strong></span> 
     </span>
     <span class='ocr_line' id='line_1_16' title="bbox 142 1512 1173 1592; baseline -0.008 -16"><span class='ocrx_word' id='word_1_123' title='bbox 142 1517 236 1576; x_wconf 87' lang='lat' dir='ltr'><strong>lumen</strong></span> <span class='ocrx_word' id='word_1_124' title='bbox 263 1512 416 1573; x_wconf 91' lang='lat' dir='ltr'><strong>obscurum</strong></span> <span class='ocrx_word' id='word_1_125' title='bbox 441 1520 565 1589; x_wconf 86' lang='lat' dir='ltr'><strong>propter</strong></span> <span class='ocrx_word' id='word_1_126' title='bbox 585 1514 700 1571; x_wconf 92' lang='lat' dir='ltr'><strong>nimiam</strong></span> <span class='ocrx_word' id='word_1_127' title='bbox 720 1513 956 1591; x_wconf 88' lang='lat' dir='ltr'><strong>pinguitudinem.</strong></span> <span class='ocrx_word' id='word_1_128' title='bbox 989 1514 1062 1573; x_wconf 89' lang='lat' dir='ltr'><strong>folia</strong></span> <span class='ocrx_word' id='word_1_129' title='bbox 1081 1516 1139 1592; x_wconf 84' lang='lat' dir='ltr'><strong>igni</strong></span> <span class='ocrx_word' id='word_1_130' title='bbox 1153 1531 1173 1567; x_wconf 76' lang='lat' dir='ltr'><strong>ia</strong></span> 
     </span>
     <span class='ocr_line' id='line_1_17' title="bbox 142 1595 1141 1673; baseline -0.002 -14"><span class='ocrx_word' id='word_1_131' title='bbox 142 1615 225 1659; x_wconf 91' lang='lat' dir='ltr'><strong>sacro</strong></span> <span class='ocrx_word' id='word_1_132' title='bbox 241 1595 398 1655; x_wconf 90' lang='lat' dir='ltr'><strong>inlinuntur</strong></span> <span class='ocrx_word' id='word_1_133' title='bbox 414 1613 451 1653; x_wconf 89' lang='lat' dir='ltr'><strong>ex</strong></span> <span class='ocrx_word' id='word_1_134' title='bbox 469 1604 553 1655; x_wconf 88' lang='lat' dir='ltr'><strong>aceto</strong></span> <span class='ocrx_word' id='word_1_135' title='bbox 562 1638 572 1672; x_wconf 89' lang='lat'><strong>,</strong></span> <span class='ocrx_word' id='word_1_136' title='bbox 591 1613 646 1673; x_wconf 91' lang='lat' dir='ltr'><strong>per</strong></span> <span class='ocrx_word' id='word_1_137' title='bbox 662 1614 695 1657; x_wconf 90' lang='lat' dir='ltr'><strong>se</strong></span> <span class='ocrx_word' id='word_1_138' title='bbox 711 1604 807 1655; x_wconf 88' lang='lat' dir='ltr'><strong>autem</strong></span> <span class='ocrx_word' id='word_1_139' title='bbox 825 1599 956 1656; x_wconf 91' lang='lat' dir='ltr'><strong>recentia</strong></span> <span class='ocrx_word' id='word_1_140' title='bbox 971 1599 1098 1657; x_wconf 89' lang='lat' dir='ltr'><strong>mammis</strong></span> <span class='ocrx_word' id='word_1_141' title='bbox 1113 1608 1141 1657; x_wconf 92' lang='lat' dir='ltr'><strong>et</strong></span> 
     </span>
     <span class='ocr_line' id='line_1_18' title="bbox 142 1672 1142 1760; baseline -0.001 -18"><span class='ocrx_word' id='word_1_142' title='bbox 142 1681 309 1760; x_wconf 84' lang='lat' dir='ltr'><strong>epiphoris,</strong></span> <span class='ocrx_word' id='word_1_143' title='bbox 333 1678 434 1737; x_wconf 88' lang='lat' dir='ltr'><strong>eadem</strong></span> <span class='ocrx_word' id='word_1_144' title='bbox 452 1672 573 1738; x_wconf 89' lang='lat' dir='ltr'><strong>decocta</strong></span> <span class='ocrx_word' id='word_1_145' title='bbox 595 1682 625 1738; x_wconf 93' lang='lat' dir='ltr'><strong>in</strong></span> <span class='ocrx_word' id='word_1_146' title='bbox 647 1681 715 1739; x_wconf 91' lang='lat' dir='ltr'><strong>vino</strong></span> <span class='ocrx_word' id='word_1_147' title='bbox 730 1678 1000 1741; x_wconf 85' lang='lat' dir='ltr'><strong>inflammationibus</strong></span> <span class='ocrx_word' id='word_1_148' title='bbox 1017 1699 1142 1759; x_wconf 92' lang='lat' dir='ltr'><strong>cumpo-</strong></span> 
     </span>
    </p>

    <p class='ocr_par' dir='ltr' id='par_1_6' title="bbox 57 1763 1115 1843">
     <span class='ocr_line' id='line_1_19' title="bbox 57 1763 1115 1843; baseline -0.002 -18"><span class='ocrx_word' id='word_1_149' title='bbox 57 1826 63 1837; x_wconf 71' lang='lat'><strong>,</strong></span> <span class='ocrx_word' id='word_1_150' title='bbox 140 1766 233 1840; x_wconf 88' lang='lat' dir='ltr'><strong>lenta,</strong></span> <span class='ocrx_word' id='word_1_151' title='bbox 254 1779 361 1838; x_wconf 91' lang='lat' dir='ltr'><strong>croco,</strong></span> <span class='ocrx_word' id='word_1_152' title='bbox 378 1780 432 1841; x_wconf 91' lang='lat' dir='ltr'><strong>per</strong></span> <span class='ocrx_word' id='word_1_153' title='bbox 447 1782 480 1821; x_wconf 90' lang='lat' dir='ltr'><strong>se</strong></span> <span class='ocrx_word' id='word_1_154' title='bbox 499 1772 595 1823; x_wconf 90' lang='lat' dir='ltr'><strong>autem</strong></span> <span class='ocrx_word' id='word_1_155' title='bbox 613 1763 709 1823; x_wconf 92' lang='lat' dir='ltr'><strong>triduo</strong></span> <span class='ocrx_word' id='word_1_156' title='bbox 723 1765 850 1843; x_wconf 90' lang='lat' dir='ltr'><strong>inposita</strong></span> <span class='ocrx_word' id='word_1_157' title='bbox 865 1765 969 1824; x_wconf 90' lang='lat' dir='ltr'><strong>faciem</strong></span> <span class='ocrx_word' id='word_1_158' title='bbox 984 1774 1115 1842; x_wconf 91' lang='lat' dir='ltr'><strong>purgant.</strong></span> 
     </span>
    </p>

    <p class='ocr_par' dir='ltr' id='par_1_7' title="bbox 98 1844 1231 2567">
     <span class='ocr_line' id='line_1_20' title="bbox 98 1844 1231 1926; baseline 0.002 -21"><span class='ocrx_word' id='word_1_159' title='bbox 98 1860 132 1911; x_wconf 76' lang='lat'><strong>85</strong></span> <span class='ocrx_word' id='word_1_160' title='bbox 202 1844 283 1924; x_wconf 83' lang='grc'>(42.)</span> <span class='ocrx_word' id='word_1_161' title='bbox 315 1844 417 1905; x_wconf 90' lang='lat' dir='ltr'><strong>Oleum</strong></span> <span class='ocrx_word' id='word_1_162' title='bbox 434 1847 644 1923; x_wconf 89' lang='lat' dir='ltr'><strong>amygdalinum</strong></span> <span class='ocrx_word' id='word_1_163' title='bbox 658 1857 774 1925; x_wconf 89' lang='lat' dir='ltr'><strong>purgat,</strong></span> <span class='ocrx_word' id='word_1_164' title='bbox 789 1848 883 1907; x_wconf 93' lang='lat' dir='ltr'><strong>mollit</strong></span> <span class='ocrx_word' id='word_1_165' title='bbox 894 1864 1031 1926; x_wconf 87' lang='lat' dir='ltr'><strong>corpora,</strong></span> <span class='ocrx_word' id='word_1_166' title='bbox 1046 1858 1141 1908; x_wconf 91' lang='lat' dir='ltr'><strong>cutem</strong></span> <span class='ocrx_word' id='word_1_167' title='bbox 1229 1859 1231 1922; x_wconf 54' lang='grc' dir='ltr'>ὲ</span> 
     </span>
     <span class='ocr_line' id='line_1_21' title="bbox 141 1930 1176 2007; baseline 0.003 -17"><span class='ocrx_word' id='word_1_168' title='bbox 141 1938 258 2006; x_wconf 88' lang='lat' dir='ltr'><strong>erugat,</strong></span> <span class='ocrx_word' id='word_1_169' title='bbox 283 1930 408 1987; x_wconf 88' lang='lat' dir='ltr'><strong>nitorem</strong></span> <span class='ocrx_word' id='word_1_170' title='bbox 424 1930 621 2007; x_wconf 90' lang='lat' dir='ltr'><strong>commendat,</strong></span> <span class='ocrx_word' id='word_1_171' title='bbox 649 1948 735 1991; x_wconf 84' lang='lat' dir='ltr'><strong>varos</strong></span> <span class='ocrx_word' id='word_1_172' title='bbox 751 1948 814 1991; x_wconf 91' lang='lat' dir='ltr'><strong>cum</strong></span> <span class='ocrx_word' id='word_1_173' title='bbox 827 1931 915 1991; x_wconf 91' lang='lat' dir='ltr'><strong>melle</strong></span> <span class='ocrx_word' id='word_1_174' title='bbox 933 1932 1010 1991; x_wconf 92' lang='lat' dir='ltr'><strong>tollit</strong></span> <span class='ocrx_word' id='word_1_175' title='bbox 1025 1951 1041 1991; x_wconf 90' lang='lat' dir='ltr'><strong>e</strong></span> <span class='ocrx_word' id='word_1_176' title='bbox 1055 1933 1139 1990; x_wconf 85' lang='lat' dir='ltr'><strong>facie.</strong></span> <span class='ocrx_word' id='word_1_177' title='bbox 1150 1957 1176 1993; x_wconf 75' lang='lat' dir='ltr'><strong>ao</strong></span> 
     </span>
     <span class='ocr_line' id='line_1_22' title="bbox 140 2011 1230 2093; baseline 0.002 -22"><span class='ocrx_word' id='word_1_178' title='bbox 140 2011 261 2091; x_wconf 91' lang='lat' dir='ltr'><strong>prodest</strong></span> <span class='ocrx_word' id='word_1_179' title='bbox 290 2019 320 2070; x_wconf 90' lang='lat' dir='ltr'><strong>et</strong></span> <span class='ocrx_word' id='word_1_180' title='bbox 345 2011 463 2070; x_wconf 90' lang='lat' dir='ltr'><strong>auribus</strong></span> <span class='ocrx_word' id='word_1_181' title='bbox 491 2030 554 2071; x_wconf 92' lang='lat' dir='ltr'><strong>cum</strong></span> <span class='ocrx_word' id='word_1_182' title='bbox 580 2031 705 2074; x_wconf 89' lang='lat' dir='ltr'><strong>rosaceo</strong></span> <span class='ocrx_word' id='word_1_183' title='bbox 732 2022 762 2074; x_wconf 90' lang='lat' dir='ltr'><strong>et</strong></span> <span class='ocrx_word' id='word_1_184' title='bbox 786 2015 873 2075; x_wconf 87' lang='lat' dir='ltr'><strong>melle</strong></span> <span class='ocrx_word' id='word_1_185' title='bbox 899 2023 930 2075; x_wconf 90' lang='lat' dir='ltr'><strong>et</strong></span> <span class='ocrx_word' id='word_1_186' title='bbox 956 2015 1021 2074; x_wconf 92' lang='lat' dir='ltr'><strong>mali</strong></span> <span class='ocrx_word' id='word_1_187' title='bbox 1045 2017 1140 2093; x_wconf 90' lang='lat' dir='ltr'><strong>punici</strong></span> <span class='ocrx_word' id='word_1_188' title='bbox 1229 2035 1230 2038; x_wconf 44' lang='lat'>¹</span> 
     </span>
     <span class='ocr_line' id='line_1_23' title="bbox 141 2094 1142 2173; baseline 0.003 -20"><span class='ocrx_word' id='word_1_189' title='bbox 141 2097 267 2171; x_wconf 83' lang='lat' dir='ltr'><strong>tegmine</strong></span> <span class='ocrx_word' id='word_1_190' title='bbox 283 2094 446 2170; x_wconf 89' lang='lat' dir='ltr'><strong>decoctum,</strong></span> <span class='ocrx_word' id='word_1_191' title='bbox 466 2095 699 2172; x_wconf 88' lang='lat' dir='ltr'><strong>vermiculosque</strong></span> <span class='ocrx_word' id='word_1_192' title='bbox 714 2098 744 2155; x_wconf 92' lang='lat' dir='ltr'><strong>in</strong></span> <span class='ocrx_word' id='word_1_193' title='bbox 758 2096 803 2155; x_wconf 91' lang='lat' dir='ltr'><strong>his</strong></span> <span class='ocrx_word' id='word_1_194' title='bbox 820 2106 905 2156; x_wconf 86' lang='lat' dir='ltr'><strong>necat</strong></span> <span class='ocrx_word' id='word_1_195' title='bbox 923 2107 954 2156; x_wconf 87' lang='lat' dir='ltr'><strong>et</strong></span> <span class='ocrx_word' id='word_1_196' title='bbox 968 2100 1142 2173; x_wconf 87' lang='lat' dir='ltr'><strong>gravitatem</strong></span> 
     </span>
     <span class='ocr_line' id='line_1_24' title="bbox 139 2177 1142 2258; baseline 0.004 -22"><span class='ocrx_word' id='word_1_197' title='bbox 139 2177 250 2237; x_wconf 91' lang='lat' dir='ltr'><strong>auditus</strong></span> <span class='ocrx_word' id='word_1_198' title='bbox 277 2178 410 2253; x_wconf 86' lang='lat' dir='ltr'><strong>discutit,</strong></span> <span class='ocrx_word' id='word_1_199' title='bbox 441 2194 530 2238; x_wconf 91' lang='lat' dir='ltr'><strong>sonos</strong></span> <span class='ocrx_word' id='word_1_200' title='bbox 555 2182 685 2237; x_wconf 89' lang='lat' dir='ltr'><strong>incertos</strong></span> <span class='ocrx_word' id='word_1_201' title='bbox 706 2187 736 2237; x_wconf 89' lang='lat' dir='ltr'><strong>et</strong></span> <span class='ocrx_word' id='word_1_202' title='bbox 756 2181 891 2254; x_wconf 86' lang='lat' dir='ltr'><strong>tinnitus,</strong></span> <span class='ocrx_word' id='word_1_203' title='bbox 916 2180 1013 2239; x_wconf 89' lang='lat' dir='ltr'><strong>obiter</strong></span> <span class='ocrx_word' id='word_1_204' title='bbox 1038 2184 1142 2258; x_wconf 91' lang='lat' dir='ltr'><strong>capitis</strong></span> 
     </span>
     <span class='ocr_line' id='line_1_25' title="bbox 139 2260 1143 2324; baseline 0.003 -4"><span class='ocrx_word' id='word_1_205' title='bbox 139 2260 258 2321; x_wconf 88' lang='lat' dir='ltr'><strong>dolores</strong></span> <span class='ocrx_word' id='word_1_206' title='bbox 275 2269 306 2320; x_wconf 91' lang='lat' dir='ltr'><strong>et</strong></span> <span class='ocrx_word' id='word_1_207' title='bbox 322 2260 479 2321; x_wconf 87' lang='lat' dir='ltr'><strong>oculorum.</strong></span> <span class='ocrx_word' id='word_1_208' title='bbox 507 2260 639 2319; x_wconf 89' lang='lat' dir='ltr'><strong>medetur</strong></span> <span class='ocrx_word' id='word_1_209' title='bbox 653 2261 810 2320; x_wconf 89' lang='lat' dir='ltr'><strong>furunculis</strong></span> <span class='ocrx_word' id='word_1_210' title='bbox 830 2270 860 2320; x_wconf 85' lang='lat' dir='ltr'><strong>et</strong></span> <span class='ocrx_word' id='word_1_211' title='bbox 875 2279 892 2320; x_wconf 85' lang='lat' dir='ltr'><strong>a</strong></span> <span class='ocrx_word' id='word_1_212' title='bbox 908 2262 973 2321; x_wconf 91' lang='lat' dir='ltr'><strong>sole</strong></span> <span class='ocrx_word' id='word_1_213' title='bbox 988 2265 1060 2322; x_wconf 86' lang='lat' dir='ltr'><strong>ustis</strong></span> <span class='ocrx_word' id='word_1_214' title='bbox 1078 2283 1143 2324; x_wconf 91' lang='lat' dir='ltr'><strong>cum</strong></span> 
     </span>
     <span class='ocr_line' id='line_1_26' title="bbox 138 2343 1179 2421; baseline 0.002 -20"><span class='ocrx_word' id='word_1_215' title='bbox 138 2361 215 2402; x_wconf 87' lang='lat' dir='ltr'><strong>cera.</strong></span> <span class='ocrx_word' id='word_1_216' title='bbox 246 2344 345 2403; x_wconf 89' lang='lat' dir='ltr'><strong>ulcera</strong></span> <span class='ocrx_word' id='word_1_217' title='bbox 366 2346 508 2404; x_wconf 90' lang='lat' dir='ltr'><strong>manantia</strong></span> <span class='ocrx_word' id='word_1_218' title='bbox 530 2352 560 2403; x_wconf 89' lang='lat' dir='ltr'><strong>et</strong></span> <span class='ocrx_word' id='word_1_219' title='bbox 582 2343 709 2402; x_wconf 92' lang='lat' dir='ltr'><strong>furfures</strong></span> <span class='ocrx_word' id='word_1_220' title='bbox 726 2362 790 2403; x_wconf 92' lang='lat' dir='ltr'><strong>cum</strong></span> <span class='ocrx_word' id='word_1_221' title='bbox 806 2347 875 2403; x_wconf 87' lang='lat' dir='ltr'><strong>vino</strong></span> <span class='ocrx_word' id='word_1_222' title='bbox 895 2354 1054 2421; x_wconf 85' lang='lat' dir='ltr'><strong>expurgat,</strong></span> <span class='ocrx_word' id='word_1_223' title='bbox 1073 2363 1179 2406; x_wconf 78' lang='lat' dir='ltr'><strong>con-rs</strong></span> 
     </span>
     <span class='ocr_line' id='line_1_27' title="bbox 138 2425 1143 2506; baseline 0.003 -22"><span class='ocrx_word' id='word_1_224' title='bbox 138 2425 282 2501; x_wconf 88' lang='lat' dir='ltr'><strong>dylomata</strong></span> <span class='ocrx_word' id='word_1_225' title='bbox 299 2446 362 2487; x_wconf 92' lang='lat' dir='ltr'><strong>cum</strong></span> <span class='ocrx_word' id='word_1_226' title='bbox 383 2427 523 2488; x_wconf 88' lang='lat' dir='ltr'><strong>meliloto.</strong></span> <span class='ocrx_word' id='word_1_227' title='bbox 558 2444 612 2504; x_wconf 89' lang='lat' dir='ltr'><strong>pcr</strong></span> <span class='ocrx_word' id='word_1_228' title='bbox 636 2445 669 2486; x_wconf 92' lang='lat' dir='ltr'><strong>se</strong></span> <span class='ocrx_word' id='word_1_229' title='bbox 689 2444 762 2486; x_wconf 90' lang='lat' dir='ltr'><strong>vero</strong></span> <span class='ocrx_word' id='word_1_230' title='bbox 783 2430 870 2506; x_wconf 90' lang='lat' dir='ltr'><strong>capiti</strong></span> <span class='ocrx_word' id='word_1_231' title='bbox 886 2428 997 2487; x_wconf 92' lang='lat' dir='ltr'><strong>inlitum</strong></span> <span class='ocrx_word' id='word_1_232' title='bbox 1011 2446 1143 2487; x_wconf 90' lang='lat' dir='ltr'><strong>somnum</strong></span> 
     </span>
     <span class='ocr_line' id='line_1_28' title="bbox 138 2508 244 2567; baseline 0 0"><span class='ocrx_word' id='word_1_233' title='bbox 138 2508 244 2567; x_wconf 88' lang='lat' dir='ltr'><strong>adlicit.</strong></span> 
     </span>
    </p>

    <p class='ocr_par' dir='ltr' id='par_1_8' title="bbox 96 2592 1182 2923">
     <span class='ocr_line' id='line_1_29' title="bbox 96 2592 1143 2671; baseline 0 -16"><span class='ocrx_word' id='word_1_234' title='bbox 96 2602 130 2655; x_wconf 87' lang='grc'><strong>86</strong></span> <span class='ocrx_word' id='word_1_235' title='bbox 205 2593 286 2671; x_wconf 91' lang='grc'>(43.)</span> <span class='ocrx_word' id='word_1_236' title='bbox 317 2592 419 2652; x_wconf 90' lang='lat' dir='ltr'><strong>Oleum</strong></span> <span class='ocrx_word' id='word_1_237' title='bbox 434 2593 573 2653; x_wconf 89' lang='lat' dir='ltr'><strong>laurinum</strong></span> <span class='ocrx_word' id='word_1_238' title='bbox 589 2594 688 2653; x_wconf 89' lang='lat' dir='ltr'><strong>utilius</strong></span> <span class='ocrx_word' id='word_1_239' title='bbox 705 2611 763 2671; x_wconf 92' lang='lat' dir='ltr'><strong>quo</strong></span> <span class='ocrx_word' id='word_1_240' title='bbox 779 2596 926 2654; x_wconf 88' lang='lat' dir='ltr'><strong>recentius</strong></span> <span class='ocrx_word' id='word_1_241' title='bbox 943 2611 1058 2671; x_wconf 92' lang='lat' dir='ltr'><strong>quoque</strong></span> <span class='ocrx_word' id='word_1_242' title='bbox 1072 2598 1143 2655; x_wconf 89' lang='lat' dir='ltr'><strong>viri-</strong></span> 
     </span>
     <span class='ocr_line' id='line_1_30' title="bbox 138 2671 1143 2756; baseline 0.003 -22"><span class='ocrx_word' id='word_1_243' title='bbox 138 2675 202 2736; x_wconf 91' lang='lat' dir='ltr'><strong>dius</strong></span> <span class='ocrx_word' id='word_1_244' title='bbox 219 2676 329 2736; x_wconf 89' lang='lat' dir='ltr'><strong>colore.</strong></span> <span class='ocrx_word' id='word_1_245' title='bbox 358 2679 403 2736; x_wconf 91' lang='lat' dir='ltr'><strong>vis</strong></span> <span class='ocrx_word' id='word_1_246' title='bbox 420 2680 482 2737; x_wconf 88' lang='lat' dir='ltr'><strong>eius</strong></span> <span class='ocrx_word' id='word_1_247' title='bbox 500 2676 722 2753; x_wconf 87' lang='lat' dir='ltr'><strong>excalfactoria,</strong></span> <span class='ocrx_word' id='word_1_248' title='bbox 742 2685 773 2736; x_wconf 91' lang='lat' dir='ltr'><strong>et</strong></span> <span class='ocrx_word' id='word_1_249' title='bbox 789 2677 857 2737; x_wconf 90' lang='lat' dir='ltr'><strong>ideo</strong></span> <span class='ocrx_word' id='word_1_250' title='bbox 874 2677 1059 2754; x_wconf 75' lang='lat' dir='ltr'><strong>paralyticis,</strong></span> <span class='ocrx_word' id='word_1_251' title='bbox 1075 2671 1143 2756; x_wconf 91' lang='lat' dir='ltr'><strong>spa-</strong></span> 
     </span>
     <span class='ocr_line' id='line_1_31' title="bbox 139 2759 1182 2839; baseline 0.001 -20"><span class='ocrx_word' id='word_1_252' title='bbox 139 2761 240 2836; x_wconf 91' lang='lat' dir='ltr'><strong>sticis,</strong></span> <span class='ocrx_word' id='word_1_253' title='bbox 262 2759 446 2838; x_wconf 88' lang='lat' dir='ltr'><strong>ischiadicis,</strong></span> <span class='ocrx_word' id='word_1_254' title='bbox 468 2761 648 2839; x_wconf 84' lang='lat' dir='ltr'><strong>suggillatis,</strong></span> <span class='ocrx_word' id='word_1_255' title='bbox 663 2762 767 2839; x_wconf 92' lang='lat' dir='ltr'><strong>capitis</strong></span> <span class='ocrx_word' id='word_1_256' title='bbox 784 2760 951 2837; x_wconf 89' lang='lat' dir='ltr'><strong>doloribus,</strong></span> <span class='ocrx_word' id='word_1_257' title='bbox 967 2763 1142 2821; x_wconf 84' lang='lat' dir='ltr'><strong>inveteratis</strong></span> <span class='ocrx_word' id='word_1_258' title='bbox 1152 2781 1182 2820; x_wconf 89' lang='lat' dir='ltr'><strong>ao</strong></span> 
     </span>
     <span class='ocr_line' id='line_1_32' title="bbox 139 2843 1141 2923; baseline 0.002 -21"><span class='ocrx_word' id='word_1_259' title='bbox 139 2843 400 2921; x_wconf 86' lang='lat' dir='ltr'><strong>destillationibus,</strong></span> <span class='ocrx_word' id='word_1_260' title='bbox 422 2846 537 2904; x_wconf 90' lang='lat' dir='ltr'><strong>auribus</strong></span> <span class='ocrx_word' id='word_1_261' title='bbox 559 2848 587 2904; x_wconf 92' lang='lat' dir='ltr'><strong>in</strong></span> <span class='ocrx_word' id='word_1_262' title='bbox 610 2845 710 2921; x_wconf 87' lang='lat' dir='ltr'><strong>calyce</strong></span> <span class='ocrx_word' id='word_1_263' title='bbox 727 2846 822 2923; x_wconf 86' lang='lat' dir='ltr'><strong>punici</strong></span> <span class='ocrx_word' id='word_1_264' title='bbox 840 2846 990 2905; x_wconf 91' lang='lat' dir='ltr'><strong>calfactum</strong></span> <span class='ocrx_word' id='word_1_265' title='bbox 1001 2845 1141 2904; x_wconf 88' lang='lat' dir='ltr'><strong>inlinitur.</strong></span> 
     </span>
    </p>

    <p class='ocr_par' dir='ltr' id='par_1_9' title="bbox 98 2926 1198 3509">
     <span class='ocr_line' id='line_1_33' title="bbox 98 2926 1143 3006; baseline -0.003 -16"><span class='ocrx_word' id='word_1_266' title='bbox 98 2934 131 2990; x_wconf 85' lang='lat' dir='ltr'><strong>8‘l</strong></span> <span class='ocrx_word' id='word_1_267' title='bbox 205 2928 286 3006; x_wconf 89' lang='grc'>(44.)</span> <span class='ocrx_word' id='word_1_268' title='bbox 322 2926 429 2988; x_wconf 88' lang='lat' dir='ltr'><strong>Similis</strong></span> <span class='ocrx_word' id='word_1_269' title='bbox 454 2936 485 2987; x_wconf 89' lang='lat' dir='ltr'><strong>et</strong></span> <span class='ocrx_word' id='word_1_270' title='bbox 503 2930 607 3004; x_wconf 78' lang='lat' dir='ltr'><strong>myrtei</strong></span> <span class='ocrx_word' id='word_1_271' title='bbox 630 2929 689 2987; x_wconf 90' lang='lat' dir='ltr'><strong>olei</strong></span> <span class='ocrx_word' id='word_1_272' title='bbox 711 2930 794 2989; x_wconf 89' lang='lat' dir='ltr'><strong>ratio.</strong></span> <span class='ocrx_word' id='word_1_273' title='bbox 817 2930 985 3005; x_wconf 85' lang='lat' dir='ltr'><strong>adstringit,</strong></span> <span class='ocrx_word' id='word_1_274' title='bbox 1009 2928 1143 3003; x_wconf 86' lang='lat' dir='ltr'><strong>indurat,</strong></span> 
     </span>
     <span class='ocr_line' id='line_1_34' title="bbox 140 3012 1144 3089; baseline 0 -20"><span class='ocrx_word' id='word_1_275' title='bbox 140 3012 272 3073; x_wconf 85' lang='lat' dir='ltr'><strong>medetur</strong></span> <span class='ocrx_word' id='word_1_276' title='bbox 292 3012 436 3088; x_wconf 89' lang='lat' dir='ltr'><strong>gingivis,</strong></span> <span class='ocrx_word' id='word_1_277' title='bbox 464 3012 591 3072; x_wconf 93' lang='lat' dir='ltr'><strong>dentium</strong></span> <span class='ocrx_word' id='word_1_278' title='bbox 612 3012 726 3089; x_wconf 92' lang='lat' dir='ltr'><strong>dolori,</strong></span> <span class='ocrx_word' id='word_1_279' title='bbox 752 3012 946 3089; x_wconf 76' lang='lat' dir='ltr'><strong>dysinteriae,</strong></span> <span class='ocrx_word' id='word_1_280' title='bbox 970 3012 1074 3071; x_wconf 87' lang='lat' dir='ltr'><strong>volvae</strong></span> <span class='ocrx_word' id='word_1_281' title='bbox 1089 3028 1144 3069; x_wconf 86' lang='lat' dir='ltr'><strong>ox-</strong></span> 
     </span>
     <span class='ocr_line' id='line_1_35' title="bbox 139 3093 1144 3172; baseline -0.002 -19"><span class='ocrx_word' id='word_1_282' title='bbox 139 3095 303 3171; x_wconf 91' lang='lat' dir='ltr'><strong>ulceratae,</strong></span> <span class='ocrx_word' id='word_1_283' title='bbox 329 3098 455 3172; x_wconf 87' lang='lat' dir='ltr'><strong>vesicis,</strong></span> <span class='ocrx_word' id='word_1_284' title='bbox 484 3095 630 3154; x_wconf 90' lang='lat' dir='ltr'><strong>ulceribus</strong></span> <span class='ocrx_word' id='word_1_285' title='bbox 658 3097 780 3154; x_wconf 89' lang='lat' dir='ltr'><strong>vetustis</strong></span> <span class='ocrx_word' id='word_1_286' title='bbox 806 3095 855 3154; x_wconf 82' lang='lat' dir='ltr'><strong>vel</strong></span> <span class='ocrx_word' id='word_1_287' title='bbox 877 3093 1054 3155; x_wconf 90' lang='lat' dir='ltr'><strong>manantibus</strong></span> <span class='ocrx_word' id='word_1_288' title='bbox 1075 3110 1144 3153; x_wconf 92' lang='lat' dir='ltr'><strong>cum</strong></span> 
     </span>
     <span class='ocr_line' id='line_1_36' title="bbox 141 3176 1198 3256; baseline -0.006 -18"><span class='ocrx_word' id='word_1_289' title='bbox 141 3196 257 3255; x_wconf 88' lang='lat' dir='ltr'><strong>squama</strong></span> <span class='ocrx_word' id='word_1_290' title='bbox 272 3180 348 3238; x_wconf 89' lang='lat' dir='ltr'><strong>aeris</strong></span> <span class='ocrx_word' id='word_1_291' title='bbox 365 3187 395 3238; x_wconf 91' lang='lat' dir='ltr'><strong>et</strong></span> <span class='ocrx_word' id='word_1_292' title='bbox 412 3197 494 3255; x_wconf 90' lang='lat' dir='ltr'><strong>cera,</strong></span> <span class='ocrx_word' id='word_1_293' title='bbox 511 3180 580 3238; x_wconf 89' lang='lat' dir='ltr'><strong>item</strong></span> <span class='ocrx_word' id='word_1_294' title='bbox 597 3179 814 3256; x_wconf 87' lang='lat' dir='ltr'><strong>eruptionibus,</strong></span> <span class='ocrx_word' id='word_1_295' title='bbox 829 3176 1064 3237; x_wconf 91' lang='lat' dir='ltr'><strong>ambustionibos.</strong></span> <span class='ocrx_word' id='word_1_296' title='bbox 1098 3185 1198 3235; x_wconf 72' lang='lat' dir='ltr'><strong>at-ss·</strong></span> 
     </span>
     <span class='ocr_line' id='line_1_37' title="bbox 141 3259 1143 3340; baseline 0 -21"><span class='ocrx_word' id='word_1_297' title='bbox 141 3263 207 3321; x_wconf 91' lang='lat' dir='ltr'><strong>trita</strong></span> <span class='ocrx_word' id='word_1_298' title='bbox 223 3270 304 3320; x_wconf 91' lang='lat' dir='ltr'><strong>sanat</strong></span> <span class='ocrx_word' id='word_1_299' title='bbox 320 3270 350 3321; x_wconf 89' lang='lat' dir='ltr'><strong>et</strong></span> <span class='ocrx_word' id='word_1_300' title='bbox 363 3263 502 3339; x_wconf 90' lang='lat' dir='ltr'><strong>furfures,</strong></span> <span class='ocrx_word' id='word_1_301' title='bbox 517 3261 669 3340; x_wconf 89' lang='lat' dir='ltr'><strong>rhagadas,</strong></span> <span class='ocrx_word' id='word_1_302' title='bbox 684 3261 894 3336; x_wconf 90' lang='lat' dir='ltr'><strong>condylomata,</strong></span> <span class='ocrx_word' id='word_1_303' title='bbox 910 3260 1046 3321; x_wconf 85' lang='lat' dir='ltr'><strong>articulos</strong></span> <span class='ocrx_word' id='word_1_304' title='bbox 1058 3259 1143 3319; x_wconf 81' lang='lat' dir='ltr'><strong>luxa-</strong></span> 
     </span>
     <span class='ocr_line' id='line_1_38' title="bbox 141 3343 1143 3425; baseline -0.003 -21"><span class='ocrx_word' id='word_1_305' title='bbox 141 3354 200 3421; x_wconf 86' lang='lat' dir='ltr'><strong>tos,</strong></span> <span class='ocrx_word' id='word_1_306' title='bbox 217 3344 336 3405; x_wconf 86' lang='lat' dir='ltr'><strong>odorem</strong></span> <span class='ocrx_word' id='word_1_307' title='bbox 345 3364 465 3423; x_wconf 81' lang='lat' dir='ltr'><strong>gravem</strong></span> <span class='ocrx_word' id='word_1_308' title='bbox 475 3347 617 3425; x_wconf 87' lang='lat' dir='ltr'><strong>corporis.</strong></span> <span class='ocrx_word' id='word_1_309' title='bbox 645 3344 814 3405; x_wconf 87' lang='lat' dir='ltr'><strong>adversatur</strong></span> <span class='ocrx_word' id='word_1_310' title='bbox 824 3343 992 3419; x_wconf 87' lang='lat' dir='ltr'><strong>cantharidi,</strong></span> <span class='ocrx_word' id='word_1_311' title='bbox 1004 3343 1143 3420; x_wconf 91' lang='lat' dir='ltr'><strong>bupresti</strong></span> 
     </span>
     <span class='ocr_line' id='line_1_39' title="bbox 143 3427 1017 3509; baseline 0 -23"><span class='ocrx_word' id='word_1_312' title='bbox 143 3428 264 3507; x_wconf 89' lang='lat' dir='ltr'><strong>aliisque</strong></span> <span class='ocrx_word' id='word_1_313' title='bbox 277 3430 358 3490; x_wconf 89' lang='lat' dir='ltr'><strong>malis</strong></span> <span class='ocrx_word' id='word_1_314' title='bbox 373 3431 588 3491; x_wconf 86' lang='lat' dir='ltr'><strong>medicamentis</strong></span> <span class='ocrx_word' id='word_1_315' title='bbox 605 3446 679 3509; x_wconf 90' lang='lat' dir='ltr'><strong>quae</strong></span> <span class='ocrx_word' id='word_1_316' title='bbox 694 3427 888 3490; x_wconf 86' lang='lat' dir='ltr'><strong>exulcerando</strong></span> <span class='ocrx_word' id='word_1_317' title='bbox 902 3435 1017 3488; x_wconf 89' lang='lat' dir='ltr'><strong>nocent.</strong></span> 
     </span>
    </p>
   </div>
   <div class='ocr_carea' id='block_1_3' title="bbox 0 0 1246 3817">
    <p class='ocr_par' dir='ltr' id='par_1_10' title="bbox 0 0 1246 3817">
     <span class='ocr_line' id='line_1_40' title="bbox 0 0 1246 3817; baseline 0 0"><span class='ocrx_word' id='word_1_318' title='bbox 0 0 1246 3817; x_wconf 95' lang='lat' dir='ltr'><strong> </strong></span> 
     </span>
    </p>
   </div>
  </div>
 </body>
</html>
