2484 3817
176 180 236 245 176
516 194 658 245 comm
676 194 827 245 soccum
937 180 942 195 ‘

174 348 229 409 sita
240 363 356 409 menses
372 342 439 409 ciet.
464 357 579 428 optuma
590 366 665 427 quae
678 348 877 411 candidissima
891 357 922 409 et
936 346 1057 409 friabilis
1071 348 1160 407 miuu-

173 448 279 509 mcqoe
297 432 471 511 ponderosa,
490 451 553 492 cum
567 441 677 493 teratur
693 434 768 493 iuter
783 432 905 509 digitos,
920 432 1161 493 fermentercens.

133 526 186 579 110
195 513 341 575 lavaturot
352 532 480 579 cerussa.
494 515 655 575 adulterant
663 516 757 591 amylo
770 523 817 575 aut
826 515 956 591 Cimolia,
967 515 1020 576 sed
1031 531 1161 573 maxume

174 605 352 659 ammarum
362 598 435 675 floro
449 616 527 678 quoa
540 607 642 676 captos
658 616 746 673 oryza
761 607 867 659 tantum
882 606 1011 676 pascunt.
1033 598 1104 659 felle
1120 598 1161 655 in-

120 681 131 722 l
174 682 268 741 nnctm
279 681 372 742 oculis
386 700 423 741 ex
437 681 523 741 melle
538 690 639 742 contra
656 682 839 742 subfusiones
853 681 923 741 nibil
939 682 1034 741 utilius
1049 680 1187 759 praedi-a

134 766 138 778 '
175 771 250 824 caut.
280 765 421 824 intestinis
430 772 464 824 et
478 765 592 841 reliquo
608 782 735 843 corpore
752 767 813 825 eius
829 766 918 825 soiliri
930 765 1015 823 volva
1029 763 1163 825 laboran-

173 848 211 908 tia
227 845 352 908 salutare
368 847 496 923 madunt,
518 850 586 905 itero
601 847 760 908 velleribus
781 848 947 908 circumdari
963 864 1073 924 vapore
1089 848 1164 907 eius-

153 930 240 991 dem
258 930 382 989 iniectis.
415 931 476 990 cori
494 932 641 1009 utriusque
663 934 734 991 cinis
756 950 793 991 ex
819 940 902 991 aceto
922 931 1018 990 inlitus
1039 931 1083 989 his
1099 947 1163 1007 par·

173 1013 251 1073 tibus
266 1028 338 1091 quas
357 1014 451 1072 secari
470 1030 543 1091 opus
564 1016 601 1073 sit
623 1023 671 1073 aut
685 1014 770 1073 nidor
787 1015 905 1074 aremuli
921 1032 1035 1073 sensum
1051 1030 1165 1073 omnem

132 1108 184 1163 lll
196 1096 329 1173 scalpelli
348 1095 451 1155 aufert.
483 1098 601 1173 sanguia
624 1099 770 1175 utriusque
799 1098 955 1157 claritatem
976 1098 1055 1157 visus
1083 1098 1201 1156 ioum-ro

175 1181 231 1239 ctis
251 1177 338 1237 donat
356 1179 559 1239 et⁴cioatrices
583 1180 731 1239 oculorum
759 1181 900 1241 emendat.
943 1198 1050 1257 corpus
1070 1181 1165 1258 ipsum

175 1269 302 1338 excepto
324 1262 419 1338 capite
435 1262 615 1341 pedibusque
637 1265 742 1323 elixum
762 1264 902 1323 manditur
918 1264 1084 1324 ischiadicis
1105 1272 1165 1322 tus-

175 1346 286 1420 simque
300 1353 428 1403 veterem
445 1354 539 1422 sanat,
558 1350 715 1426 praecipue
738 1350 896 1427 inpactis,
918 1349 987 1407 item
1002 1346 1166 1407 lumborum

174 1425 306 1485 dolores.
342 1426 449 1489 habent
475 1438 505 1488 et
530 1430 644 1508 adipem
670 1448 727 1508 quo
756 1439 848 1491 tactus
870 1431 945 1508 pilus
968 1430 1074 1489 debuit.
1116 1428 1167 1489 bic

175 1517 365 1587 perunctosa
391 1511 547 1571 crocodilis
563 1521 675 1587 tuetur,
697 1513 908 1592 instillaturque
926 1513 1079 1573 morsibus.
1111 1528 1203 1573 corsa

174 1590 316 1651 adnexum
331 1593 360 1652 iu
375 1594 439 1654 lana
451 1596 516 1654 oris
529 1597 629 1671 nigrae
645 1596 691 1655 cui
707 1598 801 1657 nuilus
816 1597 887 1655 alius
903 1596 986 1656 colos
1000 1598 1167 1656 incursare·

174 1676 213 1734 rit
229 1683 258 1734 et
273 1677 366 1754 primo
383 1688 465 1756 partu
479 1680 595 1755 genitae
612 1690 764 1756 quartanas
779 1679 899 1756 abigere
922 1680 1032 1740 dicitur.

133 1767 186 1821 lli
246 1758 329 1838 (29.)
351 1760 505 1838 iungemus
517 1761 575 1821 illis
588 1763 728 1825 simillima
745 1772 774 1823 et
785 1765 939 1841 peregriua
954 1781 1045 1840 aeque
1060 1763 1166 1821 anima-

174 1841 222 1918 lia,
236 1842 373 1920 priusque
385 1844 618 1905 chamaeleonem
635 1848 771 1924 peculiari
785 1847 927 1906 volumine
939 1846 1052 1923 dignum
1067 1847 1166 1905 existi·

174 1933 278 1983 matum
292 1924 459 1987 Democrito
480 1944 516 1987 ac
536 1947 590 2009 per
604 1930 716 2005 singula
736 1930 863 1990 membra
884 1930 1080 2002 desacratum,
1106 1946 1202 1991 nonan

175 2008 238 2066 sine
252 2025 356 2084 magua
372 2010 519 2088 voluptate
542 2020 640 2071 nostra
663 2014 786 2089 cognitis
809 2013 988 2092 proditisque
1008 2012 1167 2073 mendaciis

175 2089 305 2150 Graecae
317 2093 457 2151 vanitatis.
480 2094 579 2153 similis
595 2104 625 2154 et
638 2096 832 2171 maguitudino
843 2104 887 2155 est
902 2113 988 2174 supra
1005 2096 1081 2156 dicto
1099 2113 1165 2155 cro·

176 2173 284 2248 codilo,
299 2176 400 2251 spinae
418 2184 524 2235 tautum
539 2180 668 2237 acutiore
684 2188 834 2240 curvatura
858 2187 887 2238 et
909 2179 1017 2239 caudae
1033 2178 1166 2257 amplitu-

134 2266 186 2319 113
196 2254 262 2314 diue
285 2257 401 2317 distans.
432 2259 537 2318 nullum
560 2261 663 2320 animal
689 2263 818 2338 pavidius
839 2264 1015 2321 existimatur
1042 2270 1070 2321 et
1095 2262 1166 2321 ideo

175 2339 365 2399 versicoloris
387 2359 456 2401 esse
471 2344 642 2402 mutationis.
677 2344 721 2403 vis
744 2347 804 2404 eius
824 2362 953 2405 maxuma
970 2354 1069 2405 contra
1083 2346 1163 2405 acci·
1175 2369 1202 2409 aa

175 2422 278 2499 pitmm
292 2439 395 2498 genus.
424 2424 578 2484 detrahere
594 2428 668 2486 euim
682 2428 914 2505 supervolantem
935 2428 970 2487 ad
991 2447 1023 2487 se
1044 2428 1166 2487 traditur

174 2512 205 2562 et
218 2506 407 2565 voluntarium
421 2507 565 2584 praehere
584 2509 766 2570 lacerandum
787 2514 893 2572 ceteris
912 2511 1087 2571 animalibus.
1116 2527 1165 2570 ca·

175 2597 226 2664 put
241 2590 303 2646 eius
319 2596 348 2647 et
364 2599 469 2666 guttur,
486 2592 510 2649 si
524 2591 658 2651 roboreis
674 2593 759 2669 lignis
772 2596 973 2670 accendantur,
988 2595 1119 2654 imbrium
1135 2603 1168 2655 et

174 2672 327 2729 tonitmom
349 2689 507 2734 concursus
529 2673 629 2734 iacere
655 2675 837 2738 Democritus
859 2687 969 2752 narrat,
994 2679 1060 2737 item
1082 2679 1168 2739 iocur

134 2756 225 2816 litia
240 2754 346 2830 tegulis
361 2766 462 2815 ustum.
491 2758 602 2836 reliqua
623 2759 658 2818 ad
673 2762 812 2820 venalicia
830 2761 1000 2839 pertinentia
1023 2778 1096 2838 quae
1122 2760 1204 2821 diso

176 2837 231 2911 cit,
256 2854 425 2916 quamquam
444 2841 517 2900 iaisa
539 2844 750 2921 existimantes,
775 2847 934 2904 omittamus
962 2854 1167 2923 praeterquam

174 2919 223 2978 uhi
237 2920 325 2979 iurisu
342 2932 550 2999 coarguantur:
574 2926 677 2986 dextro
693 2928 796 3004 oculo,
818 2930 841 2986 si
858 2929 965 2987 viventi
981 2936 1107 3002 eruatur,
1124 2927 1166 2985 ai·

175 3000 298 3079 huqiues
315 3006 466 3067 ocolomm
480 3024 543 3065 cum
562 3008 637 3069 lacte
654 3011 771 3087 caprino
789 3010 869 3086 tolli,
891 3010 986 3086 lingua
1008 3009 1167 3086 adalligata

175 3086 304 3161 pericula
321 3091 467 3168 puerperi.
497 3090 618 3151 eundem
634 3093 784 3152 salutarem
798 3111 864 3152 esse
881 3093 1122 3172 parturientibus,
1140 3098 1167 3154 ai

176 3168 213 3226 sit
233 3168 323 3242 domi,
347 3173 372 3230 si
386 3189 464 3231 vvero
484 3174 638 3251 inferatur,
657 3177 939 3252 perniciosissimum.
971 3176 1112 3253 linguam,
1137 3180 1164 3237 si
1176 3198 1205 3239 aa

174 3249 280 3311 viventi
295 3253 428 3332 adempta
443 3258 493 3332 sit,
517 3258 552 3317 ad
569 3258 735 3323 iudiciorum
751 3268 871 3319 euentus
886 3258 1015 3339 pollere,
1037 3276 1091 3319 cor
1112 3261 1166 3320 ad-

134 3342 184 3395 115
192 3350 295 3394 versus
310 3347 461 3416 quartanas
475 3341 621 3417 inligatum
637 3342 700 3403 lana
716 3344 797 3419 nigra
812 3344 920 3421 primae
935 3351 1080 3402 tonsurae.
1111 3362 1165 3422 pe·

175 3415 271 3479 deme
290 3422 434 3499 prioribus
451 3424 582 3485 dextrum
597 3424 726 3500 hyaenae
744 3426 821 3505 pelle
844 3426 1024 3503 adalligatum
1045 3426 1166 3487 sinistro
