2484 3817
327 224 407 272 nnn.
426 220 713 274 HisT.xx111.7.8.
731 215 886 293 (rs-tt.)
1067 214 1109 276 aa

110 375 155 436 his
171 385 276 436 contra
290 377 528 439 vehementiores
540 380 680 440 stomachi
689 383 825 441 rosiones
836 385 998 442 cucumeris
1009 396 1111 441 sennen

112 468 141 519 et
156 477 244 519 sucus
268 461 453 538 porcillacae.
478 465 551 523 item
570 464 605 523 ad
628 466 746 524 vesicae
769 465 867 525 ulcera
885 474 916 525 et
932 468 1024 541 renis,
1039 481 1110 542 quo-

111 545 186 602 niam
203 551 233 602 et
249 547 359 603 urinam
371 547 459 605 cient.

175 627 260 705 (75.)
290 626 468 705 hmygdnlae
489 645 602 690 amarae
622 631 749 690 radicum
771 631 922 690 decoctum
944 639 1039 691 meur
1059 635 1090 690 iu
1102 642 1153 694 144

90 712 187 770 siacie
209 713 334 787 corrigit
353 711 541 790 coloremque
556 713 723 774 hilariorem
738 715 817 772 ihcit.
831 730 922 773 nuces
937 717 1019 791 ipsae
1035 733 1111 774 som-

113 811 177 852 num
195 793 306 853 iaciunt
327 795 555 873 sterilitatem,
582 799 692 857 umnam
703 805 738 857 et
750 812 869 856 meuses
887 799 974 857 ment.
1007 799 1110 876 cupitis

113 877 207 936 dolori
223 877 383 936 inlinuntur
392 888 583 958 ummmeque
594 882 624 939 in
635 881 756 957 iebri,si
768 880 804 939 ab
816 879 975 956 ebrietate,
983 883 1014 940 iu
1025 889 1110 940 nocto

114 967 143 1020 ct
156 977 285 1019 rosaceo
298 969 328 1020 et
339 961 429 1038 aquae'
438 966 578 1023 summio.
596 973 627 1023 et
641 965 810 1040 sanguinem
826 964 932 1022 sistunt
941 979 1006 1022 earn
1016 963 1111 1039 amylo

113 1051 143 1103 et
164 1052 281 1120 menta,
301 1043 471 1122 lethargicis
494 1051 525 1105 ei
542 1047 736 1106 comitialibus
763 1054 895 1126 prosunt.
929 1047 1026 1123 capite
1044 1063 1111 1123 per·

82 1135 200 1186 inuncto
218 1127 399 1204 epinyctidas
408 1137 528 1206 sanant,
545 1149 561 1190 e
577 1133 645 1189 vino
660 1139 765 1190 vetere
783 1130 883 1188 nloma
902 1132 1111 1207 putrescentia,

112 1225 214 1270 canum
227 1220 343 1271 morsus
361 1221 425 1270 cum
438 1212 524 1272 melle
540 1217 571 1272 et
584 1213 712 1273 furfures
725 1230 763 1272 ex
779 1214 853 1272 iaoie
867 1222 934 1272 aute
949 1214 1013 1273 iotu
1028 1230 1113 1290 prae-

111 1302 231 1373 parata,
250 1295 321 1353 item
334 1296 473 1354 iocineris
490 1303 520 1354 et
534 1299 648 1356 renium
663 1297 784 1356 dolores
803 1313 842 1356 ex
854 1313 929 1374 aqua
949 1306 1060 1375 potae,
1081 1303 1113 1356 et

113 1395 203 1456 saepe
220 1395 260 1436 ex
275 1377 428 1455 ecligmate
441 1392 508 1437 cum
526 1381 624 1439 resina
645 1380 848 1440 terebinthina.
881 1380 1040 1440 calculosis
1062 1387 1094 1440 et
1105 1390 1155 1443 let

113 1458 222 1520 diiiicili
243 1463 342 1520 urinae
360 1463 391 1520 in
402 1479 490 1539 passo
505 1471 539 1523 et
547 1463 587 1522 'ati
595 1465 774 1541 purgandam
785 1472 880 1523 eutem
895 1465 927 1523 iu
937 1481 1011 1542 aqua
1018 1463 1112 1522 uulsa

82 1547 199 1604 stritae
225 1551 293 1603 snut
310 1543 455 1604 elbeaces.
484 1555 610 1624 prosunt
635 1548 789 1624 ecligmate
811 1548 950 1625 iocineri,
977 1548 1053 1606 tussi
1082 1554 1113 1605 ct

112 1627 178 1688 eolo
200 1645 265 1687 cum
278 1627 459 1705 elelisphaco
473 1629 586 1690 modice
601 1631 707 1690 addito.
739 1630 871 1690 iumelle
890 1633 1012 1689 sumitur
1031 1631 1113 1688 uncis

112 1711 265 1771 abellanae
279 1711 454 1788 magnitudo.
487 1715 565 1772 aiunt
577 1716 673 1790 quinis
688 1714 752 1773 iere
773 1715 969 1790 praesumptis
986 1712 1112 1772 ebrieta-

15 1817 16 1824 ¹
114 1803 173 1853 tem
187 1811 245 1854 nou
265 1797 377 1854 sentire
393 1803 534 1872 potores,
549 1796 722 1874 culpisque,
737 1798 762 1854 si
777 1795 894 1854 ederint
909 1812 959 1854 eas
973 1811 1030 1853 uec
1044 1811 1113 1854 coa-

15 1869 17 1912 t
116 1879 207 1953 tingat
223 1880 352 1938 ericino
364 1895 464 1954 aquam
478 1878 625 1955 lambere,
641 1880 723 1938 mori.
757 1880 851 1937 minus
866 1877 964 1938 valent
976 1880 1007 1936 iu
1020 1894 1113 1936 reme·

83 1959 174 2018 sociiis
195 1960 308 2038 dulces,
331 1970 361 2020 et
376 1961 430 2021 bae
453 1970 549 2022 tamen
569 1970 712 2041 purgant,
732 1963 941 2022 urinamcient.
975 1969 1112 2020 recentes
1184 2033 1196 2042 ἱ

120 2043 290 2103 stomachum
306 2044 427 2122 inplent.

179 2127 258 2206 (76.)
287 2125 418 2188 Nucibus
446 2127 564 2188 Graecis
591 2145 655 2188 oum
669 2127 795 2189 absinthi
814 2129 926 2188 semine
947 2145 986 2188 ex
1007 2135 1093 2187 aceto
1103 2137 1156 2191 146

117 2213 236 2290 sumptis
253 2211 372 2271 morbus
389 2215 488 2289 regius
504 2215 596 2272 sanari
618 2213 740 2289 dieitur,
762 2213 867 2272 iisdem
890 2211 980 2271 inlitis
1002 2228 1058 2289 per
1079 2229 1112 2270 se

115 2297 185 2353 vitia
201 2294 279 2354 sedis
297 2304 328 2355 et
343 2297 477 2373 privatim
493 2296 707 2374 condylomata,
720 2298 791 2356 item
805 2297 895 2356 tussis
909 2305 942 2356 et
962 2296 1113 2372 sauguinis

86 2381 249 2438 rsreiectio.

178 2462 259 2542 (77.)
290 2457 390 2522 Nuces
407 2462 547 2540 iuglandis
560 2461 662 2522 Graeci
679 2465 809 2541 coepitis
823 2463 982 2540 maehina
993 2462 1094 2539 appel·
1105 2470 1155 2526 14⁷

118 2543 222 2606 lavere.
262 2548 369 2605 etenim
393 2547 528 2606 arborum
551 2548 678 2624 ipsarmn
697 2546 891 2624 foliorumque
915 2547 995 2602 virus
1015 2548 1046 2603 iu
1064 2563 1113 2604 ce·

116 2628 232 2688 rebrum
256 2637 409 2707 penetrat,
429 2629 485 2690 hoc
506 2631 618 2690 minore
636 2638 783 2689 tormento
808 2632 861 2690 secl
881 2632 912 2687 in
926 2627 999 2688 cibis
1016 2627 1113 2686 nuclei
1159 2649 1162 2655 >

15 2743 17 2754 ι
117 2711 230 2771 faciunt.
267 2721 334 2772 sunt
355 2721 451 2772 antem
475 2722 611 2773 recentes
633 2714 837 2792 iucundiores,
859 2715 957 2772 siccae
971 2712 1112 2787 unguino-

15 2791 17 2874 ζ
86 2797 212 2855 rosiones
231 2804 263 2855 et
279 2797 427 2856 stomacho
442 2797 576 2874 inutiles,
594 2795 727 2856 difficiles
745 2806 898 2873 concocta,
910 2795 1014 2872 capitis
1031 2793 1113 2852 dolo

15 2877 16 2908 ³
116 2897 177 2938 rem
187 2879 362 2956 inferenteS,
375 2881 563 2940 tussientibus
575 2882 719 2958 inimicae,
732 2882 884 2940 vomituris
894 2879 1000 2938 ieiunis
1015 2885 1113 2954 aptae,

117 2968 268 3038 tenesmo,
285 2963 369 3040 colo,
384 2964 498 3024 trahunt
513 2965 589 3024 enim
601 2967 739 3042 pituitam.
773 2962 894 3024 eaedem
909 2969 1112 3040 praesumptae

116 3062 230 3106 venena
256 3045 411 3124 hebetant,
437 3051 506 3106 item
520 3050 653 3124 anginam
673 3064 736 3108 enm
749 3056 813 3107 ruta
830 3054 862 3104 et
876 3046 954 3105 oleo.
984 3046 1054 3104 item
1067 3044 1113 3103 ad-

116 3137 273 3189 versantur
284 3132 363 3207 cepis
374 3131 542 3209 leniuntque
555 3145 652 3191 carcub
664 3148 807 3210 saporem
821 3128 1156 3190 auriuminilnmma-148

86 3212 188 3271 uriom
205 3215 392 3291 inponuntur,
410 3233 473 3274 cum
486 3215 580 3274 mellis
598 3217 706 3292 exiguo
723 3217 834 3274 etruta
845 3215 971 3272 mammis
988 3222 1019 3272 et
1033 3211 1113 3269 lusa·

15 3359 16 3376 ,
117 3297 171 3372 tis,
188 3313 253 3355 cum
269 3313 343 3372 cepa
360 3307 454 3358 autem
470 3307 499 3357 et
513 3300 574 3358 sale
595 3306 627 3357 et
643 3298 730 3358 melle
745 3300 824 3356 oanis
840 3295 1022 3372 hominisque
1037 3311 1113 3353 mor-

118 3380 170 3437 sui.
201 3381 349 3458 putamine
365 3384 445 3440 nucis
467 3381 608 3458 iuglandis
630 3381 701 3440 deus
717 3397 805 3440 cavos
820 3382 950 3439 inuritur.
978 3387 1113 3455 putamen

118 3463 300 3523 combustum
314 3465 468 3543 tritumque
484 3466 513 3523 in
530 3466 597 3526 oleo
617 3473 665 3523 aut
679 3467 747 3522 vino
768 3463 917 3523 infantium
936 3461 1033 3538 capite
1046 3475 1113 3536 per-
1172 3465 1175 3475 '
