2484 3817
312 223 393 279 aar.
409 231 500 281 urar.
515 230 627 281 xxnn
644 228 686 280 ιι.
704 227 747 279 rs
766 224 955 305 (ιιι-ιιι.)
1059 225 1107 290 oe

100 387 185 464 side,
212 385 348 464 quoniam
370 384 530 444 hilarentur
547 385 614 464 illa,
641 387 762 447 eandem
778 389 1006 490 protomediatn,
1032 394 1100 470 quia

100 473 257 551 primatum
273 468 347 547 apud
364 486 452 546 reges
472 470 617 546 optineat,
638 472 825 549 casigneten,
849 476 983 550 quondam
1000 490 1099 535 seusun

100 558 165 633 ipsa
184 559 335 629 nascatur,
353 570 408 612 nec
424 569 487 611 cam
502 551 567 611 aliis
583 551 650 611 ullis
671 552 788 629 herbis,
811 555 932 616 eandem
954 556 1100 634 Dionyso·

100 634 310 715 nymphadem,
325 636 459 713 quoniam
478 636 547 694 vino
569 635 643 695 mire
664 642 827 698 conveniat.
860 638 1031 700 liclianthes
1045 659 1099 701 vo·

79 722 193 780 teatin
215 717 442 794 Themiscyrena
470 719 593 794 regione
617 727 649 778 et
675 717 796 781 Ciliciae
820 723 966 782 montibus
991 727 1099 784 mariti

99 805 167 880 nais,
181 801 256 862 iolio
271 802 365 877 myrti.
382 801 435 860 hac
448 819 512 862 cam
523 801 608 878 adipe
620 801 740 863 leonino
751 804 885 880 decocta,
899 805 996 865 addito
1007 824 1098 867 croco

100 894 131 946 et
145 885 265 964 palmeo
285 885 366 961 vino,
387 885 529 963 perungui
550 883 654 962 hlugos
676 895 706 946 ct
726 886 882 947 Persarum
897 905 987 965 reges
1004 898 1036 948 ιιι
1048 891 1099 949 iat

99 986 210 1047 corpas
227 968 368 1044 adspectu
382 967 550 1044 iucundum,
572 969 641 1028 ideo
664 969 784 1029 eandem
805 969 989 1030 heliocallida
1008 974 1098 1030 nomi·

99 1054 172 1112 nari.
212 1049 380 1110 llermesias
395 1050 432 1111 ab
448 1049 551 1112 eodem
570 1060 693 1111 vocatur
706 1053 742 1111 ad
756 1053 869 1113 liberos
890 1055 1075 1131 generandos
1088 1063 1145 1118 166

69 1149 93 1190 ιι
100 1134 244 1214 pulchros
267 1133 419 1210 bonosque
444 1150 502 1193 non
530 1133 620 1194 herba
636 1135 689 1194 sed
707 1139 874 1214 conpositio
891 1155 909 1197 e
928 1137 1039 1198 nucleis
1055 1139 1098 1215 pi·

100 1235 177 1278 neae
202 1218 284 1276 nucis
303 1218 379 1274 tritis
398 1235 461 1276 cum
483 1217 588 1293 melle,
616 1235 723 1294 murra,
754 1237 855 1297 croco,
885 1223 952 1281 vino
971 1221 1097 1299 palmeo,

102 1310 209 1380 postea
225 1299 350 1359 admixto
361 1299 558 1360 theombrotio
573 1308 604 1359 et
620 1300 710 1377 lacte,
728 1301 832 1363 hibere
848 1313 1041 1380 generaturos
1055 1307 1099 1363 in·

99 1385 152 1445 bet
167 1393 199 1444 et
214 1400 231 1442 a
248 1390 402 1460 conceptu,
419 1400 581 1461 puerperas
595 1392 708 1462 parturn
721 1387 891 1464 nutrientis,
911 1390 952 1448 ita
967 1387 1030 1447 lieri
1046 1403 1098 1446 ex·

100 1468 240 1528 cellentis
255 1467 339 1525 animi
356 1467 509 1526 etiormae
536 1467 630 1526 bonis
667 1477 754 1545 atque
771 1468 870 1529 haram
893 1473 1017 1530 omnium
1038 1469 1097 1530 lla·

67 1553 302 1628 15gieaquoqne
321 1549 462 1609 vocabula
485 1551 575 1627 ponit.
606 1551 724 1611 Adiecit
745 1550 790 1610 his
806 1552 1008 1648 Apollodorus
1029 1554 1076 1613 ad·
1089 1561 1142 1618 167

99 1642 232 1694 sectator
258 1633 321 1692 cias
346 1631 465 1692 herbam
485 1632 757 1710 aeschynomenen‚
785 1623 920 1712 qnoniam
943 1635 1101 1712 adpropin

99 1725 207 1794 quante
223 1733 308 1775 mana
323 1714 394 1776 loha
403 1716 601 1791 conueheret
614 1717 699 1776 aliam
711 1717 839 1792 crotilde,
855 1719 1099 1794 caiustaotupha·

98 1800 197 1876 langia
226 1807 427 1875 morerentur,
458 1797 599 1860 Crateuas
632 1798 814 1873 caetheum,
843 1801 924 1858 onias
955 1799 1099 1877 adspersu

101 1901 120 1942 e
138 1885 207 1942 aino
222 1883 324 1941 ieritas
341 1883 464 1942 omnium
479 1881 641 1942 animalium
660 1883 858 1959 mitigaretur,
878 1899 1099 1960 anacampsero-

65 1979 94 2021 ιι
103 1973 166 2025 tem
181 1964 298 2026 celeber
313 1973 377 2024 arte
392 1967 575 2042 grammatica
590 1965 678 2044 paulo
695 1971 778 2040 ante,
789 1965 870 2024 cuins
886 1966 1002 2024 omniuo
1019 1973 1098 2025 tactu

102 2047 236 2108 redirent
248 2065 362 2108 amores
375 2049 424 2108 acl
440 2067 503 2108 curn
520 2048 588 2108 odio
607 2048 745 2126 depositi.
762 2046 799 2106 lit
813 2048 927 2108 abunde
944 2051 984 2107 sit
999 2049 1097 2110 hacte-

102 2149 158 2190 nns
173 2132 305 2208 attigisse
319 2133 443 2208 insignia
458 2131 609 2210 hlegorunn
623 2133 653 2191 in
669 2130 769 2191 herbis
785 2131 842 2192 alia
864 2131 901 2193 de
916 2131 961 2191 hia
980 2135 1097 2210 aptiore
1197 2192 1205 2207 x

100 2215 220 2275 dicturis
238 2215 314 2274 loeo.

165 2295 213 2357 18.
223 2297 326 2376 (103.)
342 2297 488 2378 Eriphiam
498 2298 578 2358 multi
589 2297 755 2376 prodidere.
770 2298 1035 2359 scarabaenmhaec
1045 2302 1076 2359 in
1089 2309 1142 2364 168

70 2381 1013 2457 ²⁵avenamhetmraundeorumdecumntemecmaccensent,
1019 2383 1096 2442 ande

103 2473 246 2524 etnomen
258 2467 380 2543 accepit.
397 2465 449 2525 hac
457 2464 678 2525 admoeernnihil
686 2467 881 2542 praestantius
893 2483 962 2524 esse
970 2463 1094 2524 tradant.

163 2548 268 2625 (104.)
298 2546 394 2608 Herba
406 2538 512 2608 lanaria
529 2548 657 2607 ovibus
649 2549 754 2606 ieiunis
769 2547 834 2607 data
855 2547 938 2606 lactis
953 2545 1098 2606 abnndan-

103 2631 169 2688 tiarn
182 2630 385 2708 tacitaeque
402 2641 470 2691 nota
485 2631 604 2692 lactoris
619 2631 711 2707 volgo
730 2639 793 2706 est,
813 2629 899 2708 plena
919 2629 1003 2689 lactis
1018 2629 1098 2704 quod

102 2711 286 2790 degutatm
299 2715 474 2774 vomitiones
489 2717 622 2773 concitat.
650 2711 770 2772 eandem
784 2712 857 2773 hanc
869 2713 957 2790 aliqui
975 2729 1043 2772 esse
1055 2710 1097 2769 di·

62 2803 179 2872 escant,
193 2795 244 2854 alii
258 2795 380 2856 similem
395 2797 436 2856 illi
455 2815 537 2874 quarn
553 2797 707 2856 militarem
718 2805 834 2874 vocant,
848 2797 981 2873 quoniam
992 2793 1096 2853 volnus

99 2878 181 2938 ferro
199 2879 308 2937 iactum
327 2879 432 2939 nullum
452 2897 510 2940 non
534 2883 608 2938 intra
628 2878 692 2937 dies
713 2881 838 2957 quinque
856 2887 940 2938 sanat
964 2895 1003 2936 ox
1025 2876 1095 2937 oleo

100 2963 238 3040 inposita.

162 3045 269 3123 (105.)
304 3043 476 3106 Celebratur
490 3055 584 3106 antem
605 3052 636 3104 et
657 3063 675 3103 a
694 3044 814 3105 Graecis
831 3046 997 3119 stratiotes,
1023 3043 1077 3104 sed
1088 3055 1140 3109 169

99 3130 181 3188 eain
200 3129 345 3204 Aegypto
357 3138 462 3188 tantam
479 3138 509 3188 et
526 3127 711 3187 inundatione
725 3127 783 3186 Nili
796 3127 938 3201 nascitur,
953 3127 1039 3186 aizoo
1057 3128 1095 3185 si·

61 3211 194 3287 senilis,
209 3211 239 3269 ni
258 3211 369 3270 maiora
391 3212 513 3274 haberet
533 3211 613 3270 iolla.
643 3212 800 3285 refrigerat
818 3210 891 3267 mire
916 3216 948 3268 et
972 3211 1094 3270 volnera

96 3302 183 3354 sanat
198 3311 238 3354 ex
260 3303 347 3354 aceto
365 3296 461 3371 inlita,
491 3297 560 3354 item
586 3295 662 3370 ignis
684 3309 785 3364 sacros
808 3299 839 3350 et
859 3295 1092 3369 suppurationes.

97 3379 273 3453 unguincm
285 3394 401 3456 quoque
419 3381 465 3456 qui
489 3375 588 3436 delinit
604 3395 619 3434 a
635 3376 753 3435 renibus
771 3382 840 3450 pota
863 3378 927 3435 cam
950 3383 1015 3434 tare
1036 3392 1094 3433 ma·

96 3459 186 3522 reato
199 3461 322 3522 mirilice
338 3464 425 3522 sistit.
