2484 3817
378 514 413 596 G.
435 514 585 599 l'hllll
611 445 846 602 arrodit!

199 682 586 779 lllllllllhll
628 686 1012 782 lllllllllllll

430 862 787 929 urssuuxxrn.

532 1028 684 1038 m«

147 1152 244 1229 (Sect.
263 1154 302 1226 1.)
337 1150 457 1212 Peracta
475 1152 632 1212 cerealium
646 1154 676 1212 in
693 1153 835 1213 medendo
854 1168 970 1231 quoqm
986 1159 1114 1215 natural
1171 1188 1177 1196 =

86 1244 131 1295 cst
160 1239 344 1311 omniumque
368 1252 441 1312 qnae
463 1235 593 1295 ciborum
616 1244 666 1295 ant
688 1235 790 1295 llornm
813 1235 972 1296 odorumve
991 1235 1085 1313 gratia

84 1318 262 1397 proveniunt
280 1319 381 1395 supina
401 1317 515 1378 tellure.
547 1336 605 1378 non
621 1321 713 1378 cessit
729 1318 773 1379 his
789 1319 918 1379 Pomona
933 1321 1084 1397 partisque

85 1402 212 1461 medicas
237 1408 269 1459 et
289 1399 482 1478 pendentibus
503 1401 599 1476 dedit,
627 1419 684 1461 non
706 1410 842 1462 contenta
864 1411 1026 1480 protegere
1040 1419 1085 1461 ar·

64 1486 248 1561 ⁵horumqne
266 1483 364 1543 umbra
384 1484 464 1543 alere
479 1502 552 1563 quae
568 1486 707 1560 diximus,
728 1488 814 1545 immo
828 1485 920 1545 veluti
939 1485 1084 1562 indignata

85 1569 149 1645 plns
164 1567 254 1627 auxili
272 1568 371 1627 inesse
386 1566 431 1627 his
447 1585 521 1645 qnae
538 1567 653 1645 longius
671 1586 687 1626 a
702 1568 786 1628 caelo
799 1569 937 1629 abessent
950 1585 1083 1647 quaeque

83 1659 189 1729 postea
204 1651 392 1728 coepissent,
409 1652 529 1728 primurn
544 1653 619 1710 enim
634 1650 741 1711 homini
756 1652 851 1711 cibum
867 1651 959 1711 inisse
973 1650 1039 1710 inde
1054 1657 1085 1709 et

84 1737 128 1793 sic
140 1734 258 1793 inducto
272 1732 383 1793 caelum
396 1742 529 1811 spectare
539 1735 678 1812 pascique
692 1742 722 1793 et
734 1752 808 1793 nnnc
821 1752 859 1793 ex
874 1752 907 1792 se
915 1749 1005 1809 posse
1019 1734 1083 1803 sipe

83 1816 226 1893 frugibus.
243 1816 404 1894 (mergo,
415 1815 552 1892 Hercule,
567 1818 637 1875 artis
645 1819 674 1875 in
682 1818 781 1894 primis
795 1815 875 1875 dedit
888 1815 1008 1889 ritihus,
1024 1824 1111 1877 noni

7 1898 8 1913 ¹
52 1907 224 1959 ¹⁰contenta
244 1900 363 1959 delicias
384 1902 470 1959 etiam
492 1908 523 1958 et
541 1899 649 1959 odores
667 1907 754 1977 atque
769 1906 915 1976 unguenta
932 1897 1083 1975 omphacio

88 1992 120 2041 et
144 1982 281 2042 oenanthe
306 2000 339 2041 ac
354 1985 491 2056 massari,
521 2000 595 2060 qnae
611 1984 671 2041 suis
685 1982 759 2042 locis
776 1982 914 2056 diximus,
939 1976 1125 2065 ¹¹⁰bili·¹3tq¹.⁸’

88 2065 321 2125 terinstruxisse.
333 2065 542 2141 l'lurumnm,
556 2067 657 2144 inquit,
668 2064 804 2125 homini
817 2064 1025 2142 voluptatis
1040 2081 1084 2123 ex

86 2168 138 2207 me
173 2156 247 2225 est,
277 2167 346 2226 ego
371 2167 490 2209 sucum
516 2150 607 2224 vini,
639 2150 822 2228 liquorem
848 2148 924 2208 olei
952 2150 1082 2225 gigno,

88 2249 158 2307 ego
176 2231 312 2309 palmas
328 2241 363 2291 et
380 2249 482 2309 poma
504 2240 633 2310 totque
653 2234 881 2300 varietates,
906 2238 1082 2309 nequent

58 2314 202 2375 ¹⁵tellus
219 2317 420 2392 omniaper
436 2315 602 2389 labores,
625 2315 911 2389 arandatauris,
927 2314 1082 2374 terenda

89 2392 1082 2477 areis,deindcsaxis,nt-quandoquantovcopercl

89 2481 218 2540 -cihi
238 2482 351 2554 liant,
375 2488 408 2539 at
426 2499 469 2539 ex
485 2489 679 2559 meparata
697 2483 828 2556 omnia,
851 2498 1019 2540 neccnra
1036 2477 1081 2537 la-

90 2564 267 2640 boranda,
286 2564 350 2624 sed
365 2582 450 2624 sese
469 2566 708 2643 porrigentia
723 2563 822 2624 ultro
841 2572 893 2640 et,
911 2564 1083 2639 sipigeat

92 2650 296 2723 attingere,
325 2650 433 2707 etiam
457 2646 635 2707 cadentia.
671 2649 795 2707 certarit
811 2650 988 2726 ipsasecum
1005 2643 1082 2721 plus·

59 2740 81 2778 2⁰
91 2748 145 2806 qne
162 2730 293 2789 utilitatis
307 2748 392 2791 causa
406 2732 505 2807 genuit
522 2732 606 2790 etiam
623 2748 706 2809 quam
719 2729 884 2808 voluptatis.

149 2814 211 2892 (3.)
244 2812 327 2873 Folia
341 2814 441 2873 vitium
458 2822 488 2873 et
498 2814 623 2892 pampini
639 2814 741 2890 capitis
755 2813 874 2873 dolores
886 2812 1108 2873 inflammatio-3

91 2914 198 2974 resque
216 2914 371 2974 corporum
386 2898 516 2974 mitigant
530 2915 592 2956 curn
608 2895 746 2973 polenta,
760 2897 831 2956 lolia
847 2914 945 2974 perse
960 2893 1081 2952 ardores

20 2994 23 3063 χ
92 2980 227 3039 stomachi
244 2998 281 3039 ex
296 2998 368 3057 aqua
382 2980 504 3058 frigida,
518 2998 581 3039 cum
595 2980 687 3039 farina
703 2997 775 3039 varo
787 2980 889 3039 hordei
899 2976 1079 3037 articularios

21 3064 22 3081 ²
92 3064 214 3124 morbos.
247 3065 371 3141 pampini
394 3065 454 3123 triti
479 3072 508 3123 et
533 3064 652 3141 inpositi
674 3072 816 3123 tumorem
834 3079 946 3121 omnem
961 3061 1080 3135 siccant,

67 3155 173 3206 ttsncus
197 3150 301 3206 eorum
321 3147 502 3223 dysintericis
525 3147 636 3206 infusus
657 3146 797 3207 medetur.
832 3144 946 3204 lacrima
970 3146 1080 3218 vitium,

94 3244 161 3304 qnae
183 3230 275 3290 veluti
298 3232 412 3289 cummis
438 3239 503 3306 est,
527 3230 625 3309 lepras
650 3237 681 3288 et
696 3228 824 3289 lichenas
840 3233 870 3286 et
885 3244 988 3304 psoras
1004 3229 1080 3286 uitro

94 3320 155 3373 ante
169 3319 356 3391 praeparatas
374 3322 461 3373 sanat.
493 3313 593 3373 eadem
609 3329 673 3371 cum
688 3312 756 3372 oleo
775 3312 890 3389 saepius
906 3311 973 3387 pilis
991 3309 1080 3369 inlitis

95 3395 205 3469 psilotri
226 3396 362 3457 effectum
381 3396 488 3473 habet,
516 3412 703 3471 maxumeque
719 3412 802 3474 quam
818 3391 926 3453 virides
942 3408 1081 3451 accensae

97 3479 165 3539 nites
177 3480 330 3557 exsudant,
344 3498 400 3557 qua
412 3488 441 3539 et
451 3497 591 3540 rermcae
603 3476 750 3539 tolluntur.
774 3475 1106 3614 pampini1s*angnineml
