2484 3817
180 155 241 218 134
521 165 828 218 cummanum

178 313 293 382 eruite(
317 317 365 380 hic
385 321 462 382 enim
480 321 555 399 lapis
573 321 644 382 nibil
660 339 699 382 ex
718 339 785 382 sese
801 321 929 382 remittit.
959 321 980 380 ii
996 321 1108 401 lapides
1125 327 1178 404 qui

178 423 277 465 sucum
297 404 421 465 reddunt
448 405 597 464 oculorum
617 405 832 466 medicamentis
852 405 940 466 utiles
963 407 1176 486 existimantur,

135 488 266 554 158ideo
281 488 450 566 Aethiopici
466 489 502 550 ad
518 507 553 549 ea
568 507 699 549 maxume
715 489 884 567 probantur.
914 487 1086 550 Taenarium
1101 490 1176 570 lapi-

177 572 241 633 dem
259 581 290 633 et
304 571 501 633 Phoeniceum
510 582 541 644 et
556 573 730 633 haematiten
745 573 781 631 iis
796 572 1012 633 medicamentis
1027 574 1176 652 prodesse

176 655 290 716 tradunt
314 675 389 735 quae
410 675 449 717 ex
471 674 560 718 croco
581 664 799 736 conponantur,
822 673 862 715 ex
879 656 937 728 qlio
959 655 1101 718 Taenario
1125 662 1200 737 qui5

175 742 262 817 niger
275 749 322 800 est
336 749 367 800 et
384 760 422 801 ex
435 739 522 801 Pario
537 741 633 819 lapide
650 758 708 800 non
725 757 819 818 aeque
840 739 959 800 medicis
983 740 1099 819 utilem,
1121 759 1176 822 po-

174 825 339 903 tioremque
362 844 401 885 ex
420 825 589 885 alabastrite
604 823 754 903 Aegyptio
778 824 827 883 vel
842 842 879 884 ex
895 824 997 902 ophite
1015 824 1090 886 albo.
1126 836 1196 886 est·

175 910 251 968 enim
264 908 322 968 hoc
336 928 430 986 genus
447 909 555 986 ophitis
573 927 612 968 cx
629 926 687 986 quo
709 926 777 967 vasa
799 916 829 967 et
846 907 933 968 cados
949 909 1037 969 etiam
1054 909 1173 971 faciunt.

132 1003 184 1059 159
258 993 341 1072 (44.)
364 993 396 1052 ln
418 993 529 1071 Siphno
550 992 625 1070 lapis
649 993 763 1074 estqui
790 1001 907 1052 cavatur
929 999 1118 1071 tornaturque
1141 995 1174 1053 in

110 1121 118 1134 .
174 1095 243 1136 vasa
257 1077 306 1135 vel
322 1076 482 1153 coquendis
500 1075 574 1135 cibis
590 1075 670 1134 utilia
685 1075 733 1136 vel
750 1074 785 1134 ad
804 1075 971 1135 esculentos
987 1094 1072 1154 usus,
1094 1078 1208 1155 quodne

173 1168 204 1219 et
228 1161 257 1217 in
274 1156 410 1218 Comensi
435 1159 536 1218 ltaliae
558 1159 654 1237 lapide
675 1159 760 1218 viridi
781 1159 915 1219 accidere
932 1161 1053 1235 scimus,
1074 1161 1175 1221 sedin

173 1241 294 1319 Siphnio
312 1243 460 1318 singulare
482 1242 560 1320 quod
581 1242 759 1302 excalfactus
779 1242 847 1302 oleo
868 1245 1008 1320 nigrescit
1031 1243 1175 1305 durescit-

172 1342 229 1402 que
244 1324 439 1386 mollissimus.
472 1334 549 1385 tanta
567 1326 745 1404 qualitatium
756 1324 919 1386 differentia
942 1335 1005 1405 est,
1023 1345 1085 1387 nam
1099 1320 1174 1389 mol-

171 1407 252 1469 litiae
264 1417 342 1468 trans
354 1409 439 1487 Alpis
451 1412 608 1489 praecipua
620 1418 685 1469 sunt
697 1409 829 1487 exempla
844 1413 873 1469 in
888 1410 1005 1488 Belgica
1020 1413 1172 1489 provincia

172 1491 320 1552 candidum
342 1494 466 1573 lapidem
482 1513 564 1555 serra
579 1511 634 1573 qua
654 1493 762 1570 lignum
779 1493 950 1573 faciliusque
966 1496 1053 1554 etiam
1068 1513 1170 1555 secan·
1183 1521 1204 1561 n

172 1578 242 1636 tium
258 1576 294 1636 ad
310 1578 471 1656 tegularum
492 1587 522 1638 et
541 1578 691 1638 imbricum
711 1579 805 1638 vicem
824 1577 890 1655 vel,
918 1580 942 1638 si
962 1578 1069 1655 libeat,
1093 1597 1170 1657 quae

171 1669 277 1721 vocant
307 1679 474 1740 pavonacea
504 1663 623 1740 tegendi
655 1679 774 1739 genera.
825 1670 855 1722 et
886 1661 915 1721 hi
942 1661 1056 1741 quidem
1081 1661 1171 1724 s'ecti-

170 1743 216 1805 les
232 1752 307 1805 sunt.

129 1838 181 1894 160
255 1831 337 1908 (45.)
362 1826 529 1905 specularis
551 1847 641 1906 vero,
664 1831 798 1908 quoniam
820 1827 916 1889 ethic
937 1828 1040 1907 lapidis
1061 1847 1168 1890 nomen

173 1915 303 1990 optinet,
325 1912 457 1972 faciliore
479 1911 569 1973 multo
587 1921 690 1972 natura
704 1913 819 1973 inditur
835 1914 863 1971 in
880 1911 1054 1991 quamlibeat
1068 1916 1201 1977 tennisao

170 2005 292 2056 crustas.
323 1996 459 2073 Hispania
474 1995 549 2056 bunc
564 2004 672 2056 tantum
686 1996 806 2056 citerior
823 1994 889 2054 olim
904 1995 1006 2072 dabat,
1024 2014 1077 2056 uec
1092 2005 1167 2076 tota,

171 2080 225 2139 sed
245 2082 320 2139 intra
343 2087 456 2138 centum
479 2080 567 2139 milia·
580 2097 716 2158 passuum
737 2081 814 2140 circa
838 2077 1030 2156 Segobrigam
1052 2080 1167 2159 urbem,

77 2167 80 2175 “
170 2164 225 2222 iam
248 2172 279 2223 et
293 2161 408 2240 Cypros
432 2171 462 2222 et
479 2162 662 2241 Cappadocia
684 2171 714 2224 et
731 2162 829 2224 Sicilia
850 2171 880 2222 et
904 2181 997 2242 nuper
1018 2164 1168 2224 inventum

169 2246 288 2322 Africa,
317 2247 524 2324 postferendos
546 2255 641 2307 tamen
667 2249 757 2308 omnis
780 2247 953 2325 Hispaniae,
981 2245 1167 2326 Cappadocia

127 2341 178 2396 161
191 2330 383 2409 amplissimos
404 2329 615 2409 magnitudine,
637 2331 689 2391 sed
704 2331 856 2391 obscuros.
893 2329 965 2390 Sunt
980 2339 1010 2390 et
1025 2331 1055 2389 iu
1068 2329 1197 2392 Bono-a
1221 2387 1222 2391 ,

169 2415 265 2474 aiensi
285 2413 386 2475 ltaliae
408 2425 490 2494 parte
513 2414 639 2491 breves,
667 2415 822 2492 maculosi,
842 2414 988 2493 conplexu
1010 2415 1102 2474 silicis
1117 2415 1167 2476 ad·
1220 2445 1221 2464 κ

169 2498 268 2576 ligati,
292 2517 413 2577 quorum
434 2509 528 2559 tamen
547 2498 685 2576 adpareat
707 2505 805 2558 natura
822 2499 928 2558 similis.
960 2501 1055 2577 puteis
1071 2501 1102 2558 in
1118 2498 1186 2568 lli-¹
1218 2503 1220 2568 ἴ

169 2584 269 2662 spania
284 2582 420 2643 effoditur
441 2582 614 2661 eprofunda
630 2582 797 2658 altitudine,
819 2600 874 2642 nec
894 2600 951 2642 nou
973 2591 1003 2642 et
1025 2599 1099 2643 saxo
1123 2585 1165 2642 in·
1216 2623 1218 2675 q

168 2667 266 2727 clusus
287 2668 340 2727 sub
361 2676 441 2727 terra
462 2667 608 2725 invenitur
623 2667 842 2743 extrahiturque
858 2675 907 2726 aut
927 2665 1079 2726 exciditur.
1112 2667 1164 2727 sed

167 2753 270 2811 maiori
291 2760 374 2830 parte
391 2749 486 2809 fossili
504 2759 621 2827 natura,
643 2750 792 2810 absolutus
807 2752 836 2810 in
858 2769 892 2811 se
908 2751 1048 2810 caementi
1063 2750 1192 2828 modo,aa

168 2840 319 2913 numquam
342 2834 433 2894 adhuc
455 2837 581 2912 quinque
602 2833 706 2912 pedum
725 2832 904 2912 longitudine
921 2832 1052 2910 amplior.
1086 2852 1163 2894 umo·

167 2936 229 2978 rem
244 2919 319 2978 hunc
337 2927 434 2978 terrae
450 2917 568 2996 quadam
583 2920 676 2978 anima
693 2918 822 2994 crystalli
838 2917 923 2977 modo
939 2917 1058 2995 glaciari
1090 2927 1119 2979 et
1135 2921 1163 2977 in

168 2999 292 3081 lapidem
309 3019 503 3062 concrescere
517 3003 671 3062 manifesto
686 3002 823 3079 adparet,
844 3000 922 3079 quod
937 3017 1000 3060 cum
1013 3000 1097 3061 ferae
1115 3002 1164 3062 de·

168 3084 267 3145 cidere
283 3087 312 3143 in
328 3093 433 3161 puteos
448 3085 531 3162 talis,
546 3084 689 3146 medullae
704 3087 733 3144 in
748 3085 864 3144 ossibus
880 3101 977 3144 earum
995 3092 1063 3162 post
1079 3103 1163 3144 unam

127 3179 177 3232 162
189 3167 312 3228 hiemem
328 3170 357 3228 in
373 3169 492 3229 eandem
510 3168 613 3247 lapidis
629 3176 755 3228 naturam
771 3169 934 3246 ligurantur.
966 3166 1118 3228 Invenitur
1133 3177 1193 3232 etas

167 3252 254 3327 niger
275 3251 444 3330 aliquando,
465 3253 518 3312 sed
540 3251 661 3312 candido
676 3262 774 3313 natura
787 3254 876 3330 mira,
900 3270 962 3312 cnm
984 3253 1023 3311 sit
1038 3251 1163 3312 mollitia

128 3391 133 3402 s
167 3343 253 3408 nota,
275 3335 459 3413 perpetiendi
476 3335 555 3396 soles
573 3336 768 3416 rigoresque,
789 3353 844 3396 nec
860 3337 1005 3413 senescit,
1027 3337 1051 3395 si
1073 3337 1163 3397 modo

166 3417 273 3510 iniuria
284 3418 377 3496 absit,
392 3436 456 3479 cum
472 3420 528 3480 hoc
539 3421 626 3481 etiam
639 3423 668 3480 in
681 3421 837 3482 caementis
852 3420 1005 3481 multorum
1019 3438 1165 3498 generum
