2484 3817
172 121 229 181 126
499 118 528 168 c.
549 115 646 164 rcum
667 113 816 164 sncurtor

164 278 267 340 theatri
284 277 391 336 totiens
405 268 590 348 multiplicata
604 269 677 329 urbe
692 277 828 349 tantoque
841 273 951 332 maiore
967 270 1077 349 populo
1093 273 1153 332 sul·

162 363 237 421 liciat
258 359 340 436 large
364 357 466 422 ffi‘x
484 352 566 413 sede.
601 353 708 414 relicus
729 354 881 433 adparatus
907 363 1000 415 tantus
1025 355 1151 415 Attalica

160 450 263 516 ueste,
278 439 383 501 tabulis
397 438 500 516 pictis,
518 444 621 497 cetero
634 437 773 515 choragio
790 440 844 500 init
859 447 900 516 ut,
919 441 947 498 in
963 437 1152 498 Tusculanam

158 524 254 585 uillam
273 523 431 602 reportatis
455 537 530 600 qnae
551 519 768 599 superfluebant
784 522 922 584 cotidiani
939 541 1006 582 usus
1026 523 1152 600 deliciis,

157 610 276 669 incensa
304 605 372 666 uilla
402 605 438 665 ab
464 606 545 666 iratis
575 607 671 666 servis
709 616 944 668 concremaretur
975 604 1030 666 llS.
1055 607 1177 689 {wele

116 694 225 773 116181
244 692 348 751 Aufert
367 691 489 750 animam
511 697 542 750 ct
566 707 583 749 a
613 689 757 750 destinato
788 691 894 751 itinere
922 689 1044 767 degredi
1069 694 1150 768 cogit

157 775 361 853 contemplatio
375 783 432 834 tam
443 773 584 853 prodigae
596 775 701 833 mentis
713 773 853 852 aliamque
868 775 999 835 conectit
1012 776 1150 834 maiorem
1235 805 1236 868 q

157 862 293 922 insaniam
308 878 325 919 e
339 859 429 936 ligno.
469 856 501 918 G.
522 856 629 933 Curio,
654 859 701 936 qui
724 858 803 918 bello
824 858 901 919 ciuili
918 860 948 917 in
967 855 1149 919 Caesarianis
1235 873 1236 882 ¹

156 944 285 1025 partibus
301 943 391 1019 obiit,
411 942 526 1003 iunebri
548 942 640 1019 patris
656 959 775 1002 munere
796 960 858 1002 cum
878 942 984 1021 opibus
1003 940 1149 1020 adparatu·

157 1047 213 1108 que
229 1043 287 1085 non
300 1035 404 1105 posset
419 1043 559 1104 superare
575 1024 712 1084 Scaurum
727 1061 768 1071 —-
785 1024 860 1086 unde
879 1028 954 1086 enim
970 1025 1011 1085 illi
1030 1027 1147 1085 vitricus
1160 1049 1187 1089 m

155 1111 234 1179 Sulla
249 1118 278 1168 et
289 1109 409 1171 hletella
422 1118 515 1169 mater
525 1110 769 1187 proscriptionum
785 1111 907 1186 sectrix,
924 1109 998 1170 unde
1010 1108 1047 1169 h.
1062 1109 1149 1170 Scau·

154 1213 203 1256 rus
226 1201 326 1272 pater,
347 1195 455 1253 totiens
478 1193 616 1270 princeps
636 1194 759 1252 ciuitatis
784 1202 814 1254 et
827 1192 947 1254 blariani
963 1193 1082 1254 sodalici
1105 1212 1150 1254 ra·
1235 1217 1236 1226 ¹

153 1280 283 1357 pinarum
303 1275 522 1355 prouincialium
543 1272 645 1335 sinus?
663 1311 722 1353 -‚
746 1295 809 1336 cum
830 1278 886 1338 iam
902 1281 942 1338 no'
955 1279 1020 1357 ipse
1035 1276 1149 1356 quidem

154 1362 279 1422 Scaurus
300 1361 356 1421 sibi
379 1379 432 1440 par
455 1378 524 1420 esse
552 1368 671 1438 posset,
698 1362 811 1438 quando
838 1361 895 1422 hoc
919 1357 1001 1423 certe
1032 1362 1147 1423 incendi
1167 1377 1171 1384 ·

153 1446 230 1505 illius
254 1446 412 1524 praemium
426 1444 526 1505 habuit
545 1445 696 1504 conuectis
712 1462 750 1504 er
765 1445 837 1506 orbe
854 1454 995 1508 terrarum
1013 1445 1101 1506 rebus
1117 1455 1149 1506 ut
1160 1465 1184 1504 rs

111 1541 160 1597 117
173 1549 258 1591 nemo
274 1539 379 1608 postea
395 1547 448 1608 par
462 1537 544 1589 esset
557 1529 687 1599 insaniae
707 1528 767 1606 illi,
785 1531 904 1607 ingenio
925 1548 998 1608 ergo
1013 1530 1148 1591 utendum
1235 1541 1236 1586 l

154 1632 207 1674 suo
232 1612 350 1674 Curioni
371 1621 402 1674 et
421 1611 528 1691 aliquid
553 1612 774 1690 excogitandum
794 1613 857 1674 iuit.
897 1615 1146 1692 operaepretium
1235 1591 1236 1668 l

153 1705 200 1758 cst
217 1700 294 1758 scire
310 1696 378 1776 quid
391 1697 536 1756 inuenerit
552 1705 584 1756 et
598 1697 728 1773 gaudere
739 1698 868 1758 moribus
884 1699 992 1758 nostris
1008 1715 1041 1758 ac
1057 1716 1146 1758 uerso
1164 1751 1168 1764 .
1235 1731 1236 1758 ;

65 1843 70 1854 ,
151 1781 237 1842 modo
248 1799 303 1840 nos
316 1797 422 1840 vocare
433 1781 566 1839 ardores.
595 1781 707 1841 theatra
721 1782 799 1842 iuxta
815 1782 872 1843 duo
884 1783 954 1842 iecit
971 1781 1145 1860 amplissima
1235 1763 1236 1846 l

151 1865 244 1944 ligno,
259 1865 403 1924 cardinum
415 1862 593 1940 singulorum
606 1865 738 1925 versatili
757 1883 898 1945 suspensa
914 1866 1099 1942 libramento,
1116 1867 1146 1926 in
1156 1888 1185 1930 ao

152 1950 255 2027 quibus
266 1950 399 2027 utrisque
410 1946 638 2008 antemeridiano
653 1947 785 2008 ludorum
797 1950 964 2029 spectaculo
980 1950 1058 2010 edito
1070 1951 1147 2010 inter

152 2052 220 2093 sese
248 2033 361 2091 aversis
394 2050 432 2091 uc
458 2033 581 2092 inuicem
608 2031 816 2110 obstreperent
847 2052 988 2111 scaenae,
1023 2042 1146 2112 repente

151 2117 346 2192 circumactis,
368 2123 399 2174 ut
421 2124 556 2192 constat,
580 2124 648 2194 post
670 2117 779 2193 primos
794 2117 857 2177 dies
873 2119 959 2176 etiam
974 2118 1145 2178 sedentibus

151 2200 273 2277 aliquis,
299 2199 436 2258 cornibus
457 2201 487 2259 in
512 2217 546 2258 sc
568 2198 739 2258 coeuntibus
761 2199 890 2261 iaciebat«
907 2201 1145 2279 amphitheatrum
1234 2253 1235 2280 q

150 2283 397 2361 gladiatorumque
426 2282 540 2362 proelia
570 2282 696 2360 edebat,
731 2284 824 2361 ipsum
850 2285 941 2361 magis
966 2293 1146 2345 auctoratum
1155 2305 1181 2344 rs

110 2379 160 2434 118
171 2367 307 2446 populum
318 2365 476 2427 Romanum
489 2366 704 2426 circumferens.
724 2367 791 2446 quid
804 2368 878 2428 enim
889 2369 1009 2428 miretur
1021 2369 1146 2447 quisque
1234 2391 1235 2398 ¹

149 2454 179 2511 in
193 2451 249 2511 hoc
262 2451 399 2529 primum,
418 2453 599 2510 inventorem
614 2468 651 2509 an
665 2453 826 2529 inventum,
843 2452 982 2512 artificem
996 2470 1032 2510 an
1046 2461 1146 2512 aucto·

38 2535 42 2544 ’
149 2555 226 2610 rem,
255 2553 353 2615 ausum
384 2535 509 2611 aliquem
537 2533 594 2594 hoc
614 2537 784 2613 excogitare
807 2555 842 2596 an
864 2538 1016 2614 suscipere
1040 2554 1077 2594 an
1103 2537 1145 2594 iu·
1234 2587 1235 2594 ,

149 2616 245 2680 bere‘l
266 2636 354 2698 super
374 2618 468 2678 omnia
490 2618 547 2677 erit
567 2618 666 2697 populi
685 2617 790 2679 sedere
807 2621 867 2679 ausi
888 2621 970 2680 furor
985 2627 1041 2680 tam
1056 2619 1144 2680 inlida
1234 2631 1235 2644 ¹

148 2702 334 2780 instabilique
360 2701 440 2763 sede.
477 2719 515 2761 en
537 2701 584 2760 hic
604 2711 651 2761 est
673 2702 725 2762 ille
738 2710 878 2762 terrarum
896 2705 989 2770 victor
1004 2712 1034 2763 et
1051 2705 1176 2763 totiusao

148 2786 274 2868 domitor
289 2787 370 2846 orbis
386 2788 434 2864 qui
449 2786 565 2862 gentis,
585 2804 674 2862 regna
691 2785 813 2863 diribet,
839 2787 901 2846 iura
917 2789 1029 2847 exteris
1043 2789 1143 2864 mittit,

148 2871 266 2931 deorum
285 2868 423 2948 quaedam
442 2869 633 2929 inmortalium
654 2871 757 2946 generi
773 2869 894 2930 humano
911 2873 1025 2948 portio,
1040 2873 1070 2930 in
1086 2890 1143 2930 ma·

105 2966 157 3021 119
168 2954 250 3014 china
263 2953 393 3033 pendens
408 2963 439 3013 et
452 2953 487 3012 a'd
499 2953 657 3032 periculum
673 2971 753 3012 suurn
768 2953 920 3031 plaudens!
952 2973 1026 3032 quae
1042 2953 1143 3016 uilitas

148 3040 299 3098 animarum
322 3038 377 3095 ista
404 3046 453 3097 aut
474 3055 547 3115 quae
568 3037 687 3115 querela
711 3036 891 3114 decennis,
920 3047 1053 3116 quantum
1074 3040 1141 3098 mali

148 3123 242 3200 potuit
257 3119 405 3181 accidere!
435 3120 542 3181 hauriri
558 3121 637 3181 urbis
652 3130 750 3182 terrae
767 3121 892 3182 hiatibus
913 3122 1046 3200 publicus
1064 3139 1177 3182 mor-us

146 3204 244 3264 talium
267 3202 351 3264 dolor
376 3213 438 3279 est,
466 3222 539 3290 ecce
557 3205 682 3284 populus
706 3205 850 3265 Romanus
872 3208 1025 3268 universus
1046 3207 1141 3267 veluti

148 3287 259 3347 duobus
282 3290 406 3366 nauigiis
426 3290 570 3365 inpositus
594 3288 669 3348 binis
690 3289 852 3370 cardinibus
873 3292 1032 3351 sustinetur
1054 3300 1086 3350 et
1107 3311 1142 3352 se

146 3373 239 3449 ipsum
252 3370 462 3449 depugnantem
477 3381 591 3449 spectat
606 3375 752 3451 periturus
763 3381 908 3434 momento
920 3373 1015 3453 aliquo
1031 3374 1141 3434 luxatis
