2484 3817
168 162 229 227 136
516 172 547 223 c.
562 172 659 221 annu
673 110 822 220 sacuam
1140 166 1142 171 ·
1227 124 1231 287 p

166 328 350 404 ferulaceos‚
373 331 467 395 omnia
481 325 621 404 rubentis,
642 324 775 405 capitulis
789 323 903 403 parcis,
930 320 1024 385 luteis.
1055 338 1155 381 senen
1230 310 1231 327 ¹

167 414 195 473 in
211 410 350 486 oalycolis
365 410 507 491 pusillum,
521 414 643 488 nigrum,
660 411 832 470 resinosum.
860 423 962 469 comae
977 406 1060 465 tritae
1074 404 1156 465 velut

167 504 324 572 cruentant,
336 512 391 573 qua
405 494 444 554 de
458 512 545 555 causa
558 494 672 573 quidam
685 492 759 553 hanc
773 490 983 553 androsaemon
997 505 1155 573 vocavere.

166 595 235 637 usus
243 580 359 637 seminis
368 578 403 639 ad
416 578 591 637 ischiadicos
601 579 661 656 poti
674 574 783 637 duabus
795 574 936 635 drachmis
946 570 1154 646 inhydromeli·

165 663 202 721 tis
216 662 354 721 sextario.
369 662 464 722 alvom
472 662 569 736 solvit,
584 660 671 719 bilem
683 658 813 719 detrahit.
832 657 956 717 inlinitur
968 664 998 715 et
1007 654 1155 715 ambustis.
1168 680 1181 721 s

8 787 23 803 .
124 754 159 809 38
231 744 316 824 (21.)
337 744 460 823 Aphaca
474 745 567 804 tenum
580 742 732 803 admodum
742 742 813 802 folia
829 740 926 802 habet.
947 737 1053 817 pusillo
1069 738 1156 797 altior

167 826 303 888 lenticula
322 828 442 906 siliquas
463 827 588 887 maiores
611 826 670 887 lert
688 826 717 885 io
738 824 841 903 quibus
855 833 936 884 terna
952 830 1000 882 aut
1016 829 1156 899 quaterna

166 914 274 971 semina
289 919 354 971 sunt
368 912 495 987 nigriora
515 919 544 969 et
562 908 719 969 candidiora
740 906 885 968 lenticula.
912 906 1037 966 nascitur
1059 906 1088 963 in
1109 922 1155 963 ar·

165 995 220 1055 ris.
251 1004 351 1054 natura
365 994 401 1053 ad
415 992 596 1071 spissandum
608 993 758 1051 efficacior
769 1008 853 1069 qnam
863 989 932 1050 lenti
944 988 1073 1065 reliquos
1085 1005 1156 1047 usus

167 1077 286 1138 eosdem
301 1076 396 1136 habet.
430 1075 570 1135 stomachi
584 1077 700 1153 alvique
716 1074 868 1135 ductiones
890 1073 964 1135 sistit
982 1088 1082 1133 semen
1106 1070 1190 1131 dero

168 1169 291 1220 coctum.

124 1254 159 1309 39
233 1243 317 1321 (22.)
343 1240 489 1301 Alcibium
509 1241 603 1319 qualis
631 1250 711 1302 esset
734 1239 824 1300 herba
848 1256 905 1300 non
933 1238 1051 1317 repperi
1080 1236 1157 1316 apud

166 1334 311 1400 auctores,
325 1326 377 1385 sed
390 1324 517 1385 radicem
528 1326 590 1385 eius
609 1334 639 1384 et
652 1325 724 1385 lolia
739 1324 804 1383 trita
820 1322 855 1383 ad
871 1322 1015 1401 serpentis
1030 1338 1157 1413 morsum
1235 1390 1236 1397 ἵ

164 1409 265 1486 inponi
276 1416 306 1468 et
318 1407 389 1483 bibi,
405 1407 476 1469 folia
488 1418 621 1487 quantum
635 1426 733 1469 manus
746 1407 840 1486 capiat
852 1407 918 1467 trita
934 1422 997 1468 cum
1013 1404 1071 1465 vini
1083 1405 1157 1465 meri

166 1490 279 1566 cyathis
298 1490 388 1551 tribus
408 1500 456 1551 ant
480 1491 606 1553 radicem
619 1492 817 1553 drachmarum
837 1490 920 1550 trium
940 1488 1070 1569 pondere
1091 1505 1190 1549 comis

165 1576 224 1635 vini
238 1573 341 1635 eadem
355 1592 497 1634 mensura.
1144 1634 1148 1645 ,

123 1668 159 1721 40
230 1657 312 1737 (23.)
332 1658 490 1719 Alectoros
505 1658 622 1737 lophos,
640 1674 714 1737 quae
730 1658 805 1737 apud
819 1673 873 1717 nos
884 1658 972 1717 orista
983 1655 1096 1730 dicitur,
1111 1654 1155 1715 io-

165 1742 204 1802 lia
224 1741 312 1801 habet
329 1742 431 1802 similia
447 1742 602 1818 gallinacei
614 1743 720 1801 cristae
734 1741 827 1821 plura,
843 1740 954 1801 caulem
968 1747 1092 1813 tenuem,
1109 1757 1155 1797 se·

165 1842 232 1885 men
255 1827 365 1903 nigrum
385 1826 415 1884 in
436 1826 556 1904 siliquis.
586 1826 663 1885 utilis
689 1823 873 1885 tussientibus
895 1831 979 1883 cocta
1004 1838 1068 1881 cum
1087 1821 1156 1882 laba

165 1909 261 1984 fresa,
283 1909 373 1969 melle
393 1908 490 1969 addito
514 1918 544 1969 et
570 1909 686 1985 caligini
714 1909 872 1982 oculorum.
912 1906 1034 1969 solidum
1056 1914 1214 1967 sementt.

167 1992 287 2051 coicitur
302 1992 330 2051 in
345 1991 470 2065 oculum,
484 2009 540 2051 nec
554 1991 660 2066 turbat,
677 1991 730 2052 sed
746 1994 774 2051 in
788 2009 821 2051 se
835 1990 988 2067 caliginem
1003 1987 1155 2067 contrahit,

163 2083 255 2134 mutat
271 2074 401 2133 colorem
416 2082 446 2133 et
465 2075 598 2150 exnigro
613 2074 741 2135 albicare
762 2075 862 2154 incipit
883 2083 913 2134 et
935 2073 1095 2134 intumescit
1120 2090 1157 2133 ac

189 2174 221 2215 er
234 2174 268 2215 se
285 2159 353 2216 exit.

124 2174 185 2302 alp
232 2240 262 2299 6.
286 2238 369 2318 (24)
384 2238 470 2299 Alam
480 2254 535 2297 nos
545 2254 693 2314 vocamus,
708 2236 811 2300 Graeci
823 2240 995 2319 symphyton
1006 2248 1156 2318 petraeum

167 2321 261 2381 simile
282 2322 394 2382 cunilae
408 2321 550 2397 bubulae,
567 2321 647 2381 loliis
664 2323 777 2401 parvis,
794 2325 878 2383 ramis
894 2323 984 2383 tribus
1005 2331 1054 2381 aut
1073 2330 1153 2399 quat·
1164 2340 1192 2381 as

168 2414 233 2464 tuor
255 2421 272 2465 a
291 2404 406 2482 radice,
433 2404 627 2465 cacuminibus
648 2406 752 2481 thymi,
776 2408 970 2481 surculeum,
996 2406 1156 2481 odoratum,
1200 2478 1203 2485 .

167 2487 252 2549 dulce
268 2497 371 2564 gustu,
391 2489 510 2549 salivam
525 2489 622 2565 ciens,
648 2489 746 2550 radice
761 2488 849 2567 longa
862 2489 955 2550 rutila.
985 2491 1110 2549 nascitur
1125 2490 1157 2549 iu

167 2574 260 2650 petris
280 2570 347 2630 ideo
371 2581 519 2649 petraeum
542 2574 787 2650 cognominatum,
810 2574 987 2633 utilissimum
1005 2570 1155 2647 lateribus,

165 2654 293 2731 renibus,
307 2655 484 2732 torminibus,
502 2656 626 2734 pectori,
642 2655 839 2735 pulmonibus,
855 2658 1020 2732 sanguinem
1032 2656 1155 2715 reicien-

167 2738 253 2813 tibus,
269 2735 399 2798 iaucibus
414 2740 536 2817 asperis.
562 2737 667 2799 bibitur
678 2740 835 2801 radixtrita
848 2750 880 2819 et
894 2742 921 2799 in
939 2741 1005 2800 vino
1020 2740 1156 2817 decocta,
1167 2758 1195 2801 so

124 2830 160 2884 42
172 2830 202 2881 et
216 2820 367 2899 aliquando
385 2822 578 2901 superlinitur.
615 2823 683 2902 quin
705 2832 734 2883 et
749 2822 971 2883 conmanducata
985 2823 1058 2883 sitim
1073 2822 1158 2883 sedat

167 2906 381 2983 praecipueque
398 2906 558 2984 pulmonem
572 2907 737 2985 refrigerat.
760 2907 864 2965 luxatis
881 2924 996 2984 quoque
1011 2907 1158 2986 inponitur

168 2995 199 3047 et
218 2988 376 3063 contunsis,
391 2988 460 3048 lenit
476 2990 632 3049 interanea.
657 2990 751 3049 alvom
762 2989 837 3047 sistit
852 2998 936 3049 cocta
950 2993 978 3049 iu
993 2991 1091 3049 cinere
1106 2989 1157 3050 de·

167 3072 324 3148 tractisque
348 3071 486 3131 folliculis
508 3074 573 3132 trita
594 3089 658 3133 oum
681 3073 789 3151 piperis
809 3072 907 3147 granis
929 3060 1034 3133 novem
1063 3082 1094 3133 et
1118 3092 1159 3134 ex

168 3170 243 3231 aqua
256 3162 335 3231 pota.
365 3153 533 3214 volneribus
546 3156 679 3216 sanandis
700 3163 776 3215 tanta
790 3157 964 3231 praestantia
979 3166 1024 3217 est
1040 3165 1073 3221 ut
1094 3174 1158 3217 car·
1169 3172 1198 3214 aa

167 3237 213 3295 nis
232 3252 363 3313 quoque,
381 3238 447 3297 dom
463 3247 615 3315 cocuntur,
633 3237 810 3314 conglutinet
827 3237 938 3314 addita,
958 3240 1034 3299 unde
1051 3239 1159 3301 Graeci

125 3328 161 3385 43
172 3337 275 3379 noman
289 3321 453 3397 inposuere.
483 3321 599 3381 ossibus
615 3338 730 3399 qnoque
741 3319 840 3380 fractis
855 3321 992 3383 medetur.
1026 3324 1055 3383 7.
1071 3322 1158 3404 (25.)

169 3401 246 3480 Alga
259 3402 322 3463 ruia
337 3406 521 3484 scorpionum
536 3404 649 3465 ictibus.
