2484 3817
75 135 98 218 p
143 113 205 176 144
482 125 513 175 c.
528 127 624 175 annu
637 124 789 177 snounnr

143 282 236 340 vetnit
254 279 284 336 in
299 277 353 336 hac
365 293 477 352 gemma
491 278 527 338 ah
543 277 602 338 alio
616 297 650 338 se
664 278 756 356 scalpi
773 295 855 356 quan
869 276 1056 354 aPyrgotele
1076 295 1137 340 nen

143 362 230 422 dubie
248 362 409 422 clarissimo
431 363 499 434 artis
522 363 595 421 eins.
635 361 705 422 Post
725 378 789 420 earn
804 360 999 439 Apollonides
1018 368 1048 420 et
1064 357 1136 424 Gro-

141 448 207 505 nius
224 447 255 505 in
271 445 367 524 gloria
379 445 463 505 inere
480 447 586 523 quique
604 444 662 505 divi
676 444 800 521 Augusti
817 445 971 520 imaginem
991 445 1137 508 simillime

142 531 308 606 expressit,
325 545 380 605 qua
395 537 499 606 postea
516 530 663 606 principes
679 530 810 604 signant,
827 527 1026 587 Dioscorides.
1056 528 1137 588 Sulla

111 612 265 679 adiciator
277 613 431 672 traditione
440 611 596 688 Iugurthae
608 630 725 690 semper
736 613 870 688 signavit.
891 609 1028 688 Estapud
1038 621 1159 672 aucto-⁵
1179 673 1181 678 ,

141 714 192 756 res
209 705 240 756 et
254 696 495 764 Intercatiensem
513 695 592 754 illum
611 697 691 756 ouius
714 703 825 773 patrem
840 693 939 772 Scipio
957 695 1137 756 Aemilianus
1152 757 1155 766 ,
1187 693 1193 700 '

142 796 181 840 ex
207 781 417 857 provocatione
441 781 628 839 interiecerat
650 795 765 856 pugnae
787 781 849 838 eius
871 778 1136 857 eihgie'signasse,

142 863 261 940 volgato
282 862 402 922 Stilonis
423 861 594 922 Praeconini
618 862 698 940 sale,
720 862 851 940 quidnam
871 862 963 921 luisse
983 863 1135 940 iacturum,

99 961 135 1013 10
143 950 168 1007 si
182 948 281 1025 Scipio
301 965 317 1005 a
340 955 423 1024 patre
439 947 509 1006 eius'
522 948 713 1023 interemptus
736 945 851 1005 luisset.
886 945 970 1004 divos
986 946 1135 1022 Augustus

141 1033 218 1091 inter
232 1032 312 1089 initia
328 1029 451 1106 sphinge
469 1030 602 1104 signavit.
634 1029 704 1088 duas
719 1031 748 1088 in
764 1030 861 1089 matris
876 1028 968 1088 anulis
985 1047 1033 1089 eas
1048 1029 1172 1088 indis-1⁰

141 1124 242 1175 cretae
256 1112 449 1171 similitudinis
461 1114 623 1170 invenerat.
651 1112 743 1172 altera
752 1131 806 1191 per
815 1111 893 1174 bella
905 1113 1000 1172 civilia
1012 1113 1134 1172 absente

141 1201 208 1276 ipso
222 1197 304 1254 amici
318 1198 473 1271 signavere
490 1195 631 1271 epistulas
644 1205 675 1254 et
690 1196 784 1255 edicta
797 1213 871 1273 quae
882 1199 957 1255 ratio
975 1205 1136 1274 temporum
1159 1273 1161 1277 ι

140 1282 256 1340 nomine
271 1281 334 1337 eius
354 1278 435 1337 reddi
452 1278 635 1357 postulabat,
658 1295 717 1338 non
734 1280 852 1339 inticeto
872 1279 975 1357 lepore
992 1282 1135 1357 accipien-

141 1366 226 1438 tium,
247 1365 407 1439 aenigmata
422 1362 538 1422 adferre
554 1380 617 1421 eam
632 1361 791 1440 sphingem.
824 1365 933 1440 quippe
957 1366 1042 1422 etiam
1057 1362 1135 1422 llae-

141 1447 251 1506 cenatis
273 1465 342 1507 rana
358 1465 412 1524 per
428 1446 609 1511 conlationes
635 1449 820 1523 pecuniarum
846 1448 876 1505 in
889 1464 992 1522 magno
1017 1455 1170 1506 terrorem
1229 1499 1232 1502 .

141 1538 214 1590 erat.
242 1531 392 1607 Angustus
407 1540 512 1608 postea
523 1530 558 1589 ad
573 1530 705 1589 evitanda
720 1531 851 1590 convicia
866 1529 995 1608 sphingis
1006 1530 1134 1590 Alexan·

141 1614 185 1674 dri
201 1612 297 1690 hlagni
315 1617 439 1691 imagine
455 1615 589 1690 signavit.

100 1712 132 1762 11
203 1698 264 1775 (5)
284 1696 415 1757 Gemmas
436 1697 544 1774 pluris,
571 1697 648 1796 quod
672 1699 828 1775 peregrino
850 1697 997 1776 appellant
1017 1699 1134 1758 nomine

141 1780 395 1858 dactyliothecam,
427 1783 534 1858 primns
568 1783 692 1840 omnium
722 1780 831 1841 Romae
860 1781 958 1841 habuit
984 1782 1132 1858 privignus

141 1864 239 1924 Sullae
267 1865 409 1938 Scaums,
440 1863 545 1941 diuque
573 1864 663 1922 nnlla
681 1865 736 1924 alia
761 1865 831 1941 luit,
858 1866 952 1925 donec
977 1864 1131 1952 Pompeius
1142 1880 1169 1920 oo

19 1947 23 1959 '
140 1947 261 2024 Magnus
277 1966 351 2024 quae
367 1946 541 2007 Mithridatis
563 1949 644 2022 regis
665 1948 761 2007 luerat
781 1945 857 2008 inter
876 1947 980 2008 dona
971 1967 1001 2007 ιιι
1017 1940 1133 2025 Capito·

141 2031 324 2107 liodicaret,
357 2035 388 2086 nt
418 2033 508 2107 Varro
536 2033 643 2104 aliique
669 2033 772 2090 aetatis
806 2034 868 2090 eius
894 2042 1029 2093 auctores
1064 2048 1133 2090 con·
1200 2043 1204 2048 ·

141 2115 269 2190 firmant,
296 2113 413 2172 multum
439 2100 596 2191 praelatam
622 2112 730 2174 Scauri.
776 2113 833 2172 hoc
859 2113 994 2194 exemplo
1024 2111 1133 2174 Caesar

66 2248 70 2256 .
140 2197 265 2256 dictator
287 2215 341 2255 sex
358 2197 584 2273 dactyliothecas
606 2198 636 2256 in
656 2198 728 2258 aede
745 2196 872 2256 Veneris
887 2195 1049 2257 Genetricis
1064 2213 1130 2257 con·

141 2281 283 2355 se‘cravit,
304 2278 458 2340 lilarcellus
476 2281 594 2340 Octavia
609 2283 725 2357 genitus
746 2283 775 2339 in
793 2281 865 2340 aede
883 2279 1002 2361 Palatini
1018 2279 1131 2358 Apolli·
1142 2301 1167 2340 as

141 2365 185 2424 nis
202 2380 292 2422 unam.

99 2460 134 2514 12
207 2446 267 2524 (6.)
288 2446 419 2506 Victoria
441 2457 534 2506 tamen
556 2448 605 2507 illa
625 2447 744 2526 Pompei
766 2449 887 2524 primum
908 2447 944 2508 ad
963 2449 1130 2536 margaritas

141 2548 326 2608 gemmasque
341 2548 437 2589 mores
453 2530 617 2607 inclinavit,
638 2533 712 2591 sicut
728 2531 759 2590 L.
773 2531 917 2609 Scipionis
933 2540 963 2590 et
979 2528 1030 2590 Cn.
1043 2521 1130 2590 llanli

141 2614 176 2674 ad
192 2614 331 2672 caelatum
347 2624 494 2690 argentum
517 2624 546 2672 et
561 2617 654 2674 vestis
670 2614 810 2673 Attalicas
834 2624 864 2675 et
883 2614 1005 2674 triclinia
1020 2622 1129 2690 aerata,

141 2695 267 2757 sicnth.
290 2696 404 2756 Mummi
430 2697 465 2755 ad
485 2695 633 2757 Corinthia
657 2706 686 2758 et
711 2696 819 2756 tabulas
841 2701 943 2776 pictas
984 2699 1012 2757 2.
1035 2695 1067 2756 ld
1088 2691 1188 2771 utico*

141 2775 253 2858 planius
269 2791 421 2857 noscatur,
442 2781 530 2839 verba
545 2800 583 2840 ex
598 2783 688 2859 ipsius
703 2780 822 2859 Pompei
839 2780 1045 2859 triumphorum
1057 2783 1129 2840 actis

100 2878 134 2931 13
144 2864 291 2925 subiciam.
316 2882 388 2941 ergo
391 2866 489 2924 tertio
502 2865 656 2962 triumpho,
669 2881 752 2942 quem
767 2866 802 2924 de
816 2868 926 2944 piratis,
939 2865 1020 2940 Asia,
1034 2863 1130 2925 Ponto

108 2967 127 3008 ι,
139 2967 162 3000 ιι
187 2948 380 3024 gentibusque
398 2958 428 3007 et
442 2947 584 3024 regibus
576 2968 605 3007 ιιι
623 2950 917 3026 septumovolumins
935 2949 1033 3025 operis
1044 2946 1129 3006 huius
1177 3007 1182 3020 ,

141 3030 272 3090 indicatis
293 3030 331 3090 hl.
354 3030 460 3091 Pisone
482 3030 520 3090 hl.
543 3031 668 3092 llessala
697 3033 863 3092 consulibus
893 3031 986 3110 pridie
1012 3030 1129 3090 kalend.

142 3113 278 3173 Octobris
303 3115 390 3174 natali
414 3133 467 3174 suo
500 3118 578 3192 egit,
608 3116 751 3174 transtulit
778 3117 890 3180 alveum
917 3133 979 3176 cum
1005 3117 1164 3174 tesserisss

140 3196 280 3255 lusorium
296 3216 312 3257 e
328 3200 448 3291 gemmis
464 3197 573 3257 duabus
594 3198 680 3258 latum
701 3200 790 3277 pedes
808 3201 864 3258 tris
872 3199 1019 3276 ,longum
1036 3197 1128 3276 pedes

71 3288 74 3294 ·
106 3282 293 3363 quattuor,
309 3291 357 3357 et
369 3300 406 3339 ne
419 3299 482 3356 quis
495 3281 596 3343 effetas
611 3301 661 3342 res
674 3283 785 3342 dubitet
798 3283 872 3342 nulla
885 3300 1058 3360 gemmarum
1071 3299 1130 3341 ma·

138 3345 289 3434 gnitudine
311 3363 399 3422 hodie
415 3381 508 3442 prope
530 3366 565 3424 ad
577 3365 656 3458 hano
671 3366 882 3446 amplitudinem
899 3365 1107 3488 accedente,
1098 3385 1130 3427 nn
