2484 3817
274 95 279 110 ¹
347 134 442 190 'usn
457 141 548 189 uren.
563 142 671 188 xxxv.
691 141 732 192 1o.
749 127 876 208 (auat.)
1081 127 1121 190 87

124 295 340 374 tragoediarum
360 281 534 373 scriptorem
548 296 733 372 meditantem
748 303 779 356 et
799 295 935 355 athletam
953 302 983 354 et
998 295 1121 372 Antigo-

124 399 192 440 num
212 399 329 458 regem,
348 387 467 439 matrem
479 378 652 438 Aristotelis
666 377 852 457 philosophi,
873 380 926 456 qui‘
938 379 966 438 ei
984 378 1123 438 suadebat
1171 435 1174 446 ,

124 473 157 524 ut
170 463 330 524 Alexandri
348 462 446 540 blagui
463 480 553 540 opera
568 463 704 540 pingeret
721 472 845 541 propter
859 463 1063 523 aeternitatem
1078 482 1122 522 re·

124 566 195 607 rum.
233 550 358 626 impetus
375 547 461 606 animi
477 555 507 607 et
530 546 669 624 quaedam
688 548 758 604 artis
774 545 865 606 libido
886 546 916 605 in
937 544 1009 606 haec
1025 549 1122 625 potius

99 650 190 692 aeum
205 632 309 693 tulere.
325 631 483 692 novissime
493 631 587 709 pinxit
598 627 796 689 Alexandrum
809 647 843 689 ae
859 628 946 689 Pana.
964 630 1034 689 lecit
1048 639 1078 690 et
1100 650 1130 694 aa,
1142 651 1163 686 a

123 717 207 792 signa
223 735 262 776 ex
277 734 364 792 aere,
387 724 419 773 ut
435 713 567 774 diximus.
598 713 662 790 [21]
682 710 790 772 Eadem
812 721 908 774 aetate
931 713 984 772 luit
1001 712 1165 786 Ascle-107
1196 765 1201 781 .

123 799 275 878 pindarus,
289 818 375 878 quem
386 800 415 857 in
431 798 596 874 symmetria
609 796 766 856 mirabatur
778 795 909 874 Apelles.
938 795 1005 856 huic
1022 795 1122 856 Nnaso

123 893 263 960 tyrannus
281 901 335 960 pro
351 882 504 942 duodecim
519 879 562 939 dis
578 879 658 940 dedit
676 881 706 939 iu
726 880 859 958 singulos
879 881 970 942 minas
987 881 1123 955 tricenas,

122 967 259 1043 idemque
274 965 473 1026 Theomnesto
489 965 519 1024 in
532 963 664 1041 singulos
683 963 790 1024 heroas
807 967 935 1025 vicenas.
966 963 1030 1042 [22]
1053 963 1104 1022 llis
1117 973 1167 1026 108
1205 1020 1207 1028 ,

52 1056 55 1060 ’
87 1072 113 1113 ao
123 1051 304 1109 adnumerari
323 1049 413 1109 debet
434 1057 465 1109 et
485 1047 676 1108 Nicomachus
692 1048 830 1108 Aristiaci
852 1047 926 1108 lulius
949 1065 983 1108 ac
1002 1046 1125 1125 discipu-

122 1133 180 1192 lus.
213 1133 307 1210 pinxit
322 1142 435 1211 raptum
454 1132 668 1210 Proserpinae,
687 1148 761 1209 quae
777 1131 872 1191 tabula
888 1132 942 1190 luit
956 1132 985 1190 iu
1004 1129 1122 1209 Capito-

122 1215 163 1274 lio
182 1217 211 1274 iu
227 1214 376 1278 hlinervae
397 1216 520 1277 delubro
544 1233 631 1294 supra
654 1214 812 1276 aediculam
834 1214 1011 1290 luventatis,
1041 1223 1070 1274 et
1096 1216 1125 1274 in

123 1299 228 1358 eodem
241 1297 406 1378 Capitolio,
421 1318 503 1378 quam
514 1299 636 1361 Plancus
653 1300 811 1377 imperator
826 1307 981 1377 posuerat,
994 1298 1126 1358 Victoria

124 1383 290 1460 quadrigam
306 1384 335 1442 in
352 1382 475 1443 sublime
496 1385 626 1461 rapiens.
656 1380 735 1450 Ulixi
752 1385 860 1460 primus
878 1376 984 1443 addidit
1005 1381 1122 1461 pileum.

88 1488 112 1528 1⁵
123 1468 215 1544 pinxit
233 1476 262 1526 et
278 1467 447 1544 Apollinem
468 1486 502 1527 ac
518 1467 654 1543 Dianam,
677 1467 819 1542 deumque
833 1475 953 1525 matrem
968 1467 997 1525 iu
1014 1466 1102 1526 leone
1116 1475 1167 1530 109

122 1548 290 1627 sedentem,
306 1553 376 1612 item
390 1551 499 1610 nobilis
514 1551 642 1610 Bacchas
665 1548 887 1626 obreptantibus
903 1548 1026 1624 Satyris,
1044 1548 1124 1625 Scyl·

122 1633 237 1712 lamque
256 1652 329 1712 quae
345 1652 420 1693 nune
438 1642 484 1693 est
495 1633 605 1693 Romae
621 1635 650 1692 in
668 1632 775 1711 templo
789 1632 883 1692 Pacis.
911 1651 967 1692 nee
981 1633 1034 1692 luit
1050 1633 1123 1692 alius
1144 1679 1149 1689 ,

122 1719 152 1777 in
170 1735 206 1777 ea
222 1726 286 1776 arte
307 1717 449 1776 velocior.
483 1717 597 1775 tradunt
613 1733 736 1793 namque
758 1715 934 1776 conduxisse
950 1715 1124 1794 pingendum
1147 1779 1152 1785 ,

123 1801 159 1860 ab
187 1800 336 1859 Aristrato
358 1798 560 1875 Sicyoniorum
581 1808 703 1874 tyranno
725 1798 802 1877 quod
823 1801 847 1859 is
869 1800 996 1860 faciebat
1012 1798 1122 1860 Telesti

88 1905 115 1944 ao
124 1892 231 1960 poetae
250 1891 464 1942 monumentum
482 1883 636 1961 praefinito
659 1883 706 1942 die
723 1885 797 1942 iutra
814 1901 898 1961 quem
919 1893 1122 1963 perageretur,

123 1984 177 2026 nec
191 1965 282 2032 multo
297 1968 495 2052 antevenisse
511 1975 633 2042 tyranno
649 1969 678 2026 iu
689 1985 813 2046 poenam
827 1984 951 2027 accenso
964 1968 1122 2046 paucisque

123 2050 226 2110 diebus
243 2049 409 2110 absolvisse
425 2059 455 2110 et
470 2050 623 2111 celeritate
639 2060 670 2111 et
685 2059 748 2110 arte
763 2052 842 2110 mira.
872 2050 1038 2130 Discipulos
1055 2050 1102 2120 ba·
1114 2065 1166 2116 110

123 2134 185 2194 buit
205 2133 375 2194 Aristonem
394 2134 514 2194 tratrem
540 2143 570 2194 et
589 2133 742 2194 Aristiden
764 2133 850 2193 tilium
871 2143 901 2194 et
931 2134 1121 2194 Philoxenum

123 2217 287 2294 Eretrium,
317 2219 397 2276 cuius
425 2217 521 2277 tabula
547 2217 635 2277 nullis‘
661 2218 849 2296 postferenda
872 2217 1033 2278 Cassandro
1056 2221 1120 2295 regi

90 2303 200 2379 napicta
222 2303 364 2374 continuit
379 2300 538 2361 Alexandri
561 2302 704 2378 proelium
726 2319 789 2362 cum
803 2301 901 2362 Dario.
935 2302 1010 2362 idem
1027 2303 1119 2380 pinxit

125 2393 155 2444 et
168 2385 330 2463 lasciviam,
346 2387 376 2445 iu
389 2403 445 2463 qua
460 2393 521 2445 tres
538 2384 629 2444 Sileni
646 2387 844 2446 comissantur.
873 2387 922 2445 hic
939 2385 1120 2445 celeritatem

114 2471 325 2546 *praeceptoris
346 2478 464 2529 secutus
486 2468 642 2530 breviores
666 2471 818 2529 etiamnum
836 2469 972 2548 quasdam
988 2470 1117 2546 picturae

124 2551 343 2627 conpendiarias
359 2553 477 2613 invenit.
506 2551 570 2631 [23]
586 2551 798 2612 Adnumeratur
811 2553 856 2612 his
873 2563 903 2612 et
913 2551 1097 2630 Nicophanes
1110 2565 1159 2618 111
1230 2567 1231 2573 ’

125 2633 244 2710 elegans
263 2653 297 2693 ac
311 2638 468 2696 concinnus
485 2637 524 2696 ita
546 2644 577 2695 ut
591 2644 744 2698 venustate
763 2639 789 2696 ei
806 2637 892 2713 pauci
914 2644 1116 2715 conparentur.

91 2743 116 2784 30
125 2717 280 2777 cothurnus
305 2719 333 2778 ei
351 2727 381 2778 et
399 2721 527 2796 gravitas
544 2720 616 2779 artis
637 2720 753 2779 multum
777 2717 940 2780 aZerrxide
963 2728 993 2778 et
1010 2718 1117 2797 Apelle
1140 2755 1143 2760 -

126 2802 218 2861 abest.
236 2800 351 2879 Apellis
368 2800 524 2881 discipulus
539 2802 678 2879 Perseus,
696 2803 731 2863 ad
749 2821 834 2881 quem
850 2802 886 2862 de
901 2800 954 2862 heo
969 2811 1032 2862 arte
1048 2805 1118 2862 scri·

51 2887 58 2898 ‘
124 2886 199 2962 psit,
224 2885 306 2943 huius
322 2884 417 2944 iuerat
431 2888 546 2946 aetatis.
591 2887 729 2947 Aristidis
753 2885 882 2946 Thebani
903 2885 1035 2963 discipuli
1056 2886 1118 2948 iue-

124 2978 187 3028 runt
198 2978 228 3028 et
239 2968 290 3028 lilii
302 2966 426 3029 Niceros
441 2970 623 3047 etAristou,
637 2973 718 3031 cuius
736 2978 782 3028 est
794 2968 912 3046 Satyrus
929 2987 991 3028 eum
1007 2968 1116 3048 scypho
1172 2997 1178 3006 ¹

124 3060 296 3129 coronatus,
321 3051 453 3131 discipuli
474 3051 632 3114 Antorides
654 3062 684 3114 et
702 3052 889 3130 Euphranor,
910 3053 947 3112 do
971 3069 1028 3131 quo
1049 3071 1117 3112 mox

92 3135 257 3196 dedicemus.
1124 3157 1158 3190 na

186 3220 268 3298 (37.)
286 3218 415 3299 Namque
432 3218 547 3280 subtexi
564 3239 617 3300 par
633 3227 679 3281 est
692 3221 811 3280 minoris
826 3221 954 3298 picturae
967 3219 1094 3280 celebris
1108 3229 1160 3283 112

124 3304 153 3362 iu
166 3302 322 3381 penicillo,
345 3323 363 3363 e
379 3303 482 3381 quihus
495 3303 549 3364 luit
567 3304 724 3365 Piraeicus.
757 3313 821 3365 arte
835 3306 934 3383 paucis
950 3304 1114 3383 postferen-

124 3386 174 3446 dus
199 3389 353 3467 proposito
379 3389 480 3450 nescio
500 3404 537 3447 an
566 3387 743 3448 destruxerit
764 3407 814 3466 se,
844 3389 976 3469 quoniam
1000 3387 1114 3448 humilia
