2484 3817
134 152 176 213 20
478 166 509 215 o.
529 168 626 215 vuum
639 165 792 215 arcuum

134 320 242 382 candor
255 321 397 401 pallorem
414 320 615 398 chrysocollae
634 321 755 383 adierat.
793 320 898 381 luteam
913 329 1013 399 putaut
1035 339 1053 381 a
1068 321 1135 382 luto

134 404 226 465 herba
246 406 365 480 dictam,
387 423 470 483 quam
491 408 582 485 ipsam
599 406 737 465 caeruleo
756 404 908 464 subtritam
933 422 987 482 pro
1012 404 1135 481 chryso·

134 488 210 548 colla
224 488 379 565 inducunt,
396 488 535 549 vilissimo
551 508 662 566 genere
678 498 766 567 atque
781 488 977 549 fallacissimo.
1061 522 1066 541 ,

91 580 126 638 92
200 568 283 655 (28.)
307 570 384 632 Usus
400 572 601 648 chrysocollae
619 582 650 633 ει
668 574 698 631 in
712 571 853 632 medicina
868 572 965 631 estad
981 572 1134 650 purganda

133 654 255 715 volnera
271 672 333 715 curn
350 674 419 715 cera
436 664 524 734 atque
541 656 620 715 oleo.
655 655 757 716 eadem
776 673 830 734 per
850 675 884 714 se
899 655 978 715 arida
993 658 1083 715 siccat
1101 664 1156 718 ets

134 738 286 799 contrahit.
323 738 406 799 datur
428 749 458 799 et
482 742 511 799 in
536 742 641 816 angina
663 740 884 817 orthopnoeave
911 738 1046 815 lingenda
1068 758 1135 799 curu

133 822 231 883 melle.
262 825 388 883 concitat
407 824 598 899 vomitiones,
624 825 763 883 miscetur
778 832 809 882 et
822 822 953 897 collyriis
970 822 1006 881 ad
1019 825 1135 883 cicatri-

133 924 183 966 ces
201 906 349 967 oculorum
370 925 403 965 ac
423 906 563 966 viridibus
579 906 745 984 emplastris
763 906 797 966 ad
812 906 931 965 dolores
946 906 1133 984 mitigandos,

133 992 286 1050 cicatrices
301 990 463 1050 trahendas.
486 990 559 1049 hano
574 990 786 1065 chrysocollam
802 989 905 1049 medici
920 992 1020 1049 ucesiu
1031 990 1134 1068 appel·

91 1084 125 1138 93
136 1074 211 1150 lant,
226 1092 300 1151 quae
318 1092 375 1133 non
392 1082 438 1133 εει
454 1072 588 1133 orobitis.
619 1074 703 1153 (29.)
721 1073 939 1151 Chrysocolleru
950 1082 981 1133 et
995 1074 1130 1134 aurilices
1141 1095 1169 1134 ro

134 1158 190 1216 sibi
205 1157 348 1217 vindicant
364 1157 568 1233 adglutinando
587 1176 671 1234 auro,
683 1168 714 1217 et
726 1158 793 1218 inde
809 1159 901 1218 omnis
915 1157 1077 1235 appellatas
1093 1161 1132 1217 si·

133 1241 241 1300 militer
258 1243 378 1301 virentis
390 1242 494 1301 dicunt.
519 1249 698 1319 temperatur
715 1250 809 1300 autem
823 1239 1084 1319 Cypria-aerugine
1100 1252 1131 1302 ει

133 1327 216 1402 pueri
232 1325 348 1403 inpubis
364 1326 444 1383 urina
468 1323 565 1384 addito
585 1328 680 1400 nitro,
703 1326 866 1403 teriturque
881 1322 990 1402 Cyprio
1016 1342 1085 1385 aere
1100 1328 1130 1385 in

134 1405 250 1486 Gypriis
265 1409 430 1484 mortariis,
448 1417 611 1467 santernam
626 1416 739 1467 vocant.
777 1410 818 1467 ita
830 1409 1019 1467 feruminatur
1032 1427 1130 1468 aurum

133 1492 210 1569 quod
232 1500 419 1569 argentosum
444 1500 557 1551 vocant.
600 1494 713 1568 signum
735 1499 798 1567 est,
830 1493 856 1550 si
877 1491 973 1550 addita
994 1500 1128 1552 santerna
1139 1513 1166 1551 ss

133 1577 259 1635 nitescit.
298 1574 454 1634 ediverso
478 1593 612 1635 aerosum
636 1574 780 1633 contrahit
807 1594 840 1634 se
863 1575 1074 1652 hebetaturque
1096 1584 1128 1634 et

133 1658 292 1718 difficulter
311 1659 510 1739 lerunrinatur.
551 1659 586 1717 ad
607 1658 636 1717 id
658 1658 798 1735 glutinum
815 1660 846 1717 lit
863 1676 934 1719 auro
952 1666 983 1718 ει
998 1668 1129 1737 septuma

133 1744 246 1819 argenti
264 1742 370 1820 [parte]
387 1741 421 1800 ad
442 1760 529 1819 supra
544 1743 619 1801 dicta
633 1742 736 1801 additis
759 1760 871 1819 unaque
889 1744 975 1802 tritis.

90 1836 125 1890 94
199 1826 281 1903 (30.)
305 1823 489 1901 contexique
505 1843 557 1903 par
576 1835 621 1886 est
636 1826 748 1903 reliqua
764 1828 841 1886 circa
856 1826 928 1902 hoc,
948 1834 978 1884 ut
993 1829 1129 1887 uniuersa

129 1918 252 1969 naturae
270 1909 418 1985 contingat
436 1909 593 1968 admiratio.
626 1909 706 1968 Auro
722 1909 861 1985 glutinum
875 1918 922 1969 est
938 1910 1012 1986 tale,
1026 1910 1164 1987 argillam

132 1994 231 2067 lerro,
254 1990 371 2050 cadmea
389 1994 465 2050 aeris
481 1994 603 2069 massis,
627 1992 739 2050 alumen
760 1992 878 2068 lamnis,
897 1995 994 2053 resina
1010 1993 1127 2071 plumbo

133 2085 164 2137 et
191 2076 343 2150 marmori,
369 2083 400 2134 et
422 2075 566 2152 plumbum
590 2077 704 2151 nigrum
731 2076 799 2136 albo
825 2078 952 2153 iungitur
976 2078 1127 2153 ipsumque

132 2159 227 2219 album
250 2157 306 2219 sihi
327 2159 412 2235 oleo,
435 2160 505 2217 item
527 2168 659 2236 stagnum
682 2162 873 2237 aeramentis,
895 2168 998 2236 stagno
1023 2176 1126 2234 argen-

133 2252 201 2302 tum.
239 2240 338 2301 Pineis
364 2251 480 2319 optume
502 2243 588 2320 lignis
606 2262 656 2303 aes
672 2243 837 2322 ferrumque
862 2242 1003 2319 inluditur,
1024 2243 1127 2302 sedet

132 2326 282 2403 Aegyptio
305 2344 436 2403 papyro,
457 2326 546 2402 paleis
568 2344 674 2386 aurum.
721 2326 793 2388 Gala
817 2345 889 2405 aqua
909 2326 1073 2386 accenditur
1095 2334 1164 2387 etas

133 2409 272 2469 Thracius
295 2409 386 2487 lapis,
409 2409 483 2467 idem
504 2409 571 2468 oleo
595 2413 802 2488 restinguitur,
828 2412 904 2488 ignis
924 2420 1018 2470 autem
1040 2419 1126 2470 aceto

52 2500 54 2508 ’
132 2511 264 2552 maxume
287 2501 316 2553 et
336 2495 417 2551 visco
440 2501 470 2551 et
493 2510 559 2553 ovo.
604 2493 695 2554 Terra
715 2497 838 2554 minume
861 2493 980 2571 flagrat,
1006 2494 1126 2554 carboni

132 2579 177 2637 vis
192 2579 284 2636 maior
299 2584 403 2636 exusto
421 2578 581 2657 iterumque
598 2576 737 2655 flagranti.

90 2674 124 2728 95
197 2661 226 2722 6.
250 2660 332 2739 (31.)
354 2658 401 2719 Ab
424 2658 468 2717 his
485 2662 596 2736 argenti
612 2660 727 2721 metalla
741 2659 888 2738 dicantur,
908 2678 981 2740 quae
997 2680 1125 2739 sequens

132 2746 243 2806 insania
256 2752 310 2805 est.
330 2742 453 2803 Nonnisi
468 2744 497 2802 in
514 2748 610 2820 puteis
631 2745 778 2821 reperitur
795 2744 930 2822 nullaque
947 2763 1001 2823 spe
1019 2748 1061 2805 sui
1077 2764 1161 2809 nat-ac

134 2831 240 2905 scitur,
261 2827 347 2887 nullis
363 2835 392 2885 ut
408 2830 438 2886 in
453 2843 522 2886 auro
539 2827 703 2887 lucentibus
720 2827 861 2888 scintillis.
901 2838 977 2888 terra
992 2838 1039 2889 est
1053 2828 1125 2888 alias

132 2910 237 2988 rubra,
256 2910 326 2970 alias
341 2912 500 2969 cineracea.
529 2912 652 2989 excoqui
668 2926 726 2970 nou
737 2920 847 2989 potest,
863 2912 918 2971 nisi
929 2929 991 2971 cum
1006 2912 1123 2989 plumbo

134 2996 219 3071 nigro
235 3002 283 3054 aut
302 3011 364 3053 cum
384 3012 458 3053 vena
475 2994 597 3072 plumbi,
612 2994 745 3071 galenam
758 3003 880 3072 vocant,
895 3013 969 3072 quae
986 2998 1065 3055 iuxta
1079 3014 1124 3055 ar-

133 3080 215 3155 genti
235 3094 324 3135 venas
347 3077 516 3155 plerumque
541 3079 697 3155 reperitur.
731 3086 761 3137 et
783 3077 887 3138 eodem
908 3096 1000 3156 opere
1015 3080 1122 3157 ignium

134 3160 256 3220 discedit
272 3177 340 3236 pars
356 3162 385 3219 iu
405 3159 566 3237 plumbum,
587 3170 737 3237 argentum
757 3170 852 3221 autem
869 3164 977 3223 innatat
994 3181 1120 3242 superne
1131 3178 1160 3219 ss

92 3254 127 3309 96
139 3251 169 3302 ut
185 3243 279 3302 oleum
295 3245 385 3319 aquis.
411 3242 567 3318 Reperitur
581 3246 610 3302 in
627 3245 758 3305 omnibus
772 3262 866 3322 paene
882 3248 1052 3324 provinciis,
1068 3246 1122 3307 scd

135 3328 164 3385 in
178 3324 314 3402 Hispania
338 3324 574 3403 pulcherrimum,
599 3327 629 3386 id
650 3346 766 3406 quoque
786 3329 815 3386 in
836 3327 929 3410 sterili
952 3330 1018 3390 solo
1034 3339 1123 3407 atque

135 3410 220 3467 etiarn
234 3408 395 3484 montibus,
409 3414 438 3466 et
454 3408 625 3489 ubicumque
639 3429 693 3471 una
706 3413 905 3472 inventavena
921 3422 967 3473 est
981 3430 1039 3473 nou
1053 3431 1124 3491 pro·
