2484 3817
147 203 190 268 'id
495 213 528 266 e.
545 211 806 264 rumusacoam

148 371 198 448 lio,
212 372 243 430 ia
256 372 352 431 uineis
364 377 539 430 meantem
561 369 646 430 aliam
658 385 733 428 raro
746 367 843 428 Mrem
856 363 1031 441 subitorum,
1044 381 1137 428 ranu-

148 455 187 514 lis
207 453 345 530 exilibus,
367 453 528 530 triangulis,
549 452 622 513 iolio
644 451 751 527 talieta
771 449 905 528 pediculo
922 448 1025 526 longo,
1047 448 1137 508 hetae

149 539 273 614 semina,
294 537 386 596 oruais
405 537 576 596 volneribus
597 536 776 613 praecipuas.
806 534 900 592 nostri
921 549 985 592 eam
1000 539 1138 611 quaeest

147 619 291 698 latissimo
306 619 378 679 iolio
394 637 499 697 seopas
514 620 612 695 regias
629 625 741 676 uocant.
765 616 897 677 medetur
913 616 1026 691 anginis
1045 632 1135 674 suum.

104 713 141 768 ts
211 701 296 780 (ab.)
317 701 432 762 inuenit
453 711 483 762 et
500 700 613 760 Teneor
634 700 735 760 eadem
757 707 854 760 aetate
876 698 1031 775 Teucrion,
1053 715 1163 776 quanio

148 785 263 863 quidam
280 785 447 846 hemionion
463 791 586 858 votam,
609 793 796 861 spargentem
814 785 916 842 iaueos
936 781 1043 857 tenuis,
1064 780 1136 840 iolla

148 884 249 946 parra,
273 870 387 946 asperis
405 867 477 927 loeis
500 875 684 942 nascentem,
708 875 827 926 austero
847 882 966 942 sapore,
986 881 1138 941 numquam

148 950 311 1011 florentem.
343 967 439 1027 neque
456 967 557 1009 semen
571 951 673 1025 gignit.
704 949 836 1008 medetur
851 947 989 1023 lienibus,
1008 955 1136 1006 eonstat·

148 1051 207 1112 que
233 1038 276 1094 sie
305 1036 465 1092 iuuentam:
487 1049 551 1091 eum
576 1040 644 1090 exta
669 1049 758 1108 super
779 1048 843 1091 eam
864 1032 996 1108 proiecta
1024 1038 1137 1106 essent,

149 1117 321 1176 adhaesisse
332 1116 400 1175 lieni
414 1132 537 1191 eumque
550 1115 724 1174 exinanisse.
750 1114 788 1173 ob
804 1113 864 1174 ida
878 1111 1047 1193 quibusdam
1058 1113 1138 1190 sple·
1149 1131 1177 1172 ao

103 1209 140 1264 dd
150 1203 221 1259 aion
234 1207 363 1258 vocatur
384 1207 500 1261 namot
514 1217 582 1257 sues
594 1215 642 1274 qur
635 1197 819 1256 ‘'radieem
791 1215 856 1256 erus
867 1196 981 1256 ediut'
957 1215 1021 1255 sune
1020 1195 1138 1274 splene

147 1283 281 1341 inveniri.
310 1281 423 1358 quidam
438 1281 523 1341 ranis
541 1281 646 1358 hysopi
663 1278 851 1355 surculosam,
871 1279 945 1338 iulio
967 1265 1064 1356 iubae,
1086 1296 1138 1338 eo·

147 1364 213 1424 dem
232 1365 348 1422 nomine
369 1363 516 1442 appellant
537 1373 568 1422 et
588 1363 688 1440 eolligi
713 1381 776 1422 curu
796 1362 901 1421 horeat
920 1361 1029 1422 iubent.
1063 1362 1138 1422 adeo

148 1446 258 1507 llorere
283 1462 341 1506 noa
366 1447 513 1522 dubitant,
542 1464 731 1523 maxumeque
759 1463 798 1505 ex
820 1443 929 1506 Gilieiis
954 1453 986 1504 et
1011 1444 1137 1505 Pisidiae

147 1531 294 1588 montibus
314 1530 436 1590 laudaut.
1150 1545 1177 1586 ιι

103 1622 139 1677 47
211 1612 261 1690 (21
271 1613 294 1690 .)
315 1612 535 1692 Melampodisi
532 1627 594 1672 ama
608 1611 793 1672 divinationis
807 1611 918 1670 artibus
932 1618 1001 1670 nom
1017 1619 1071 1671 est.
1100 1611 1138 1671 ab

147 1696 205 1755 hoe
228 1696 392 1774 appellatur
413 1713 498 1756 unum
519 1694 664 1756 hellebori
685 1712 780 1771 genus
799 1693 1021 1772 Melampodion.
1050 1693 1138 1772 ahqpi

146 1788 297 1857 pastorem
318 1779 421 1840 eodem
443 1781 558 1839 nomiae
578 1780 728 1838 invenisse
748 1778 878 1854 tradunt,
900 1792 1001 1855 eapras
1019 1779 1138 1854 purgari

147 1871 233 1939 pasto
254 1863 306 1936 illo
330 1862 621 1939 animadvertentem,
648 1863 774 1939 datoque
799 1861 876 1920 laete
895 1877 993 1920 eamn
1017 1877 1138 1920 sanasse

145 1945 300 2005 Proetidas
317 1945 448 2006 iuuentis.
485 1945 671 2022 quamohrem
688 1945 725 2004 de
744 1944 877 2005 omnihus
897 1945 960 2004 eius
976 1943 1136 2019 generibus
1148 1958 1179 2000 ιο

103 2027 207 2092 tediei
229 2027 311 2086 simul
327 2029 471 2087 convenit.
501 2027 595 2086 Prima
615 2027 673 2087 duo
694 2037 776 2102 sunt,
794 2026 943 2087 candidum
962 2043 996 2086 ae
1016 2027 1136 2102 nigrum.

147 2109 205 2170 hoe
227 2109 372 2168 radieihus
397 2117 505 2168 tantum
529 2110 664 2186 intellegi
686 2110 801 2169 tradunt
822 2110 966 2187 plerique,
994 2108 1042 2168 alii
1067 2108 1138 2167 lolia

146 2193 223 2269 nigri
247 2191 366 2269 platano
392 2192 495 2251 similia
522 2191 574 2250 sed
599 2195 710 2250 minora
725 2194 923 2275 nigrioraque
950 2199 981 2249 et
1005 2191 1136 2288 pluribus

145 2273 285 2333 divisuris
301 2277 403 2349 saissa,
420 2274 478 2332 albi
497 2273 585 2333 hetae
600 2263 776 2351 incipientis,
792 2273 865 2332 haee
879 2288 995 2348 quoque
1007 2274 1138 2349 nigriora

146 2365 179 2416 et
192 2357 332 2416 eaualium
347 2358 436 2416 dorso
452 2357 647 2416 ruheseeutia
683 2364 803 2433 utraque
826 2353 909 2414 eaule
929 2355 1015 2432 palmi
1032 2357 1140 2416 ferula·
1127 2384 1179 2424 -ιι

145 2457 214 2514 eeo,
235 2439 389 2499 bulborum
410 2441 514 2499 tuaiois
536 2439 706 2516 eoavoluto,
726 2437 823 2498 radiae
845 2437 985 2498 fimbriata
1001 2456 1139 2516 eeparuun

146 2523 242 2584 nodo.
273 2524 359 2598 nigro
374 2525 440 2600 equi
450 2565 459 2598 ,
483 2523 588 2597 hoves,
611 2539 679 2582 sues
695 2529 843 2597 neeantur,
866 2523 964 2598 itaque
978 2530 1083 2582 eareat
1095 2521 1138 2598 id,

147 2623 213 2666 eum
226 2605 347 2664 eandida
363 2613 526 2666 veneantur.
550 2606 754 2682 tempestivum
770 2623 838 2664 esse
854 2603 968 2663 tradunt
980 2605 1135 2664 messibus.

102 2689 309 2768 duplarumum
330 2695 427 2747 autem
446 2689 573 2748 nascitur
594 2689 625 2746 iu
639 2686 716 2748 Oete
736 2696 846 2762 moute,
866 2696 898 2745 et
919 2695 1064 2763 optumum
1076 2703 1137 2747 uno

146 2773 211 2832 eius
227 2771 294 2830 loeo
309 2773 386 2830 eirea
401 2769 512 2846 Pyram.
542 2772 656 2848 nigrum
674 2771 781 2848 ubique
797 2770 945 2849 provenit,
963 2771 1016 2830 sed
1031 2769 1136 2830 melius
1147 2787 1178 2831 aa

144 2855 176 2914 iu
198 2853 352 2929 Helieone,
374 2855 422 2931 qui
443 2870 525 2912 mous
548 2863 578 2914 et
601 2854 666 2913 aliis
689 2853 819 2913 laudatur
836 2852 946 2913 herbis.
988 2852 1139 2912 emdidum

145 2937 289 3015 probatur
308 2936 465 2996 seeundum
484 2935 626 2996 Oetaeum
640 2935 805 3012 Ponticum,
827 2937 916 2996 tertio
938 2935 1006 2996 loeo
1026 2933 1138 2995 Eleati-

144 3017 211 3079 eum
232 3019 310 3098 quod
330 3021 360 3079 in
382 3019 490 3078 sitibus
511 3021 590 3078 nasei
611 3021 725 3095 ierunt,
747 3027 849 3096 quarto
870 3017 1036 3079 Pmoasium
1057 3018 1138 3096 quod

144 3101 324 3164 adulteratur
335 3100 471 3162 Aetoliae
490 3120 528 3161 ex
543 3104 648 3162 ricino.
680 3103 793 3179 nigrum
807 3120 847 3161 ex
857 3101 903 3162 his
914 3100 1139 3178 Melampodion

145 3193 268 3260 noent,
292 3203 352 3262 quo
375 3193 406 3246 et
427 3185 528 3244 domos
550 3185 667 3245 suibuat
687 3193 879 3263 pergantque,
908 3191 1081 3263 spargentes
1103 3193 1176 3246 etat

102 3280 271 3344 aopeeora,
292 3285 356 3328 eura
377 3271 547 3346 precatione
564 3268 707 3328 sollemni.
737 3269 793 3327 hoe
813 3276 844 3328 et
864 3268 1033 3343 religiosius
1053 3268 1137 3328 eolli-

145 3351 237 3427 gitar,
259 3353 380 3428 priunum
403 3354 478 3411 enim
501 3351 599 3428 gladio
620 3351 874 3426 eiremnserihitur,
894 3351 962 3410 dein
976 3352 1025 3428 qui
1044 3353 1137 3411 suesi-

147 3449 233 3493 sarus
247 3441 295 3494 est
309 3443 402 3494 ortum
418 3443 530 3514 spectat
545 3443 575 3495 et
595 3445 732 3513 pretatur
752 3443 783 3495 ut
803 3434 832 3496 id
855 3433 942 3495 lineat
955 3433 1012 3494 sihi
1030 3451 1137 3494 eones·
