2484 3817
146 154 188 218 86
267 189 275 197 ,
490 163 794 213 c.ectrr1sncnrtn1

66 335 71 341 ’
149 337 231 401 quam
246 320 358 398 quidam
371 317 530 378 Nausicaan
543 325 658 392 vocant,
673 316 811 378 adiecerit
827 317 960 396 parvolas
976 319 1058 376 navis
1075 317 1144 378 lon-

147 421 201 481 gas
220 405 250 462 in
271 405 307 462 iis
328 419 402 481 quac
416 403 545 479 pictores
561 401 696 481 parergia
712 400 876 478 appellant,
899 409 929 459 nt
949 400 1107 479 adpareret
1124 421 1142 462 a

148 486 251 565 quitos
278 486 367 544 initiis
393 484 428 543 ad
448 501 544 544 arcem
569 485 773 543 ostentationis
800 501 891 561 opera
914 500 964 543 sua
987 487 1143 560 pervenis-

106 577 243 634 roasent.
286 567 410 628 Palmam
430 567 518 627 labet
538 567 696 626 tabularum
717 568 780 626 cius
801 566 930 642 Ialysus,
948 569 995 643 qni
1017 575 1063 626 est
1081 566 1144 627 Ro·

146 670 209 712 mae
231 654 342 717 dicatus
365 653 394 711 in
416 649 523 729 templo
544 649 638 710 Pacis.
678 667 740 709 cum
758 651 895 728 pingeret
912 667 993 726 enm,
1016 650 1165 711 traditure

146 735 265 796 madidis
280 735 386 813 lupinis
404 735 530 810 vixisse,
551 735 684 811 quoniam
700 733 780 792 simul
798 742 829 793 et
843 734 946 793 tamem
960 734 1142 794 sustinerent

147 827 177 879 et
195 820 271 878 sitim
287 837 343 878 nec
358 835 460 888 sensus
476 820 560 876 nimia
574 816 727 876 dulcedine
739 817 936 876 obstruerent.
967 815 1034 875 hnic
1047 818 1142 895 pictu-

146 919 197 962 rae
212 911 315 982 qnater
329 900 458 962 colorem
479 899 590 959 induxit
607 908 708 959 contra
723 900 851 960 subsidia
867 901 989 960 iniuriae
1011 908 1042 959 et
1057 908 1142 960 retn-

148 989 247 1063 statis,
261 994 293 1044 ut
308 984 468 1046 decedente
481 984 634 1060 superiore
650 984 771 1042 inferior
786 979 963 1042 succederet.
993 991 1040 1042 est
1058 984 1097 1042 in·
1105 1002 1141 1044 ea

87 1133 93 1144 ⁸
147 1071 225 1129 canis
243 1070 316 1127 mire
329 1068 421 1127 iactus
436 1075 467 1124 nt
482 1083 567 1142 quem
580 1067 690 1142 pariter
706 1074 737 1124 et
750 1083 834 1125 casus
853 1065 986 1143 pinxerit.
1022 1081 1080 1126 non
1100 1069 1141 1126 iu·
1151 1091 1176 1129 ro

147 1152 260 1211 dicabat
277 1168 311 1208 se
332 1151 361 1208 in
376 1166 413 1208 eo
430 1150 595 1225 exprimere
611 1165 738 1225 spumam
753 1149 929 1225 anhelantis,
944 1167 1007 1207 cunr
1022 1151 1052 1208 in
1070 1151 1141 1209 reli-

146 1251 203 1312 qua
218 1241 301 1309 parte
318 1232 408 1306 onrni,
427 1230 504 1308 quod
519 1230 714 1289 difficillimum
730 1240 811 1307 erat,
828 1231 884 1290 sibi
898 1234 962 1310 ipse
979 1233 1140 1292 satisfecis-

106 1328 156 1381 103
164 1324 219 1374 set.
248 1313 421 1392 displicebat
438 1323 532 1372 antero
551 1332 598 1372 ars
616 1315 679 1390 ipsa
694 1331 748 1373 nec
763 1316 848 1375 minui
863 1323 997 1394 poterat,
1012 1324 1043 1375 et
1058 1317 1140 1376 vide·

146 1399 232 1458 batur
244 1399 329 1458 nirnia
343 1416 377 1458 ac
393 1397 507 1474 longius
519 1415 535 1456 a
549 1401 674 1456 veritate
689 1397 859 1475 discedere,
874 1416 1030 1477 spumaque
1046 1401 1138 1476 pingi,

147 1499 204 1542 non
216 1499 254 1542 ex
271 1500 323 1542 ore
339 1484 429 1558 nasci,
444 1483 529 1540 anxio
546 1483 629 1540 aninri
646 1481 782 1558 cruciatu,
794 1499 856 1540 cum
871 1484 900 1541 in
912 1484 1023 1560 pictura
1038 1501 1139 1542 rernm
1150 1499 1174 1536 rs

147 1584 226 1643 esse,
238 1583 297 1626 non
311 1565 470 1626 verisimile
482 1565 583 1641 vellet,
595 1564 775 1624 absterserat
790 1567 907 1643 saepius
919 1573 1138 1643 mutaveratque

146 1649 328 1727 penicillum,
340 1649 418 1709 nullo
433 1647 518 1707 modo
535 1649 591 1708 sibi
607 1648 781 1727 adprobans.
805 1657 955 1727 postremo
969 1651 1058 1708 iratus
1069 1652 1138 1726 arti,

147 1733 224 1811 quod
243 1734 484 1812 intellegeretur,
507 1743 665 1811 spongeam
682 1734 794 1809 inpegit
814 1733 993 1798 inviso.lnco
1009 1732 1138 1808 tubulaet

147 1824 178 1876 et
196 1817 246 1878 illa
261 1818 393 1896 reposuit
413 1815 526 1875 ablatos
546 1817 665 1875 colores
682 1815 806 1893 qualiter
822 1831 888 1873 cura
903 1823 1070 1892 optaverat,
1095 1817 1138 1876 ie·

104 1911 156 1964 tot
166 1901 263 1979 citque
279 1903 308 1960 in
319 1902 429 1980 pictura
442 1899 557 1957 iortuna
570 1907 708 1957 naturam.
740 1897 802 1957 lloc
814 1898 948 1975 exemplo
961 1899 1022 1958 eius
1035 1899 1137 1958 similis
1147 1912 1172 1950 2⁰

147 1991 178 2048 et
191 1983 320 2044 Nealcen
339 1999 490 2053 successus
505 1998 622 2059 spumae
639 1982 706 2058 equi
726 1981 858 2040 similiter
875 1998 1004 2058 spongea
1023 1983 1138 2058 inpacta

147 2074 264 2126 secutus
285 2064 404 2139 dicitnr,
431 2081 493 2122 cnm
520 2067 657 2142 pingeret
682 2073 868 2142 poppyzonta
890 2066 1064 2123 retinentem
1083 2083 1138 2142 par

106 2169 140 2204 stt
152 2167 242 2208 ecum.
264 2151 303 2207 ita
314 2147 498 2223 Protogenes
514 2148 683 2208 monstravit
701 2156 730 2206 et
746 2148 896 2207 iortunant.
919 2146 1045 2224 Propter
1063 2147 1139 2206 lunc

145 2231 287 2308 lalpsnm,
309 2249 347 2291 ne
370 2238 513 2290 cremaret
534 2230 674 2306 tabulam,
692 2229 856 2291 Demetrius
873 2249 943 2307 rex,
964 2248 1027 2289 cunr
1042 2231 1078 2290 ab
1101 2250 1138 2290 ea

147 2324 229 2394 parte
247 2313 311 2374 sola
332 2321 435 2392 posset
452 2312 585 2372 Rhodum
599 2331 718 2391 capere,
732 2330 790 2373 non
804 2314 940 2390 incendit,
955 2321 1171 2391 parcentem-2⁵

106 2409 156 2462 105
168 2416 224 2475 qne
246 2399 375 2475 picturae
396 2398 471 2474 iugit
485 2398 601 2456 occasio
617 2398 768 2458 victoriae.
798 2405 860 2456 erat
873 2406 940 2455 tunc
950 2397 1137 2473 Protogenes

146 2483 177 2540 in
196 2481 360 2541 suburbano
382 2497 434 2540 suo
459 2479 592 2555 hortulo,
609 2479 666 2538 hoc
681 2489 726 2539 est
740 2479 879 2540 Demetrii
898 2481 1017 2555 castris,
1038 2497 1137 2557 neque

146 2564 348 2643 interpellatus
369 2562 492 2643 proeliis
508 2562 641 2622 inchoata
661 2581 751 2641 opera
771 2564 926 2622 intermisit
946 2565 1062 2622 omnino
1078 2565 1137 2622 nisi

148 2650 255 2708 accitus
269 2664 286 2705 a
302 2665 392 2724 rege,
404 2647 659 2724 interrogatusque
675 2664 730 2724 qna
741 2646 841 2706 iiducia
856 2654 1050 2706 extramuros
1067 2663 1138 2722 age·

148 2740 193 2791 ret
208 2730 358 2808 respondit
373 2731 450 2790 scire
464 2746 497 2787 se
512 2745 574 2786 cum
588 2728 709 2789 Rhodiis
722 2729 763 2788 illi
780 2727 886 2789 bollum
902 2744 981 2806 esse,
996 2745 1054 2789 non
1071 2747 1136 2790 cum
1147 2752 1174 2790 oo

147 2814 266 2873 artibus.
309 2814 452 2893 disposuit
473 2829 528 2870 rex
547 2813 575 2869 in
598 2811 716 2871 tutelam
736 2812 798 2871 eins
822 2814 980 2888 stationes,
1005 2812 1137 2888 gaudens

147 2896 224 2975 qnod
244 2915 342 2956 manns
360 2903 490 2956 servaret
505 2894 608 2971 quibus
624 2903 812 2973 pepercerat,
835 2904 866 2956 et
881 2914 917 2956 ne
931 2897 1046 2972 saepius
1065 2911 1138 2956 avo-

148 2989 244 3057 caret,
265 2981 341 3039 ultro
363 2977 478 3038 adeum
497 2978 578 3036 venit
600 2977 693 3036 hostis
710 2977 878 3056 relictisque
898 2979 1039 3038 victoriae
1063 2997 1138 3040 snae

148 3066 225 3122 rotis
240 3064 316 3122 inter
331 3079 407 3121 arma
421 3069 451 3121 et
465 3077 608 3121 murorum
622 3062 696 3119 ictus
711 3065 852 3138 spectauit
866 3062 1022 3140 artificem,
1037 3066 1139 3141 seqni-

148 3155 252 3225 tnrque
274 3141 397 3204 tabulam
413 3143 490 3203 illins
505 3144 644 3220 temporis
664 3143 735 3203 haec
750 3146 838 3221 ianra,
859 3145 934 3220 quod
953 3163 1016 3204 eam
1029 3145 1173 3206 Proto-es

108 3239 261 3304 longenes
277 3228 330 3286 snb
344 3227 440 3305 gladio
457 3228 589 3304 pinxerit.
627 3225 745 3303 Satyrus
765 3226 811 3286 iric
829 3235 874 3286 est
888 3245 973 3305 quem
993 3245 1138 3306 anapauo-

148 3328 252 3369 menon
266 3319 386 3386 vocant,
401 3328 437 3368 ne
458 3309 524 3386 quid
536 3310 613 3369 desit
629 3311 767 3388 temporis
782 3311 844 3368 eius
856 3312 1016 3385 securitati,
1032 3318 1137 3371 tenen·

147 3401 206 3452 tem
228 3394 321 3452 tibias.
362 3393 432 3452 iecit
458 3400 488 3452 et
514 3389 664 3472 Cydippen
687 3401 717 3453 et
745 3391 956 3470 Tlepolemum,
977 3391 1137 3452 Philiscum
