2484 3817
293 206 654 281 occurreremus.
671 226 698 283 o.
715 215 865 299 (eo—es.)
1012 220 1071 282 179
1123 182 1124 187 Ν

87 392 133 442 tur
145 378 266 458 bubulo,
280 379 372 440 minus
386 387 477 442 autem
487 380 567 442 indat
580 380 781 462 quodcumque
801 382 961 446 decoctum.
985 395 1113 449 usculis

87 466 173 526 lactis
188 463 223 524 ad
238 464 331 524 omnia
345 464 419 525 intus
436 464 612 542 exulcerata,
628 482 760 526 maxume
775 470 863 543 renis,
879 468 1015 540 vesicam,
1031 468 1071 527 in·

85 557 220 623 teram,
240 547 344 625 laucis,
360 547 526 625 pulmones,
550 547 624 608 iorls
644 552 783 627 pruritum
798 553 888 626 cutis,
906 552 1072 629 eruptiones

86 632 206 710 munitae
218 632 279 708 poti
291 629 328 690 ab
345 630 525 691 abstinentia.
557 648 621 691 nam
635 641 666 691 ut
685 633 713 693 iu
731 632 854 693 Arcadia
876 633 1071 695 bubulum'bi·

62 714 190 775 suerent
202 712 355 791 phthisici,
370 714 539 791 syntectici,
555 715 722 792 cachectae,
737 716 858 776 diximus
877 716 1029 777 iuratione
1046 736 1077 776 n.
1091 734 1113 771 a

84 798 249 859 herborum.
281 806 347 857 sunt
362 798 436 857 iuter
453 796 585 876 exempla
603 798 651 876 qui
666 798 804 859 asininum
823 798 947 861 bibendo
959 798 1072 860 liberati

85 884 140 942 sint
161 880 293 965 podagra
316 880 496 957 chiragrave.
528 880 639 940 medici·
656 884 785 959 speciom
806 899 890 942 unam
915 882 1051 943 addidere
1063 892 1113 947 126

85 964 169 1025 luctis
184 961 342 1041 generibus
354 964 432 1043 quod
448 963 576 1023 schiston
590 964 788 1041 appellavere.
811 965 840 1024 id
857 967 887 1025 lit
898 964 955 1026 huc
968 966 1070 1025 modo:

87 1047 167 1107 lictili
185 1062 263 1106 novo
280 1045 378 1107 louvet
394 1047 540 1125 caprinum
560 1063 702 1123 maxume,
720 1050 865 1126 ramisque
880 1048 1011 1109 liculneis
1025 1066 1071 1107 re·

54 1130 217 1195 accentibus
229 1130 367 1189 miscetur
380 1130 481 1190 additis
498 1130 616 1190 totidem
639 1131 748 1205 cyathis
760 1131 843 1191 mulsi
858 1142 927 1213 quot
943 1134 999 1192 sint
1021 1131 1072 1190 he·

85 1215 178 1274 minae
190 1212 285 1273 lactis.
309 1230 372 1271 cum
387 1212 492 1290 iernet,
507 1214 536 1273 ni
553 1213 795 1274 circumfundatur
808 1225 936 1294 praestat
952 1214 1071 1291 cyathus

85 1306 241 1375 argenteus
267 1312 330 1355 cum
349 1296 453 1374 trigida
475 1313 549 1374 aqua
570 1297 712 1357 demissus
731 1300 770 1358 ita
791 1315 827 1358 ne
849 1298 916 1377 quid
933 1298 1070 1359 infundat.

85 1381 210 1442 ablatum
224 1378 330 1440 deiude
345 1380 405 1456 igni
421 1378 642 1456 refrigeratione
657 1380 788 1453 dividitur
803 1390 832 1441 et
843 1382 964 1443 discedit
975 1396 1070 1442 serum
1167 1414 1174 1425 -

85 1463 203 1525 electe.
235 1462 347 1541 quidam
367 1472 397 1522 et
415 1463 507 1542 ipsum
526 1482 621 1523 serum
640 1465 695 1524 iam
713 1465 802 1525 multo
825 1467 1112 1544 potentissimumlii
1169 1483 1173 1490 ·

56 1566 78 1607 rc
86 1549 231 1608 decocunt
246 1545 283 1604 ad
296 1546 396 1606 tertias
408 1549 498 1625 partis
513 1556 543 1607 et
558 1548 610 1606 sub
625 1546 672 1607 diu
688 1547 869 1624 refrigerant.
900 1547 1008 1609 bibitur
1022 1565 1070 1607 au·

85 1640 142 1691 tem
156 1630 358 1691 elllcacisslme
375 1630 494 1689 heminis
509 1643 563 1708 per
578 1630 739 1706 intervalla,
756 1631 824 1689 satis
837 1628 937 1689 diebus
955 1633 1069 1707 quinae,

84 1715 187 1774 melius
201 1731 218 1772 a
232 1722 303 1792 potu
316 1715 435 1789 gestari.
465 1712 548 1771 datur
562 1712 762 1788 comitialibus,
776 1710 1004 1790 melancholicis,
1021 1730 1069 1788 pa·

3 1849 4 1870 ,
84 1797 225 1873 salutiola,
240 1798 270 1855 in
282 1796 381 1875 lepris,
397 1795 595 1875 elephantiasi,
610 1794 779 1855 articulariis
793 1794 910 1853 morbis.
932 1794 1114 1858 infundi-128

86 1874 133 1941 tdr
149 1896 264 1957 quoque
279 1879 325 1939 lac
340 1887 440 1939 contra
459 1878 592 1937 rosiones
614 1895 631 1937 a
644 1876 857 1937 medicamentis
873 1878 965 1938 iactas
980 1886 1027 1954 et,
1048 1876 1072 1935 si

53 1981 80 2022 ro
90 1971 155 2022 urat
170 1962 332 2038 dysinteria,
346 1960 498 2021 decoctum
514 1977 576 2019 curn
590 1961 706 2019 marinis
720 1959 825 2038 lapillis
842 1970 890 2022 aut
904 1979 966 2021 cum
981 1962 1072 2021 tisana

87 2044 261 2107 hordeacea.
293 2047 359 2105 item
374 2044 410 2104 ad
424 2044 558 2103 rosiones
570 2043 766 2104 intestinorum
782 2043 917 2104 bubulum
937 2053 985 2105 aut
999 2044 1070 2103 ovil-

5 2179 6 2260 l
87 2128 533 2273 {distitutis
543 2126 909 2297 {illutibilis
923 2128 1071 2291 ltili

318 2256 327 2286 ‚
1059 2244 1070 2255 .

88 2299 162 2356 tisre
172 2294 380 2375 pityocampis,
395 2294 535 2373 bupresti,
551 2294 743 2377 cantharidum
754 2302 802 2354 aut
813 2294 1008 2355 salamandrae
1021 2312 1069 2354 ve-

57 2382 183 2439 muenia.
203 2378 335 2457 privatim
351 2375 485 2437 bubulum
498 2376 543 2436 his
563 2378 612 2455 qui
628 2374 794 2437 colchicum
807 2375 931 2437 biberint
946 2387 993 2437 aut
1015 2378 1053 2436 ci·
1063 2386 1112 2441 129

89 2472 183 2523 cutam
201 2469 251 2521 aut
264 2461 429 2537 dorycnium
449 2470 497 2521 aut
514 2460 644 2539 leporem
665 2461 817 2537 marinum,
839 2461 911 2521 sicut
933 2461 1071 2521 asininum

90 2555 189 2606 uonna
207 2560 332 2623 gypsum
358 2552 388 2604 et
412 2561 556 2605 cerussam
577 2553 607 2605 et
630 2544 730 2623 sulpur
752 2552 782 2604 et
801 2552 949 2621 argentum
965 2543 1070 2616 vivom,

89 2630 155 2689 item
172 2628 260 2688 durae
276 2627 342 2687 albo
357 2628 386 2686 in
400 2626 485 2687 iehri.
518 2629 715 2705 gargarizatur
734 2644 850 2706 quoque
868 2626 999 2687 laucibus
1020 2642 1070 2683 ex-

88 2712 225 2773 ulceratis
247 2711 412 2785 utilissime,
432 2719 462 2771 et
475 2710 579 2769 bibitur
601 2711 638 2770 ab
659 2710 845 2771 inbecillitate
864 2711 934 2768 viris
953 2706 1070 2768 recolli·

58 2794 224 2872 sugentibus
237 2810 311 2873 ‹puos
332 2794 470 2873 atrophos
486 2802 606 2870 vocant,
628 2795 656 2852 in
675 2793 751 2855 lebni
773 2795 856 2854 etiam
880 2810 954 2869 quae
975 2798 1072 2849 careat

90 2879 193 2939 dolore
218 2878 332 2957 capitis.
367 2880 466 2956 pueris
492 2885 557 2938 unte
584 2876 678 2936 cibum
701 2876 785 2937 lactis
806 2876 905 2935 asinini
931 2872 1071 2932 heminam

90 2960 158 3040 dari,
172 2969 222 3022 aut
239 2962 264 3020 si
282 2962 376 3020 exitus
394 2959 451 3020 cibi
463 2962 597 3021 rosiones
612 2960 765 3038 sentirent,
789 2957 895 3034 antiqui
911 2958 940 3014 iu
957 2957 1069 3015 arcanis

90 3043 262 3121 habuerunt,
278 3045 303 3102 si
321 3044 378 3103 hoc
391 3060 448 3103 nou
464 3051 557 3120 esset,
573 3042 692 3121 caprini.
721 3042 819 3101 bubuli
839 3056 934 3098 serum
954 3037 1112 3102 autho-130

90 3130 200 3205 pnoicis
211 3126 333 3206 prodest
343 3136 409 3186 ante
421 3135 517 3187 cetera
528 3126 624 3186 addito
636 3126 782 3186 nasturtio.
801 3127 972 3199 inunguntur
987 3122 1071 3185 etiarn

60 3212 168 3271 &oculi
182 3213 212 3271 in
228 3211 312 3272 lactis
326 3208 445 3269 heminis
458 3208 560 3269 additis
570 3226 699 3269 sesamae
716 3207 857 3267 drachmis
875 3212 1008 3283 quattuor
1022 3206 1069 3265 tri·

94 3296 129 3355 tls
147 3296 177 3354 in
196 3293 377 3373 lippitudine.
405 3294 522 3371 caprino
544 3291 635 3351 lienes
656 3300 805 3364 sanantur,
827 3296 894 3367 post
914 3287 990 3348 bidui
1010 3289 1069 3346 ine·

95 3376 164 3439 diam
177 3380 264 3438 tertio
279 3376 326 3438 die
341 3376 449 3436 hedera
469 3374 560 3455 pastis
580 3373 692 3452 capris,
714 3372 900 3451 pertriduum
915 3380 986 3449 poto
1008 3371 1070 3429 sine

95 3460 149 3522 allo
164 3461 241 3522 cibo.
276 3461 362 3522 lactis
381 3474 450 3519 usus
462 3459 534 3523 alias
550 3455 708 3516 contrarius
724 3454 826 3533 cupitis
842 3452 1005 3595 prplpdbus,
1020 3452 1068 3511 he·
