2484 3817
306 200 604 250 nan.msn.xxv1.
621 200 664 253 13.
681 198 722 251 14.
737 198 887 266 (es-87.)
1037 194 1095 258 125

111 364 181 436 punt
196 354 355 433 deploratis
373 354 480 412 auxilio
498 362 556 431 est,
579 372 642 414 cum
666 358 741 415 acris
756 356 828 415 llore
848 358 915 416 vino
936 366 1095 438 temperata

111 438 242 500 omnibus
258 438 360 511 modis,
376 436 424 495 vel
440 438 547 496 semine
568 438 617 498 vel
631 437 703 499 bore
720 438 767 498 vel
781 440 888 499 radice.
918 442 1018 502 eadem
1032 462 1095 504 cum

110 522 229 602 polenta
241 522 364 581 vetustis
373 520 541 579 volneribus
551 520 679 598 prodest.
705 520 858 581 Heraclion
870 540 985 603 quoque
1000 528 1138 591 side-140

110 606 183 680 mon,
200 604 387 683 Apollinaris,
405 603 546 681 psyllium,
562 604 756 681 tragacantha,
775 605 918 665 scordotis
933 626 996 668 cum
1008 611 1094 670 melle

86 696 224 767 spargat.
245 687 337 746 farina
352 687 413 745 eius
431 688 524 745 carnis
541 688 739 747 excrescentis
754 705 808 766 per
823 706 856 747 se
877 690 1007 768 inspersa
1027 710 1094 753 con·

110 774 202 830 sumit.
234 770 400 829 Polemonia
418 769 516 829 ulcera
532 788 606 847 quae
623 770 762 829 cacoethe
781 781 886 829 vocant
909 783 1005 849 sanat,
1029 794 1094 837 cen·

109 857 228 913 taurium
242 854 332 911 mains
346 854 508 929 inspersum
522 853 569 911 vel
586 853 710 927 inlitum,
732 853 800 912 item
815 856 932 913 minoris
948 872 1029 917 coma
1045 860 1095 919 de·

110 946 194 997 cocta
208 936 257 995 vel
271 938 336 995 trita
351 944 450 994 vetera
466 952 581 1012 quoque
595 936 693 995 ulcera
703 945 808 1013 purgat
821 946 850 996 et
865 948 1009 1014 persanat.
1028 940 1095 1001 Fol-

108 1020 187 1079 liculi
210 1020 334 1093 clymeni
350 1018 515 1078 recentibus
532 1019 627 1096 plagis
645 1020 825 1095 inponuntur.
862 1020 988 1080 inlinitur
1003 1033 1097 1083 autem

79 1104 241 1179 augentiana
258 1100 404 1161 ulceribus
424 1119 497 1179 quae
513 1110 632 1179 serpunt
649 1102 747 1161 radice
768 1111 850 1162 tunsa
863 1103 912 1163 vel
927 1104 1048 1166 decocta
1067 1109 1096 1165 in

108 1204 180 1264 aqua
207 1185 243 1244 ad
267 1184 362 1244 mellis
381 1184 595 1244 crassitudinem
619 1184 667 1244 vel
692 1203 783 1260 suco,
809 1186 976 1247 volneribus
1005 1207 1042 1248 cx
1059 1208 1095 1249 ea

107 1270 212 1329 lactum
225 1268 352 1341 Lycium.
374 1267 551 1341 Lysimachia
561 1267 725 1326 recentibus
738 1269 832 1347 plagis
841 1270 982 1347 medetur,
995 1271 1135 1349 plan-141

109 1362 176 1429 tago
191 1353 315 1413 omnium
332 1369 469 1427 generum
484 1350 639 1424 ulceribus,
656 1352 841 1429 peculiariter
849 1353 1029 1429 feminarum,
1048 1374 1093 1415 se·

108 1454 170 1494 num
188 1444 220 1494 et
234 1434 389 1493 infantium.
416 1434 475 1512 igni
492 1434 619 1493 emollita
634 1433 738 1494 molior
753 1444 782 1494 et
798 1453 861 1494 cum
876 1447 976 1496 cerato
995 1456 1094 1499 crassa

79 1518 236 1577 taulcerum
251 1517 332 1576 labra
351 1526 470 1597 purgat,
494 1534 593 1577 nomas
607 1519 690 1576 sistit.
727 1519 822 1577 tritam
844 1522 902 1579 suis
922 1520 1001 1581 loliis
1022 1523 1093 1581 inte·

106 1620 177 1678 gere
203 1608 330 1679 oportet.
365 1602 608 1678 Suppurationes,
633 1599 842 1676 collectiones,
866 1604 944 1661 sinus
965 1603 1093 1664 ulcerum

108 1684 271 1744 chelidonia
288 1701 402 1761 quoque
418 1685 571 1759 siccantur,
585 1684 707 1743 volnera
725 1684 799 1742 adeo
814 1693 843 1741 ut
861 1685 945 1742 etiam
959 1702 1012 1761 pro
1025 1704 1092 1763 spo-

108 1768 154 1827 dio
178 1775 307 1843 utantur,
331 1767 430 1827 eadem
449 1768 504 1825 iam
520 1766 683 1841 desperatis
703 1782 765 1824 cum
788 1768 909 1842 axungia
937 1768 1092 1841 inponitur.

107 1850 282 1910 Dictamnum
297 1860 365 1927 pota
380 1850 499 1925 sagittas
517 1848 601 1925 pellit
612 1856 641 1906 et
653 1848 708 1907 alia
723 1847 781 1907 tela
796 1847 919 1907 extrahit
929 1848 1018 1909 inlita.
1036 1849 1077 1909 bi·
1086 1864 1136 1917 142

77 1934 185 1996 aobitur
208 1951 244 1991 ex
257 1951 350 2011 aquae
371 1932 474 2008 cyatho
496 1932 629 1990 loliorum
650 1931 755 2007 obolo,
777 1948 914 2009 proxume
936 1932 1091 2009 pseudodi-

111 2024 265 2092 ctamnum,
283 2026 404 2094 utraque
420 2016 505 2074 etiam
520 2012 741 2093 suppurationes
756 2014 879 2074 discutit.
896 2014 1092 2077 Aristolochia

109 2117 221 2177 qnoque
236 2101 328 2177 putria
343 2100 442 2158 ulcera
460 2107 559 2171 exest,
583 2098 700 2157 sordida
717 2107 819 2176 purgat
841 2116 902 2157 cum
923 2098 1011 2158 melle
1027 2118 1092 2159 uer·

68 2193 71 2199 '
108 2184 219 2259 misque
234 2182 366 2256 extrabit,
384 2183 451 2241 item
468 2182 569 2241 clavos
581 2181 608 2239 in
619 2181 719 2241 ulcere
732 2190 815 2240 natos
832 2190 860 2241 et
874 2182 959 2242 inlisa
975 2184 1092 2261 corpori

5 2279 6 2340 ζ
110 2268 219 2339 omnia,
233 2266 391 2343 praecipue
407 2267 526 2341 sagittas
542 2275 570 2324 et
584 2282 651 2323 ossa
669 2265 760 2324 fracta
781 2282 843 2324 cum
858 2266 962 2324 resina.
1002 2284 1073 2327 cava
1084 2278 1134 2332 143

78 2366 179 2408 acero
196 2349 297 2408 ulcera
312 2349 412 2425 explet
426 2366 479 2426 per
489 2366 522 2407 se
544 2356 573 2407 et
596 2366 658 2407 cnm
680 2348 752 2406 iride
773 2348 898 2407 recentia
914 2348 1033 2408 volnera
1055 2368 1093 2408 ex

108 2440 207 2507 aceto,
224 2440 324 2491 vetera
338 2432 437 2491 ulcera
452 2431 632 2501 verbenaca,
654 2430 877 2508 quinquefolium
896 2450 958 2490 cum
980 2431 1042 2491 sale
1063 2440 1092 2491 et

106 2515 202 2573 melle.
242 2514 369 2574 Radices
388 2515 565 2592 persollatae
586 2512 751 2573 volneribus
770 2514 849 2572 lerro
874 2514 969 2573 inlatis
990 2530 1091 2572 recen·

107 2597 180 2657 tibus
194 2598 377 2677 inponuntur,
395 2599 464 2657 lolia
477 2596 635 2673 veteribus,
656 2614 718 2656 cum
733 2598 854 2672 axungia
871 2605 1038 2673 utrumque,
1064 2604 1092 2653 et

107 2698 157 2740 sno
174 2681 248 2741 lolio
267 2683 403 2759 operitur.
433 2680 625 2741 damasonium
640 2690 669 2741 ut
685 2682 713 2737 in
729 2688 850 2755 struma,
871 2679 941 2739 lolia
955 2677 1121 2737 verbascias

75 2781 144 2824 etex
173 2773 259 2823 aceto
288 2772 336 2823 aut
366 2766 442 2822 vino.
491 2764 672 2823 Peristereos
698 2761 733 2821 ad
762 2760 854 2822 omnia
883 2778 992 2838 genera
1023 2759 1134 2823 vellis

107 2845 280 2907 callosorum
303 2850 583 2925 putrescentiumque
600 2846 727 2904 ulcerum
744 2845 822 2905 lacit.
855 2845 995 2903 manantia
1011 2860 1090 2916 nym-

105 2930 218 3009 phaeae
250 2928 402 2989 Heracliae
430 2930 512 2990 radix
538 2937 634 3005 sanat,
664 2928 731 2987 item
759 2928 908 3004 cyclamini
937 2924 1018 2984 radix
1043 2925 1091 2984 vel

5 3046 8 3053 ·
106 3032 158 3091 per
194 3032 227 3073 se
260 3012 310 3071 vel
340 3030 377 3071 ex
406 3023 494 3073 aceto
525 3011 574 3071 vel
604 3030 668 3071 cum
696 3012 792 3070 melle.
840 3009 939 3067 eadem
967 3016 996 3067 et
1022 3026 1089 3067 con-

106 3106 149 3155 tra
169 3103 341 3157 steatomata
363 3096 484 3171 efficax,
504 3098 577 3154 sicut
600 3093 636 3152 ad
657 3094 756 3153 ulcera
776 3092 915 3152 manantia
936 3091 1088 3168 hysopum,

79 3179 175 3239 attera
195 3179 410 3257 peucedanum,
430 3177 514 3237 etad
534 3179 663 3237 recentia
686 3177 807 3235 volnera
826 3176 870 3233 vis
894 3183 969 3233 tanta
993 3183 1038 3233 est
1059 3184 1090 3233 ut

108 3280 251 3339 squamam
265 3260 380 3321 ossibus
395 3262 535 3321 extrahat.
563 3267 710 3338 praestant
725 3258 781 3317 hoc
802 3266 831 3316 et
847 3256 1024 3333 anagallides
1041 3272 1089 3315 co·

107 3344 262 3424 bibentque
278 3363 350 3423 quas
365 3353 469 3403 vocant
484 3359 582 3401 nomas
598 3351 626 3400 et
641 3340 873 3417 rheumatismos,
898 3341 983 3398 utiles
998 3348 1027 3397 et
1043 3356 1088 3397 re-

109 3427 236 3489 centibus
251 3428 363 3507 plagis,
381 3427 432 3487 scd
445 3428 601 3506 praecipue
616 3440 715 3483 senum
731 3425 856 3499 corpori.
885 3440 947 3481 cum
968 3429 1067 3482 cenato
1079 3427 1130 3482 145
