2484 3817
376 140 455 189 unu.
479 130 874 207 uusr.xxx111.1.(s.o.)
1096 128 1116 187 7
1164 120 1170 129 '

130 294 288 357 Hannibale
304 283 396 355 ‘mitti
438 293 518 354 luter
544 290 721 371 Caepionem
745 310 861 373 quoque
881 301 912 352 et
930 291 1053 353 Drusum
1079 310 1118 354 ex

54 392 57 401 ’
131 378 216 440 anulo
229 382 259 449 in
273 380 407 441 auctione
425 376 519 437 venali
536 375 702 437 inimicitiae
719 394 864 455 coepere,
879 374 953 435 uude
971 378 1117 455 origoso·

131 462 212 522 cialis
227 462 297 523 belli
312 471 342 523 et
359 462 447 521 exitia
462 478 565 521 rerum.
594 478 631 518 ne
646 467 713 519 tuuc
727 460 842 538 quidem
852 476 951 518 omnes
963 468 1158 524 senatoresar

133 544 270 622 habuere,
287 553 388 625 utpote
401 540 462 603 c'um
477 544 614 602 memoria
629 559 746 601 avorum
760 542 839 602 multi
851 550 986 620 praetura
1001 561 1116 622 quoque

110 628 218 689 eiuncti
231 631 259 689 in
270 630 369 689 ferreo
382 625 717 687 consenuerint-sicut
729 622 911 703 Calpurnium
924 616 1116 703 ethlauilium,

132 705 178 788 qui
194 712 307 789 legatus
323 710 373 771 Gai
387 708 457 770 illari
472 708 561 769 luerit
575 707 742 785 Iugurthino
760 707 856 784 hello,
876 706 1044 769 Fenestella
1062 717 1116 768 tra·

132 795 173 853 dit
190 804 220 855 et
240 795 319 855 multi
339 794 369 853 L.
384 792 521 865 Fufidium
541 790 620 850 illum
639 790 675 850 ad
696 808 779 869 quem
795 790 918 851 Scaurus
939 790 975 851 de
990 792 1049 850 vita
1068 810 1119 851 sua

132 880 246 956 scripsit
262 913 313 953 -,
325 878 353 936 in
366 872 545 947 Quintiorum
559 891 631 934 vero
645 874 751 934 familia
765 892 913 934 aurumne
927 875 1046 934 feminas
1058 876 1118 951 qui-

125 960 197 1021 dem
212 960 320 1022 habere
335 976 397 1019 mos
411 958 519 1034 luerit,
534 956 687 1034 nullosque
704 958 818 1017 omniuo
834 957 935 1018 anulos
947 958 1039 1017 maior
1052 975 1119 1036 pars

97 1063 122 1104 ao
130 1046 258 1119 gentium
274 1042 476 1118 hominumque
495 1041 581 1101 etiam
601 1042 649 1118 qni
671 1040 723 1101 sub
746 1041 868 1120 imperio
892 1049 993 1100 nostro
1009 1040 1118 1118 degunt

131 1125 276 1203 hodieque
289 1125 403 1185 haheat.
424 1142 482 1185 non
499 1125 593 1201 signat
609 1124 707 1183 oriens
718 1132 767 1183 aut
779 1123 931 1203 Aegyptus
944 1125 1029 1183 etiam
1044 1141 1118 1183 nuno

130 1208 237 1267 litteris
253 1216 389 1269 contenta
403 1208 484 1267 solis.
516 1203 613 1265 hiultis
634 1206 691 1266 hoc
704 1206 796 1267 modis
811 1215 843 1266 ut
856 1214 954 1267 cetera
968 1208 1060 1266 omnia
1075 1205 1160 1269 tu-uu

131 1291 213 1351 xnria
233 1292 353 1351 variavit
372 1308 502 1369 gemmas
522 1289 652 1350 addendo
670 1292 806 1369 exquisiti
824 1290 949 1367 fulgoris
971 1307 1118 1367 censuque

133 1376 228 1452 opimo
246 1374 353 1451 digitos
369 1373 535 1448 onerando,
549 1374 625 1433 sicut
640 1374 766 1434 dicemus
784 1374 812 1433 in
822 1391 996 1449 gemmarum
1015 1374 1095 1433 volu·
1106 1372 1160 1458 ’,ξιξ

98 1458 224 1533 semine,
241 1475 308 1517 mox
324 1465 354 1517 et
371 1457 485 1535 effigies
499 1457 766 1532 variasoaelando,
782 1463 813 1513 ut
829 1456 897 1514 alibi
912 1474 959 1514 ars
977 1456 1045 1515 alibi
1062 1474 1118 1515 ma·

83 1571 85 1574 v
132 1542 205 1600 teria
221 1548 301 1600 esset
316 1542 345 1599 in
360 1541 465 1619 pretio.
497 1539 566 1599 alias
580 1540 645 1599 dein
656 1556 782 1615 gemmas
796 1537 899 1597 violari
913 1540 994 1598 nelas
1009 1540 1118 1616 putarit

70 1673 74 1682 s
99 1631 105 1637 “
132 1642 176 1699 ac,
192 1642 228 1683 ne
239 1625 302 1702 quis
315 1623 444 1699 signandi
457 1639 570 1681 causam
581 1623 610 1688 in
621 1621 713 1680 anulis
724 1639 792 1680 esse
801 1620 999 1697 intellegeret,
1010 1621 1118 1680 solidas

132 1707 228 1766 induit.
257 1705 391 1784 quasdam
405 1720 477 1763 vero
492 1721 586 1780 neque
598 1703 634 1762 ab
650 1720 684 1762 ea
700 1711 781 1781 parte
796 1720 870 1780 quae
885 1705 976 1779 digito
990 1704 1114 1763 occulta·
1125 1716 1160 1770 23

133 1798 179 1847 tur
194 1805 264 1848 auro
280 1786 365 1847 clusit
379 1803 534 1862 aurumque
548 1783 621 1843 milis
635 1785 797 1864 lapillorum
815 1786 897 1846 vilius
914 1788 993 1847 iecit.
1017 1795 1117 1846 contra

97 1892 122 1931 20
133 1888 203 1929 vero
218 1870 298 1928 multi
313 1867 404 1927 nullas
419 1868 565 1927 admittunt
581 1886 708 1944 gemmas
719 1887 847 1947 auroque
861 1871 927 1948 ipso
944 1872 1065 1947 signant.
1089 1870 1118 1929 id

120 1948 232 2011 'Claudi
247 1948 380 2011 Caesaris
396 1952 555 2029 principatu
570 1960 725 2030 repertum.
748 1952 811 2013 Nec
823 1971 880 2013 non
892 1961 923 2013 et
934 1954 1052 2013 servitia
1063 1954 1117 2012 iam

131 2036 239 2096 ferrum
253 2052 322 2095 auro
339 2035 456 2111 cingunt
467 2070 508 2080 -
522 2034 577 2095 alia
592 2053 648 2114 per
658 2054 725 2095 sese
740 2054 820 2096 mero
832 2043 902 2096 auro
915 2036 1053 2104 decorant
1066 2071 1116 2112 -,

131 2120 211 2180 cuius
227 2117 361 2178 licentiae
377 2118 460 2194 origo
475 2119 589 2177 nomine
604 2119 669 2195 ipso
686 2118 948 2180 mSarnothracesiu
958 2120 1117 2200 institutum

132 2202 266 2264 declarat.
301 2200 426 2279 Singulis
441 2202 532 2279 primo
547 2200 645 2277 digitis
659 2203 723 2278 geri
737 2219 799 2261 mos
813 2190 907 2262 iuerat
922 2204 970 2280 qui
986 2211 1052 2261 suut
1067 2205 1159 2266 mitt

97 2308 122 2347 es
133 2286 222 2346 numis
240 2284 380 2363 proxumi.
403 2284 445 2343 sic
459 2286 488 2343 iu
502 2282 609 2343 Numae
626 2292 655 2343 et
673 2284 756 2344 Servi
772 2283 846 2345 'lulli
861 2288 962 2345 statuis
978 2286 1115 2346 videmus.

132 2377 236 2449 postea
255 2367 353 2444 pollici
375 2384 515 2445 proxumo
537 2367 673 2442 induere,
702 2369 788 2428 etiam
808 2368 927 2428 deorum
948 2368 1117 2445 simulacris,

132 2452 198 2511 dein
213 2450 283 2508 iuvit
298 2459 328 2510 et
343 2452 464 2509 minume
481 2448 559 2510 dare.
596 2448 706 2510 Galliae
721 2450 941 2528 Britanniaeque
962 2451 1057 2512 medio
1076 2451 1116 2512 di·

133 2540 234 2593 cuntur
250 2550 327 2592 usae.
356 2534 403 2591 hic
417 2552 490 2592 nuuc
507 2531 586 2592 solus
603 2535 756 2611 excipitur,
771 2536 863 2595 ceteri
880 2550 979 2595 omnes
995 2552 1117 2594 oneran-
1152 2577 1158 2588 t

133 2624 193 2688 tur,
209 2621 294 2691 atque
314 2616 399 2675 etiam
417 2618 549 2692 privatim
565 2616 676 2679 articuli
694 2608 852 2677 minoribus
867 2617 940 2678 aliis.
978 2616 1049 2678 Sunt
1064 2621 1111 2694 qui
1123 2620 1158 2681 25

98 2698 180 2759 scuni
197 2704 302 2766 tantum
313 2698 434 2756 minumo
448 2698 617 2775 congerant,
636 2699 683 2758 alii
699 2718 770 2760 vero
785 2708 816 2761 et
832 2700 898 2761 huic
912 2708 1115 2763 tautumunum

134 2797 191 2858 quo
206 2780 364 2855 signantem
380 2782 501 2857 signent.
538 2782 671 2841 conditus
690 2781 739 2842 ille
760 2791 791 2841 ut
812 2801 861 2842 res
883 2800 947 2842 rara
967 2791 997 2842 et
1013 2784 1115 2844 iniuria
1167 2855 1170 2861 ι

134 2880 201 2923 usus
218 2859 332 2937 indigna
347 2862 427 2921 velut
450 2881 466 2922 e
486 2866 612 2925 sacrario
628 2866 784 2943 promitur,
805 2874 835 2924 et
849 2884 932 2925 uuum
946 2866 975 2924 iu
992 2868 1113 2926 minume

134 2945 225 3021 digito
241 2944 376 3003 habuisse
391 2946 574 3021 pretiosioris
589 2949 618 3005 iu
642 2948 792 3008 recondito
809 2947 1000 3026 supellectilis
1018 2958 1115 3009 osten·

59 3085 60 3088 ,
96 3090 99 3097 ,
134 3030 204 3087 tatio
232 3035 285 3087 est.
323 3028 377 3087 iam
401 3027 449 3086 alii
470 3028 598 3106 pondera
618 3048 717 3090 eorum
744 3038 898 3091 ostentant.
935 3032 998 3091 aliis
1023 3032 1113 3109 pluris

99 3128 214 3187 requam
243 3128 325 3169 unum
351 3118 469 3187 gestare
495 3111 577 3170 labor
605 3121 668 3189 est,
698 3112 746 3171 alii
768 3113 894 3174 bratteas
915 3116 1050 3176 infercire
1073 3115 1114 3175 le·

135 3194 216 3253 aiore
236 3195 361 3253 materia¹
377 3201 498 3272 propter
521 3212 616 3254 casum
638 3196 725 3255 tutius
741 3214 914 3273 gemmarum
929 3198 1113 3260 sollicitudini

135 3284 250 3354 putant,
268 3276 316 3336 alii
331 3277 384 3336 suh
399 3277 518 3355 gemmis
533 3278 792 3356 veneua'cluduut,
812 3282 889 3340 sicut
900 3278 1113 3343 Demosthenes

134 3376 255 3419 summus
277 3357 415 3425 Graeciae
437 3368 555 3437 orator,
580 3359 738 3439 anulosque
757 3364 858 3425 mortis
881 3364 974 3442 gratia
995 3364 1111 3426 habent.
