2484 3817
158 125 220 188 1⁶0
495 133 527 183 c
548 131 646 182 acm
667 131 818 182 ancnnnu

157 291 242 353 caelo
255 287 420 366 flammeos,
435 296 539 348 contra
551 285 651 348 radios
669 285 741 347 eolis
750 284 932 370 scintillare,
947 306 1033 350 ceras
1046 291 1154 370 signau-

114 387 150 442 96
161 375 237 435 tibus
256 373 302 433 his
315 372 503 452 liquescere,
528 371 706 448 quamvisin
721 386 823 447 opaco.
854 367 938 431 llulti
956 371 1074 435 Indicos
1090 373 1153 436 Gar·

157 458 308 519 chedoniis
324 456 507 516 candidiores
523 472 593 514 esse
608 463 640 515 et
653 472 671 514 e
685 453 803 514 diverso
820 453 1007 517 inclinatione
1022 457 1156 520 hebetari

157 544 324 620 scripsere,
348 542 503 602 etiamnum
523 539 557 598 in
572 536 780 599 Carchedoniis
804 537 933 599 maribus
951 539 1066 601 stellam
1082 544 1159 603 intus

156 625 280 702 ardere,
299 625 422 685 feminee
436 623 582 701 fulgorem
596 621 763 682 universnm
777 620 907 682 fundere
916 632 998 684 extra
1013 644 1047 684 εε
1055 669 1065 702 ,
1088 626 1179 692 Ala-5
1225 701 1226 704 Ἴ

156 709 297 770 bandicos
317 710 465 786 nigriores
483 709 593 768 ceteris
615 725 684 767 csse
700 705 890 783 scabrosque.
929 705 969 766 ltu
982 709 1060 770 cirea
1073 708 1157 770 Mile·
1225 709 1226 716 ’

155 802 215 852 tum
237 801 394 854 nascuntur
413 792 443 851 iu
457 800 536 851 terra
555 789 666 850 coloris
683 788 814 850 eiusdem
837 790 935 866 ignem
951 793 1076 852 minume
1091 811 1156 853 sen-

112 887 146 942 97
158 880 275 938 tientes.
305 874 524 953 Theophrastus
540 881 642 934 auctor
658 882 705 936 εει
722 882 752 932 ει
766 873 796 932 in
814 871 999 935 Orchomeno
1015 875 1156 938 Arcadiae
1225 887 1226 946 ζ

154 961 280 1021 inveniri
299 961 376 1018 etin
394 957 479 1034 Chio,
495 957 563 1018 illos
578 958 726 1034 nigriores
743 975 759 1016 ε
776 957 881 1034 quibus
898 965 929 1017 et
945 959 1067 1038 specula
1083 961 1154 1020 heri.
1225 965 1226 996 ¹

155 1063 225 1105 esse
248 1053 279 1104 et
302 1042 486 1103 Troezenios
507 1044 606 1102 varios
636 1041 899 1102 intervenientibus
925 1043 1046 1104 maculis
1071 1043 1156 1121 albis,
1165 1071 1192 1112 ιε
1225 1041 1226 1044 ’

153 1131 225 1187 item
243 1125 429 1202 Corinthios,
447 1125 502 1186 sed
523 1124 694 1204 pallidiores
710 1123 849 1202 candido,
867 1124 1027 1186 allassilia
1041 1133 1155 1206 quoqne

155 1212 305 1290 inportari.
342 1209 475 1268 Bocchus
498 1217 528 1267 ει
553 1210 583 1267 in
605 1207 804 1288 Olisiponensi
825 1211 889 1270 erui
911 1212 1028 1288 scripsit
1051 1229 1152 1288 magno

154 1295 257 1354 labore
272 1293 310 1352 ob
323 1291 455 1369 argillam
466 1291 524 1351 soli
538 1290 642 1351 adusti.

111 1389 147 1443 99
218 1373 300 1459 (26.)
331 1375 394 1435 Νεε
419 1385 466 1436 εει
496 1375 573 1435 alind
598 1375 746 1435 difficilius
772 1394 855 1454 quam
883 1377 1052 1439 discernere
1080 1377 1151 1437 hacc

153 1479 281 1539 genera,
304 1469 381 1521 tanta
399 1469 446 1520 εει
462 1459 564 1519 inillis
581 1461 699 1519 occasio
715 1461 787 1519 artis
803 1459 922 1520 subditis
936 1479 992 1538 per
1007 1481 1080 1539 quae
1094 1470 1191 1528 tra-15

154 1546 255 1605 lucere
272 1553 421 1623 cogantur
459 1546 537 1603 aiunt
558 1543 731 1603 hebetiores
751 1545 781 1602 iu
797 1552 877 1603 aceto
891 1553 1054 1604 maceratos
1071 1555 1153 1622 quat-

154 1629 316 1688 tuordecim
339 1627 443 1688 diebus
459 1630 627 1704 nitescere,
648 1627 772 1687 totidem
793 1627 937 1692 mensibus
961 1627 1082 1688 durante
1097 1629 1154 1688 ful-

98 1732 112 1744 ¹
154 1730 238 1790 gore.
276 1712 475 1772 adulterantur
494 1712 572 1771 vitro
593 1711 753 1812 simillime,
776 1711 829 1771 sed
851 1720 919 1771 cote
935 1711 1155 1790 deprehendun-

154 1804 213 1872 tur,
225 1796 385 1855 sicutaliae
396 1812 539 1872 gemmae,
552 1777 627 1854 Ιίειιε
640 1797 715 1854 ειιίιιι
726 1794 843 1854 mollior
854 1799 973 1856 materia
983 1797 1158 1875 fragilisque

155 1888 210 1939 est.
240 1888 393 1939 centrosas
416 1886 485 1938 cote
506 1878 728 1956 deprehendunt
751 1886 781 1938 et
805 1878 938 1957 pondere
967 1881 1047 1959 qnod
1065 1883 1196 1948 minuam

154 1972 202 2022 εει
223 1964 253 2022 iu
275 1965 395 2039 vitreis,
419 1961 573 2040 aliquando
595 1970 625 2023 et
651 1962 761 2041 pusulis
782 1965 897 2039 argenti
921 1965 1008 2025 modo
1026 1966 1159 2026 relucen-
1225 1983 1226 1996 ³

155 2047 242 2105 tibus.

111 2141 146 2195 99
221 2130 286 2190 ‹.27
221 2129 303 2207 i)
326 2129 380 2187 Est
400 2139 431 2189 et
448 2104 616 2189 anthracitis
635 2131 809 2208 appellata
800 2149 830 2190 ιιι
845 2129 1021 2230 Thesprotia
1042 2131 1154 2192 fossilis

155 2213 331 2274 carbonibus
349 2213 459 2272 similis.
490 2213 594 2272 falsum
610 2214 739 2274 arbitror
755 2213 833 2293 qnod
851 2217 904 2274 ει
896 2234 925 2274 ιιι
929 2213 1052 2314 Liguria
1070 2217 1152 2274 nesci

155 2296 400 2377 prodiderunt,
371 2316 427 2357 ιιιει
420 2298 521 2358 forte
536 2306 603 2356 tuuc
618 2299 821 2358 nascebantur.
843 2317 911 2359 esse
926 2300 1004 2358 iniis
1021 2305 1050 2356 et
1064 2313 1149 2374 prae·
1158 2315 1181 2358 aa

155 2383 264 2441 cinctas
286 2381 404 2441 candida
423 2398 501 2441 vena
518 2380 643 2443 tradunt.
676 2381 775 2442 harum
797 2384 900 2460 ignens
914 2381 995 2441 color
1016 2388 1048 2440 ut
1064 2397 1152 2458 supe-

155 2466 281 2542 riorum,
302 2463 355 2524 sed
379 2464 528 2543 peculiare
555 2465 632 2542 quod
655 2467 778 2526 iactatae
801 2469 831 2527 in
856 2467 949 2543 iguem
966 2463 1049 2526 velut
1065 2467 1157 2541 iuter-

155 2557 287 2609 mortnae
303 2550 524 2626 exstinguntur,
538 2544 640 2608 coutr'a
656 2551 738 2626 aquis
755 2551 891 2629 perfusae
908 2549 1113 2610 exardescunt.

115 2646 167 2696 100
222 2631 304 2711 (28.)
330 2629 460 2710 Cognata
481 2640 527 2691 est
546 2640 576 2691 ει
592 2633 760 2693 sandastros
776 2652 859 2712 quam
876 2633 964 2713 aliqui
981 2633 1160 2696 Garamanti-

156 2733 218 2776 cam
232 2724 347 2776 vocant.
378 2717 506 2776 nascitur
524 2717 554 2774 in
573 2714 651 2775 ludis
666 2715 733 2775 loco
750 2719 879 2779 eiusdem
898 2720 1030 2779 nominis.
1062 2719 1201 2794 gigni-uo

155 2809 203 2859 tur
226 2808 257 2859 ει
279 2801 309 2858 in
332 2801 440 2860 Arabia
459 2798 495 2859 ad
514 2798 664 2859 meridiem
685 2819 780 2861 versa.
816 2803 1027 2863 commendatio
1048 2819 1165 2862 summe

156 2882 234 2961 qnod
251 2884 342 2943 veluti
357 2885 386 2942 in
404 2882 543 2944 tralucido
558 2883 634 2956 iguis
654 2891 791 2962 optentus
807 2885 990 2946 stellantibus
1006 2886 1100 2962 fulget
1116 2888 1165 2946 in·

117 2991 125 3005 ·
156 2975 202 3025 tus
217 2969 314 3027 aureis
329 2968 436 3044 guttis,
452 2985 569 3045 semper
583 2969 612 3026 in
629 2985 771 3046 corpore,
792 2985 942 3048 numquam
957 2971 987 3028 in
1003 2977 1078 3030 cute.
1110 2987 1166 3029 ac-

157 3050 235 3109 cedit
255 3058 285 3111 et
305 3051 411 3127 religio
432 3060 547 3111 narrata
567 3051 693 3111 siderum
716 3055 907 3131 cognatione,
932 3055 1065 3131 quoniam
1089 3052 1165 3114 fere

157 3133 278 3231 hyadum
302 3133 494 3211 dispositione
517 3152 550 3194 ac
564 3152 684 3194 numero
706 3137 873 3215 stellantur,
894 3137 932 3196 ob
954 3136 984 3195 id
1001 3134 1165 3198 Chaldaeis
1178 3157 1208 3197 aa

116 3227 164 3277 101
178 3218 207 3273 in
228 3218 412 3276 caerimoniis
430 3218 555 3293 habitae.
593 3217 632 3276 Et
653 3218 808 3292 hiemares
830 3223 984 3280 austeritas
1001 3219 1167 3296 distinguit

158 3299 323 3374 etquidem
348 3303 434 3376 vigor
460 3300 592 3377 adposita
613 3304 764 3380 tinguens,
792 3303 907 3363 Indicae
931 3302 1045 3380 quidem
1068 3307 1169 3366 etiam

111 3397 127 3427 ε
157 3377 300 3441 hebetare
320 3383 400 3442 visus
415 3383 554 3443 dicuutur
588 3384 721 3446 blandior
735 3388 849 3446 feminis
873 3386 998 3464 flamma,
1016 3386 1168 3450 adluceus
