2484 3817
322 217 403 265 unu.
421 218 513 267 msa.
529 220 630 267 xxurr.
648 221 672 271 r.
692 207 847 284 (nt-ro.)
1067 210 1086 267 7

85 372 339 448 gargarizationes
356 381 403 449 et,
420 392 456 433 ne
471 372 540 450 quid
554 373 730 449 devoretur,
751 372 848 433 addito
874 373 953 449 sale,
977 372 1087 449 thymo,

85 464 170 515 aceto
186 454 292 515 mulso.
321 455 389 515 ideo
408 465 438 515 et
453 457 675 534 purgationibus
690 459 844 533 ancipitem
859 465 967 535 putant.

146 538 224 617 (15.)
254 537 388 599 Esthuic
405 540 522 616 similis,
546 540 599 599 sed
615 541 646 598 in
660 537 769 600 salictis
785 558 916 601 nascens.
947 542 1015 601 ideo
1031 542 1088 600 dis·

86 624 229 699 tinguitur
249 624 383 699 nomine,
410 641 472 683 cum
488 622 608 683 eosdem
623 642 692 682 usus
709 622 832 699 habeat,
860 632 891 684 et
908 623 1087 684 salicastrum

65 714 214 769 evocatur.
251 706 379 767 scabiem
399 715 430 767 et
454 708 634 785 pruriginem
657 706 803 767 hominum
824 706 1087 786 quadripedumque

86 798 170 849 aceto
185 788 282 849 mulso
298 792 364 849 trita
382 790 455 849 haec
467 790 614 850 eiiicacius
630 790 715 851 tollit.

144 872 230 951 (16.)
266 872 343 933 Vitis
366 873 431 933 alba
452 882 498 933 est
520 891 603 951 quam
619 872 723 933 Graeci
744 872 879 952 ampelon
896 873 1017 950 leucen,
1036 874 1084 933 alii
1094 885 1127 936 21

86 956 260 1035 staphylen,
281 956 329 1015 alii
350 956 526 1033 melothron,
541 957 603 1016 „pp
624 956 793 1034 psilotrum,
818 957 867 1016 alii
884 956 1088 1031 archezostim,

86 1042 130 1100 alii
144 1040 317 1117 cedrostinu,
331 1040 378 1099 alii
391 1042 494 1101 madon
507 1040 663 1119 appellant.
696 1040 780 1101 huius
795 1048 939 1101 sarmenta
951 1040 1047 1115 longis
1059 1048 1089 1099 et

55 1124 213 1187 inexilibns
231 1125 401 1184 internodiis
421 1123 585 1201 geniculata
601 1123 749 1183 scandunt.
778 1124 849 1185 lolia
865 1125 1033 1201 pampinosa
1054 1124 1089 1183 ad

85 1207 311 1285 magnitudinem
326 1206 453 1267 hederae
466 1208 631 1267 dividuntur
643 1216 675 1266 ut
685 1209 792 1267 vitium.
818 1207 902 1268 radix
914 1207 989 1283 alba,
1004 1224 1089 1284 gran·

84 1293 147 1369 dis,
163 1289 294 1369 raphano
311 1290 412 1349 similis
429 1292 519 1351 initio.
536 1308 575 1350 ex
590 1308 627 1349 ea
643 1290 741 1351 caules
756 1293 890 1370 asparagi
903 1290 1089 1351 similitudine

85 1383 202 1435 exeunt.
234 1374 263 1432 hi
285 1374 400 1433 decocti
420 1376 450 1433 in
470 1374 537 1434 cibo
556 1373 652 1433 alvom
669 1383 700 1434 et
721 1376 831 1435 urinam
847 1377 934 1449 cient.
967 1375 1038 1435 lolia
1056 1381 1131 1436 em

85 1458 183 1518 caules
198 1457 368 1517 exulcerant
379 1476 499 1535 corpus,
516 1459 617 1534 utique
631 1458 759 1517 ulcerum
769 1458 967 1537 phagedaenis
978 1468 1009 1517 et
1019 1475 1088 1535 gan·

53 1566 75 1607 is
85 1543 203 1619 graerds
224 1541 413 1618 tibiarumque
426 1542 522 1600 taedio
533 1559 597 1600 cum
609 1541 671 1601 sale
684 1541 848 1601 inlinuntur.
879 1560 978 1603 semen
994 1544 1022 1601 iu
1033 1558 1089 1600 uva

83 1628 159 1684 raris
178 1626 268 1683 acinis
284 1624 441 1703 dependet,
457 1642 528 1685 suco
545 1625 683 1702 rubente,
700 1634 806 1704 postca
817 1626 946 1685 crocino.
977 1642 1089 1684 novere

81 1709 111 1768 id
135 1710 186 1785 qni
211 1708 292 1767 coria
315 1708 485 1785 perficiunt,
508 1708 560 1768 illo
582 1710 659 1768 enim
678 1706 803 1767 utuntur.
834 1709 932 1785 psoris
949 1715 979 1766 et
996 1707 1087 1783 lepris

81 1792 225 1867 inlinitur,
251 1790 334 1850 lactis
350 1791 550 1851 abundantiam
565 1791 635 1850 iacit
650 1799 764 1850 coctum
779 1807 843 1849 cum
861 1791 959 1849 tritico
977 1798 1088 1867 potum-

4 1902 7 1935 i
85 1894 154 1953 que.
186 1875 267 1933 radix
283 1876 445 1934 numerosis
463 1874 636 1935 utilitatibus
652 1873 760 1933 nobilis
782 1880 884 1932 contra
910 1873 1133 1949 serpentiumns

50 1980 76 2019 aa
88 1962 167 2017 ictus
182 1958 249 2017 trita
264 1957 404 2017 drachmis
417 1958 527 2018 duabus
542 1957 660 2017 bibitur.
684 1958 761 2015 -vitia
777 1957 851 2016 cutis
864 1957 893 2015 iu
904 1956 979 2015 facie
992 1972 1090 2015 varos·

86 2060 149 2119 que
165 2048 195 2099 et
212 2040 365 2119 lentigines
383 2050 413 2101 et
430 2041 586 2119 suggillata
604 2040 737 2104 emendat
749 2048 780 2100 et
797 2041 961 2118 cicatrices,
977 2039 1090 2100 eadem·

86 2144 147 2203 que
169 2134 297 2202 praestat
318 2128 347 2185 iu
371 2124 438 2185 oleo
459 2126 590 2186 decocta.
623 2126 706 2185 datur
727 2134 757 2184 et
778 2123 972 2184 comitialibus
990 2132 1088 2203 potus,

84 2212 158 2269 item
178 2217 275 2268 mente
298 2210 441 2270 conmotis
465 2218 513 2269 aut
534 2210 680 2286 vertigine
700 2208 917 2286 laborantibus,
937 2206 1089 2267 drachmae

87 2292 219 2371 pondere
240 2294 348 2353 cotidie
365 2310 439 2352 anno
456 2300 529 2353 toto.
561 2301 591 2352 et
606 2295 671 2370 ipsa
686 2300 781 2352 autem
803 2291 914 2368 largior
935 2290 1132 2368 atiquaauout

55 2395 193 2437 assensus
215 2375 320 2436 turbat.
352 2375 402 2436 illa
418 2378 463 2436 vis
481 2376 632 2455 praeclara
646 2376 723 2455 quod
741 2394 809 2435 ossa
823 2375 944 2435 infracta
964 2374 1090 2434 extrahit

88 2462 115 2518 in
129 2477 205 2536 aqua
221 2461 349 2537 inposita
365 2468 396 2519 ut
411 2459 549 2537 bryonia,
573 2477 662 2538 quare
679 2460 792 2537 quidam
805 2458 877 2518 hanc
894 2457 988 2518 albam
1002 2456 1089 2531 bryo-

87 2545 161 2602 niam
183 2552 296 2603 vocant.
327 2544 383 2602 alia
407 2561 480 2605 vero
502 2545 583 2620 nigra
606 2544 753 2603 efficacior
775 2543 804 2601 in
824 2542 928 2602 eodem
951 2558 1004 2597 usn
1027 2557 1090 2598 cum

87 2627 172 2686 melle
200 2635 231 2686 et
260 2634 333 2686 ture.
372 2629 597 2705 suppurationes
618 2627 786 2704 incipientis
807 2625 941 2699 discutit,
969 2630 1090 2681 ueteres

86 2718 208 2769 maturat
225 2718 256 2770 et
271 2720 384 2787 purgat.
414 2713 473 2771 ciet
490 2728 605 2771 menses
624 2719 656 2770 ct
670 2711 788 2769 urinam.
817 2708 940 2787 ecligma
955 2725 993 2767 ex
1007 2724 1042 2765 ea
1056 2706 1087 2764 iit
1097 2718 1132 2769 25

54 2795 260 2872 assuspiriosis
277 2801 309 2852 et
325 2802 426 2855 contra
443 2793 544 2855 lateris
560 2794 692 2870 dolores,
707 2792 811 2869 volsis,
826 2794 929 2871 ruptis.
959 2790 1091 2868 splenem

88 2878 179 2936 tarnis
202 2876 301 2937 obolis
323 2886 393 2955 pota
408 2878 526 2954 triginta
540 2877 643 2938 diebus
662 2878 813 2937 consumit.
845 2876 975 2935 inlinitur
990 2871 1090 2931 eadem

87 2978 150 3019 cnm
165 2960 223 3020 lico
242 2968 273 3020 et
287 2964 432 3039 pterygiis
447 2961 610 3038 digitorum.
637 2978 676 3020 ex
686 2961 756 3020 dno
767 2960 911 3019 secundas
921 2956 1090 3017 feminarum

88 3042 219 3121 adposita
237 3043 336 3120 trahit,
355 3054 384 3106 ct
400 3046 531 3123 pituitam
547 3042 679 3104 drachma
691 3052 761 3122 pota
774 3046 804 3103 in
815 3058 888 3118 aqua
901 3037 992 3100 mulsa
1003 3056 1090 3099 sucus

88 3125 348 3203 radicis-colligi
363 3128 454 3189 debet
467 3137 533 3189 ante
547 3129 665 3187 seminis
677 3129 869 3187 maturitatem
880 3124 978 3201 -qui
995 3123 1089 3183 inlini·
1098 3134 1133 3187 26

56 3215 135 3269 etos
162 3228 218 3288 per
248 3228 284 3269 se
312 3219 342 3269 et
368 3230 431 3272 cum
452 3229 525 3272 ervo
547 3211 673 3271 laetiore
695 3210 819 3287 quodam
839 3205 942 3266 colore
966 3215 997 3266 et
1016 3209 1090 3266 cutis

90 3295 244 3353 teneritate
274 3297 472 3371 mangonicat,
504 3295 651 3373 serpentis
678 3294 769 3371 fugat.
811 3285 938 3351 tunditur
958 3291 1022 3367 ipsa
1045 3308 1089 3349 ra·

89 3373 138 3433 dix
158 3394 220 3436 cunr
243 3378 301 3437 lico
323 3379 423 3455 pingui
439 3386 600 3456 erugatque
615 3394 741 3455 corpus,
763 3376 789 3434 si
806 3374 901 3435 statim
915 3373 982 3432 bina
999 3371 1090 3431 stadia

90 3457 285 3538 ambulantur,
309 3460 380 3521 alias
397 3463 497 3539 vitiet,
518 3462 573 3521 nisi
589 3460 694 3537 frigida
712 3459 808 3519 statim
821 3456 963 3518 abluatur.
994 3456 1092 3512 iucnn·
1155 3493 1160 3502 .
