2484 3817
281 134 361 181 nur.
382 132 474 183 ιιιιι.
492 134 633 183 xxxam
652 132 753 186 a-lo
776 122 927 199 (ιι-ιι.)
1058 122 1097 181 51
1141 84 1144 89 ι

107 287 183 348 ιιιίι
203 286 350 348 adfectant
364 288 433 347 olco
453 304 487 347 ac
508 286 582 347 sole.
619 286 667 346 Fit
684 284 829 365 Campano
846 286 988 347 similem
1002 285 1143 353 multisoo

107 370 235 449 partibus
249 369 351 432 ltaliae
369 372 598 450 provinciisque,
617 370 671 429 sed
686 378 806 430 octonas
822 357 930 446 plumbi
945 370 1035 430 libras
1053 370 1100 430 ad·

89 454 174 529 ‘dunt
190 462 220 513 et
234 456 362 515 carbone
373 463 514 514 recocunt
529 455 673 531 propter
665 454 792 531 mopiam
806 452 887 529 ligni
915 462 1050 531 quantum
1065 471 1100 513 ea

105 554 153 597 res
170 536 352 598 differentiae
371 537 511 597 adferat
503 556 533 597 ιιι
548 535 641 596 Gallia
659 554 789 596 maxume
810 536 936 595 sentitur
952 537 1001 596 ubi
1022 539 1100 597 inter

84 610 216 698 {lapides
234 622 421 683 candefactos
436 621 583 696 funditur,
603 627 746 679 exurente
762 621 839 679 enim
853 627 972 678 coctura
986 622 1100 697 nigrum

105 710 189 781 atquc
211 704 317 781 fragile
338 705 499 765 conficitur.
542 710 700 780 praeterea
723 702 815 761 semel
838 706 994 777 recocunt,
1021 702 1099 780 quod

104 788 219 865 saepius
235 788 345 849 fecisse
359 788 481 848 bonitati
498 785 658 865 plurumum
672 786 795 845 confert.
820 785 849 845 9.
868 783 902 846 ld
918 802 1035 863 quoque
1049 802 1100 844 no-

104 878 181 931 tasse
195 887 254 930 non
273 871 359 931 abre
378 880 441 945 est,
466 888 516 929 aes
532 886 617 929 omne
636 870 749 945 frigore
764 886 868 946 magno
887 867 992 927 melius
1007 868 1098 930 fundi.

74 1014 78 1024 ,
103 953 235 1031 Sequens
258 961 454 1032 temperatura
477 953 614 1013 statuaria
634 961 682 1013 est
701 952 861 1030 eademque
884 950 1022 1011 tabularis
1040 950 1139 1016 hocttt

70 1036 203 1106 10modo:
226 1054 321 1096 massa
341 1036 482 1115 proflatur
497 1038 527 1096 in
545 1037 663 1114 primis,
683 1053 752 1096 mox
772 1037 802 1094 in
817 1035 971 1113 proflatum
986 1034 1098 1095 additur

102 1120 188 1179 tertia
204 1122 303 1195 portio
317 1122 393 1199 aeris
410 1120 602 1196 collectanei,
617 1120 676 1181 hoc
689 1127 736 1179 est
751 1137 791 1179 ex
805 1137 859 1178 usu
873 1120 1009 1197 coempti.
1046 1134 1098 1196 pe-

102 1201 210 1261 culiare
235 1204 264 1262 in
287 1221 323 1263 co
344 1205 555 1264 condimentum
577 1202 685 1271 adtritu
705 1202 805 1262 domiti
827 1210 865 1273 ¹ct
887 1200 1097 1264 consuetudine

101 1286 204 1343 nitoris
227 1286 318 1346 veluti
343 1289 540 1348 mansuefacti.
573 1289 732 1347 miscentur
753 1294 784 1346 et
806 1286 915 1365 plumbi
939 1284 1096 1363 argentarii

101 1368 197 1445 pondo
223 1369 356 1433 duodena
383 1389 416 1431 ac
438 1371 567 1431 selibrae
594 1372 727 1431 centenis
752 1369 877 1448 prodati.
918 1367 1139 1446 Appellaturttt

68 1482 90 1521 15
101 1452 252 1511 etiamnum
272 1463 302 1513 ιι
316 1455 446 1515 formalis
462 1448 659 1533 temperatura
673 1455 751 1514 aeris
771 1453 938 1529 tenerrimi,
963 1454 1097 1530 quoniam

99 1537 174 1611 nigri
196 1535 305 1613 plumbi
328 1538 448 1599 decuma
471 1540 568 1617 portio
590 1537 704 1597 additur
721 1543 752 1595 et
773 1536 932 1612 argentarii
947 1537 1096 1611 vicesima,

98 1636 288 1697 maxumeque
304 1624 345 1682 ita
359 1623 491 1682 colorem
505 1622 580 1680 bibit
592 1638 677 1698 quem
688 1619 893 1679 Graecanicum
903 1626 1018 1679 vocant.
1036 1617 1097 1677 No·

98 1703 216 1761 sissima
232 1712 278 1762 est
293 1722 368 1782 quae
383 1713 504 1763 vocatur
519 1702 632 1779 ollaria,
648 1721 719 1763 vase
734 1720 839 1763 nomen
854 1703 910 1763 hoc
922 1701 1019 1779 dante,
1038 1709 1110 1761 ter·'

98 1786 143 1843 nis
166 1794 214 1844 aut
235 1789 383 1863 quaternis
401 1786 485 1845 libris
503 1786 612 1863 plumbi
632 1788 790 1864 argentarii
811 1787 841 1845 in
855 1793 996 1847 centenas
1017 1786 1095 1845 aeris

63 1866 212 1941 gadditis.
249 1867 359 1947 Cyprio
379 1869 545 1930 siaddatur
566 1869 729 1948 plumbum,
753 1871 836 1930 colos
851 1886 997 1953 purpurae
1012 1868 1045 1928 tit
1066 1869 1096 1927 in

100 1957 255 2010 statuarum
271 1955 441 2030 praetextis.

163 2033 246 2113 (21.)
262 2037 342 2095 Aera
358 2045 476 2097 extersa
489 2037 654 2115 robiginem
669 2036 796 2097 celerius
811 2035 927 2096 trahunt
943 2051 1027 2113 quam
1041 2053 1091 2094 uc·
1102 2045 1136 2101 99

97 2116 208 2195 glecta,
223 2120 278 2179 nisi
296 2120 364 2179 oleo
380 2131 605 2198 perunguantur.
633 2122 745 2181 servari
761 2139 797 2181 ca
813 2128 931 2198 optume
945 2121 975 2178 in
985 2118 1094 2198 liquida
1204 2195 1207 2200 Ι

98 2202 165 2278 pice
191 2202 312 2281 tradunt,
350 2223 419 2263 usus
440 2206 518 2264 aeris
542 2204 576 2265 ad
598 2207 827 2283 perpetuitatem
845 2201 1094 2263 monumentorum

62 2285 154 2357 aiam
173 2286 288 2367 pridem
313 2287 433 2348 tralatus
461 2296 507 2349 est
528 2288 634 2348 tabulis
660 2289 756 2349 aereis
782 2289 813 2347 in
835 2284 1093 2366 autumpnatem

97 2370 321 2431 constitutiones
338 2371 508 2432 inciduntur,

164 2453 212 2512 10.
238 2455 318 2535 (22.)
340 2454 458 2516 Metalla
475 2457 552 2516 aeris
566 2456 663 2515 inultis
678 2455 771 2515 modis
792 2456 938 2515 instruunt
956 2451 1072 2513 medici·
1084 2464 1135 2518 loo

98 2550 174 2610 nam,
190 2544 292 2614 utpote
304 2557 367 2598 cnm
377 2540 476 2599 ulcera
490 2541 583 2600 omnia
595 2540 635 2599 ibi
649 2541 785 2599 ocissime
799 2547 948 2613 sanentur,
961 2554 1092 2596 maxume

98 2624 195 2677 tamen
210 2630 331 2697 prosunt
344 2622 468 2683 cadmea.
490 2623 536 2683 Fit
551 2625 614 2683 sine
627 2623 715 2683 dubio
730 2623 803 2682 baec
816 2622 889 2682 etin
902 2620 1015 2697 argenti
1033 2619 1091 2679 for·
1137 2636 1146 2655 ·

60 2736 87 2776 30
97 2702 234 2780 nacibus,
249 2705 396 2766 candidior
410 2724 445 2766 ac
459 2708 550 2767 minus
567 2706 744 2785 ponderosa,
760 2706 813 2767 sed
829 2721 1009 2781 nequaquam
1023 2721 1091 2762 con·

97 2785 223 2861 paranda
236 2790 378 2848 aerariae.
409 2790 490 2868 plura
504 2799 598 2850 autem
612 2809 724 2867 genera
739 2798 813 2851 sunt.
844 2805 965 2866 namque
981 2796 1011 2847 ut
1025 2788 1090 2886 ipsc

96 2866 172 2944 lapis
197 2888 236 2931 ex
257 2889 313 2948 quo
335 2873 367 2931 fit
388 2889 439 2932 aes
458 2874 573 2934 cadmea
595 2883 731 2951 vocatur,
763 2873 870 2933 fusuris
893 2873 1090 2949 necessarius,

96 2952 257 3015 medicinae
276 2955 437 3031 inutilis,'
413 2974 456 3015 suc
470 2975 569 3016 rursus
586 2958 616 3016 in
630 2958 797 3017 fornacibus
816 2956 932 3014 exsistit
946 2953 1002 3013 alia
1015 2963 1090 3031 guae

96 3038 221 3097 nominis
239 3040 282 3097 sui
301 3040 443 3115 originem
458 3040 571 3116 recipit.
611 3042 753 3101 litantem
771 3047 874 3115 egesta
889 3037 1006 3098 dammis
1028 3046 1069 3097 at·
1079 3050 1130 3103 101
1231 3027 1234 3034 ’

59 3135 156 3196 „que
175 3120 243 3181 datu
266 3123 433 3182 tenuissima
453 3130 537 3200 parte
558 3125 695 3183 materiae
718 3132 748 3183 et
768 3124 887 3183 camaris
908 3121 1089 3203 lateribuavc

96 3203 257 3265 fornacium
278 3223 331 3284 pro
352 3207 511 3283 quantitate
525 3204 653 3267 levitatis
669 3207 818 3285 adplicata.
854 3206 1023 3268 tenuissima
1042 3212 1089 3266 est
1122 3247 1126 3253 ·

96 3287 212 3365 inipso
233 3291 391 3357 fornacium
412 3307 483 3365 ore,
509 3306 564 3366 qua
579 3289 706 3351 dammae
730 3290 917 3368 fluctuantur,
942 3288 1088 3369 appellata

96 3373 241 3451 capnitis,
261 3383 364 3435 exusta
386 3382 417 3434 et
438 3374 523 3433 nimia
543 3371 663 3435 levitate
684 3375 784 3435 similis
802 3369 927 3434 favillae.
963 3374 1087 3435 interior

877 3455 927 3518 4*
