2484 3817
354 215 434 262 unu.
451 215 543 264 urar.
563 216 646 264 xxv.
662 213 689 266 t.
704 211 729 264 a.
748 205 863 284 (tt-7.)
1057 205 1096 266 71

101 369 161 430 duit
180 367 275 428 rabidi
290 368 369 426 canis
386 384 500 427 morsus
516 385 655 445 pavorem
668 387 760 447 aquae
775 377 921 448 potusque
942 369 1034 428 omnis
1052 367 1102 428 sd·

106 454 209 512 ferens
230 451 334 510 odium.
371 468 464 528 nuper
485 450 631 528 cuiusdam
645 453 792 512 militantis
818 454 849 511 in
869 453 1019 529 praetorio
1042 469 1100 510 raa-

106 544 154 595 ter
171 533 244 593 vidit
259 536 289 593 in
308 535 407 611 quiete
432 539 463 594 ut
483 532 609 593 radicem
625 535 771 595 silvestris
792 551 879 595 rosae
896 552 979 612 quam
995 551 1100 610 cynor-

106 618 221 678 rhodon
235 625 342 676 vocant
359 615 512 676 blanditam
527 617 582 675 sibi
598 617 736 695 adspectu
748 617 842 696 pridie
854 619 884 676 in
897 618 1024 677 irutecto
1036 617 1101 675 mit·

81 710 187 761 steret
202 699 263 759 lilio
280 699 441 760 bibendam.
470 701 500 758 in
513 697 668 760 Laeetania
681 719 731 761 res
747 698 920 778 gerebatur,
941 697 1098 776 Hispaniae

106 799 249 862 proxuma
264 791 360 860 parte,
375 799 502 860 casuque
520 783 623 842 accidit
640 791 671 842 ut
684 783 777 844 milite
791 800 807 841 a
822 799 919 840 morsu
934 783 1012 840 canis
1028 784 1099 841 inei·
1170 778 1173 794 '

105 868 207 946 piente
224 881 426 943 expavescere
448 882 536 943 aquas
559 869 765 943 superveniret
783 863 910 944 epistula
934 865 1042 923 orantis
1066 872 1100 924 ut

105 957 226 1029 pareret
246 949 402 1025 religioni,
430 956 620 1025 servatusque
644 958 746 1009 estex
765 951 915 1026 insperato
940 955 969 1006 et
993 955 1099 1024 postea

106 1033 239 1110 quisquis
255 1031 390 1090 auxilium
405 1031 497 1090 simile
517 1034 676 1110 temptavit.
706 1032 777 1092 alias
798 1029 875 1110 apud
890 1038 1026 1090 auctores
1048 1039 1144 1104 epla

72 1115 247 1174 sonorrbodi
266 1131 321 1172 una
337 1113 478 1173 medicina
495 1122 558 1174 erat
573 1115 755 1193 spongeolae
772 1132 848 1193 quae
868 1114 899 1172 in
913 1112 1016 1173 mediis
1041 1115 1099 1192 spi-

105 1200 150 1258 nis
169 1199 235 1256 eius
251 1199 379 1256 nascitur
398 1198 496 1257 cinere
512 1215 575 1256 curn
590 1197 678 1257 melle
692 1198 840 1276 alopecias
851 1199 955 1276 capitis
972 1195 1098 1274 expleri.

104 1283 134 1340 in
155 1279 259 1340 eadem
281 1281 430 1356 provincia
451 1282 577 1356 cognovi
599 1282 631 1340 in
644 1298 717 1358 agro
736 1281 861 1359 hospitis
885 1298 979 1358 nuper
994 1279 1035 1338 ibi
1052 1298 1099 1339 re·

104 1371 221 1442 partum
245 1362 447 1422 dracunculum
469 1361 644 1440 appellatum
668 1363 778 1424 caulem
801 1364 934 1442 pollicari
961 1363 1100 1422 crassitu-

106 1447 184 1521 dine,
201 1445 435 1505 versicoloribus
451 1445 616 1522 viperarum
631 1447 767 1524 maculis,
783 1465 869 1526 quem
883 1446 1018 1506 ferebant
1030 1462 1100 1504 con·

72 1537 149 1588 retra
166 1530 293 1588 omnium
308 1545 422 1588 morsus
438 1547 506 1588 esse
522 1529 663 1608 remedio,
680 1530 765 1589 alium
778 1549 862 1608 quam
874 1546 948 1607 quos
962 1531 992 1588 in
1005 1529 1099 1607 priori
1212 1557 1217 1572 ·

105 1612 253 1672 volumine
274 1611 403 1670 eiusdem
421 1613 543 1671 nominis
562 1611 703 1689 diximus,
726 1613 778 1672 sed
797 1613 863 1672 lruic
879 1612 934 1670 alia
952 1613 1055 1688 ligura,
1066 1626 1142 1669 sous

106 1695 183 1756 aliud
195 1693 364 1754 miraculum
378 1697 526 1754 exserenti
541 1714 574 1754 se
588 1704 667 1755 terra
682 1695 717 1756 ad
731 1697 836 1772 primas
849 1696 1143 1770 serpentinam-19

107 1779 241 1836 nationes
263 1777 392 1854 bipedali
416 1779 481 1838 iere
508 1777 675 1852 altitudine,
696 1793 855 1853 rursusque
873 1793 937 1834 cum
951 1773 1054 1834 iisdem
1068 1775 1099 1833 in

109 1867 215 1920 terram
231 1859 386 1935 condenti,
403 1861 459 1920 nec
477 1861 591 1919 omnino
613 1859 758 1919 occultato
777 1875 814 1917 eo
830 1857 950 1936 adparet
963 1873 1099 1933 serpens,

74 1941 160 2001 avet
184 1941 240 2002 boc
266 1961 321 2021 per
338 1960 372 2001 se
397 1943 467 2002 satis
486 1943 618 2002 officioso
642 1950 762 2002 naturae
781 1957 917 2016 munere,
943 1941 967 1999 si
993 1945 1099 1997 tantum

111 2034 316 2103 praemoneret
332 2034 504 2105 tempusque
520 2025 681 2084 formidinis
695 2023 918 2086 demonstraret.

174 2107 203 2168 3.
233 2107 296 2168 Nec
311 2108 471 2168 bestiarum
486 2107 579 2167 solum
593 2107 629 2168 ad
643 2106 803 2167 nocendum
819 2106 934 2167 scelera
946 2111 1028 2179 sunt,
1045 2103 1143 2167 sedeo

109 2192 224 2250 interim
238 2209 374 2268 aquarum
386 2209 501 2268 quoque
517 2209 549 2250 ac
563 2191 701 2250 locorum.
727 2191 761 2250 la
774 2190 925 2250 Germania
936 2184 1100 2246 transte-

110 2291 172 2333 num
189 2276 321 2333 castrisa
340 2273 510 2334 Germanico
532 2272 661 2334 Caesare
680 2275 822 2351 promotis
841 2273 983 2330 maritimo
1004 2278 1098 2329 tractu

78 2355 173 2416 2⁵ions
193 2364 258 2416 erat
273 2375 364 2434 aquae
379 2355 471 2416 dulcis
491 2357 587 2434 solus,
610 2375 666 2434 qua
682 2366 753 2436 pota
771 2357 845 2414 intra
866 2353 1012 2414 biennium
1029 2352 1098 2413 deu·

112 2445 154 2498 tes
169 2439 342 2499 deciderent
361 2457 568 2516 conpagesque
582 2441 611 2498 in
631 2438 756 2516 genibus
771 2437 962 2498 solverentur.
994 2445 1100 2495 stoma-

112 2539 197 2582 cacen
215 2522 319 2582 medici
334 2522 477 2581 vocabant
493 2530 523 2582 et
542 2522 732 2598 scelotyrben
751 2540 787 2581 ea
801 2520 881 2582 mala.
911 2526 1030 2596 reperta
1049 2535 1098 2581 au·

113 2603 179 2664 uilio
196 2614 247 2666 est
265 2604 356 2665 lrerba
370 2613 445 2684 quae
458 2613 579 2664 vocatur
595 2605 767 2680 Britannica,
782 2621 841 2663 uon
855 2603 953 2663 nervis
968 2599 1099 2661 modoet

113 2689 170 2746 oris
194 2688 279 2748 malis
306 2688 452 2764 salutaris,
478 2687 530 2747 sed
556 2696 658 2748 contra
679 2689 799 2764 anginas
821 2703 937 2766 quoque
952 2691 983 2744 et
997 2689 1099 2743 contra

73 2771 266 2849 anserpentis.
300 2769 370 2830 lolia
385 2769 474 2831 babet
491 2770 619 2847 oblonga
635 2773 736 2847 nigra,
755 2769 881 2829 radicem
894 2769 1013 2844 nigram.
1047 2782 1093 2825 su·
1104 2775 1140 2829 21

111 2869 159 2912 cus
175 2855 240 2914 eius
258 2855 428 2932 exprimitur
444 2861 474 2914 et
489 2871 506 2914 e
521 2851 628 2912 radice.
665 2853 767 2913 dorem
780 2853 902 2911 vibones
918 2856 1033 2923 vocant,
1048 2847 1098 2924 qui

111 2934 251 2996 collectus
267 2938 347 3014 prius
363 2955 445 3015 quam
455 2938 580 3012 tonitrua
596 2935 744 2996 audiantur
760 2943 790 2994 et
805 2935 959 2994 devoratus
975 2947 1117 3013 securos*

111 3017 138 3077 in
152 3028 246 3079 totum
268 3017 370 3078 reddit.
400 3037 477 3096 geos,
501 3028 558 3078 turn
572 3018 638 3094 lida,
660 3021 689 3080 in
705 3036 760 3096 qua
775 3024 870 3076 castra
890 3022 989 3089 erant,
1018 3030 1099 3073 mon·

113 3107 243 3162 stravere
262 3099 350 3178 illam,
365 3104 510 3180 mirorque
527 3103 650 3162 nominis
664 3117 790 3176 causam,
809 3099 864 3157 nisi
878 3098 955 3157 lorte
967 3097 1098 3156 conlines

76 3199 221 3244 ssoeeano
252 3179 417 3244 Britanniae
445 3183 745 3263 veluti·propinquae
765 3181 908 3241 dicavere.
943 3181 1097 3240 nonenim

114 3265 176 3325 iude
191 3265 376 3345 appellatam,
392 3270 525 3345 quoniam
536 3267 575 3326 ibi
589 3266 718 3346 pluruma
732 3270 911 3338 nasceretur,
926 3272 1037 3323 certum
1050 3269 1099 3322 est

114 3349 256 3408 etiamtum
269 3348 415 3409 britannia
429 3350 529 3410 libera.

170 3433 230 3510 (7.)
249 3431 316 3492 Fuit
330 3431 445 3510 quidem
458 3441 489 3492 et
503 3431 549 3490 nis
562 3431 703 3509 quendam
716 3427 839 3488 ambitus
856 3427 1018 3488 nominibus
1032 3427 1141 3486 suisfl
