2484 3817
149 163 207 226 158
343 174 357 217 ·.
497 172 528 221 c.
542 172 638 239 annu
652 170 802 221 sucunm

144 346 220 388 anno
232 326 311 387 urbis
324 325 471 387 DXVllll.
500 325 606 385 Boario
620 340 692 383 vero
708 325 736 385 in
748 325 814 383 foro
827 320 968 387 Graecum
980 322 1132 385 Graecam·

145 430 201 490 que
216 410 352 470 defossos
366 419 414 470 aut
428 410 547 469 aliarum
566 408 695 484 gentium
712 425 775 467 oum
795 405 897 483 quitus
915 416 972 466 tum
989 425 1038 467 res
1053 417 1135 467 esset

145 496 230 555 etiam
247 502 346 554 nostra
365 502 444 552 aetas
468 492 547 552 vidit.
578 493 659 549 cuius
679 491 754 550 sacri
771 489 967 567 precationem
984 507 1039 568 qua
1057 490 1136 551 solet

65 563 72 575 ’
145 577 261 656 praeire
277 576 537 654 quindeoemvirum
552 573 669 649 conlegi
684 574 822 649 magister
837 574 861 631 si
877 573 940 649 quis
955 573 1048 650 legat,
1064 589 1133 651 pro·
1230 582 1231 585 ’

145 660 224 720 fecto
241 662 297 719 vim
314 660 468 719 carminum
482 658 620 732 fateatur,
641 658 734 715 omnia
750 673 784 715 aa
801 654 1025 732 adprobantibus
1042 657 1158 715 ostiu-c

104 755 139 809 13
149 752 300 820 gentorum
316 743 430 818 triginta
442 758 578 801 annorum
592 739 753 799 eventibus.
778 738 904 797 Vestalis
919 748 1032 797 nostras
1045 738 1134 798 bodie
1233 789 1234 829 ,

147 826 288 887 oredimus
302 825 425 885 nondum
439 841 560 899 egressa
582 822 654 882 urbo
669 822 808 901 mancipia
826 820 945 897 fugitiva
960 823 1085 881 retinere
1105 823 1135 881 in
1234 887 1235 909 ,

145 910 214 969 looo
231 908 462 986 precationibus,
478 923 550 982 cum,
565 906 589 964 si
603 905 695 965 semel
708 906 863 984 recipiatur
878 921 912 964 ea
927 907 1000 964 ratio
1017 914 1045 965 at
1061 905 1134 964 daos

147 1011 252 1073 preoes
269 992 379 1070 aliquas
394 988 529 1049 exaudire
544 997 590 1047 out
604 988 662 1047 illis
683 990 793 1048 moveri
808 986 920 1063 verbis,
943 989 1134 1048 confitendum
1235 988 1236 1011 *

146 1078 190 1139 sit,
201 1074 238 1135 de
257 1083 318 1134 toto
333 1075 525 1133 oonieotioue.
554 1071 643 1149 prisci
664 1071 776 1149 quidem
790 1072 881 1130 nostri
903 1080 1044 1149 perpetuo
1066 1071 1134 1131 talia
1144 1091 1173 1132 1o

149 1156 312 1232 credidere,
328 1154 582 1234 difficillimumque
597 1172 635 1213 ex
648 1152 693 1213 his
711 1157 794 1213 etiam
808 1152 924 1213 fulmina
938 1154 1016 1230 elici,
1032 1157 1062 1213 u't
1080 1173 1134 1215 suo

113 1262 131 1303 ι,
143 1260 179 1295 ao
190 1241 258 1300 looo
274 1239 431 1298 docuimus.

107 1334 141 1388 14
212 1322 274 1400 (4.)
295 1321 327 1381 la.
348 1320 415 1380 Piso
429 1321 520 1399 primo
535 1319 675 1379 annalium
690 1327 791 1379 auctor
806 1329 850 1379 est
861 1319 972 1381 'lullum
984 1320 1135 1381 Hostilium

148 1423 248 1482 regem
274 1422 312 1463 ex
330 1402 440 1463 Numae
461 1403 542 1462 libris
565 1402 669 1463 eodem
687 1419 744 1479 quo
770 1402 849 1462 illum
873 1405 1016 1465 sacrificio
1036 1402 1137 1463 lovem

150 1489 233 1548 caelo
248 1486 393 1546 devocare
408 1495 549 1561 conatum,
565 1487 697 1563 quoniam
712 1503 810 1564 parum
825 1487 879 1546 rite
895 1488 1033 1565 quaedam
1047 1488 1134 1547 fecis·
1145 1505 1172 1545 rs

149 1581 205 1646 set,
219 1570 336 1629 fulmine
346 1571 443 1645 ictum,
454 1568 534 1628 multi
548 1586 619 1628 vero
631 1586 795 1645 magnarum
808 1587 903 1629 rerum
914 1575 970 1631 fata
983 1580 1012 1630 et
1021 1580 1135 1630 ostenta

108 1667 141 1719 15
152 1653 248 1714 verbis
265 1650 428 1732 permutari.
458 1669 522 1712 oum
540 1652 568 1710 iu
582 1652 707 1730 Tarpeio
728 1652 872 1713 fodientes
894 1653 1014 1713 delubro
1036 1654 1135 1713 funda-

149 1746 244 1797 menta
258 1744 345 1814 caput
358 1736 507 1795 humanum
522 1736 716 1811 invenissent,
736 1737 831 1795 missis
849 1736 886 1795 ob
908 1737 936 1796 id
951 1736 988 1797 ad
1003 1755 1035 1799 se
1055 1737 1135 1813 lega·

149 1822 187 1881 tis
206 1819 340 1880 Etruriae
362 1819 569 1878 celeberrimus
589 1828 672 1879 vates
689 1818 797 1879 Olenus
812 1818 936 1880 Galenus
956 1820 1136 1898 praeclarum

148 1904 177 1963 id
207 1904 437 1979 fortunatumque
465 1897 587 1961 oernens‘
613 1904 838 1979 interrogatione
862 1905 890 1962 io
920 1922 998 1963 suam
1019 1912 1172 1981 gentemao

150 1985 308 2046 transferre
322 1985 470 2061 temptavit
480 1985 609 2064 scipione
622 1986 807 2045 determinata
817 1987 895 2063 prius
906 1987 1136 2066 templiimagine

150 2067 255 2127 insolo
271 2076 398 2127 antese:
434 2067 509 2126 lloo
529 2085 618 2144 ergo
634 2068 776 2146 dicitis,
796 2070 1033 2147 Romani,hio
1048 2080 1135 2129 tem-

153 2148 1137 2231 plumlovisoptumimaxumifuturumest,biooaput

151 2232 379 2294 invenimus?
411 2234 637 2294 constantissima
662 2235 802 2294 annalium
820 2235 1013 2297 adfirmatione
1035 2212 1158 2295 transi-⁸

152 2327 245 2377 turum
259 2317 348 2377 fuisse
365 2317 451 2376 fatum
472 2318 500 2375 in
513 2315 672 2393 Etruriam,
699 2318 728 2376 ni
751 2320 920 2396 praemoniti
943 2338 958 2379 a
979 2318 1038 2379 filio
1059 2320 1170 2381 vatisas

153 2401 243 2476 legati
258 2400 491 2479 respondissent:
512 2398 590 2459 Nou
612 2399 723 2477 plane
751 2400 809 2461 hio
834 2403 1058 2477 setuomas
1081 2402 1135 2460 in·

113 2496 146 2549 16
157 2492 299 2542 ventum
314 2492 422 2561 eaput
437 2483 601 2542 dicimus.
621 2485 724 2543 iterum
738 2483 766 2542 id
777 2485 918 2543 accidisse
935 2485 1056 2558 tradunt,
1072 2501 1137 2543 cum

153 2569 182 2626 in
198 2566 340 2642 fastigium
355 2565 482 2624 eiusdem
493 2563 605 2624 delubri
615 2576 805 2644 praeparatae
820 2567 974 2645 quadrigae
989 2567 1093 2627 fictiles
1108 2568 1138 2625 in

154 2650 273 2708 fornace
295 2648 469 2723 crevissent,
493 2649 596 2708 iterum
615 2649 699 2709 simili
718 2651 804 2710 modo
824 2659 963 2710 retentum
977 2651 1136 2726 augurium.

113 2741 145 2796 17
156 2732 236 2791 Haeo
247 2731 315 2790 satis
336 2730 391 2790 sint
410 2731 551 2809 exemplis
568 2740 598 2789 ut
616 2732 753 2811 adpareat
774 2742 950 2794 ostentorum
968 2734 1039 2793 viris
1059 2743 1088 2792 et
1107 2734 1174 2793 into

153 2822 253 2874 nostm
266 2821 411 2891 potestate
426 2830 493 2872 esse
513 2832 547 2873 ac
567 2825 653 2892 prout
668 2833 799 2895 quaeque
817 2826 938 2896 accepta
957 2818 1013 2876 sint
1033 2817 1072 2877 ita
1088 2834 1137 2875 va·

155 2898 226 2957 lere.
250 2898 280 2955 in
292 2914 430 2972 augurum
447 2904 527 2955 certe
541 2897 693 2977 disciplina
710 2908 821 2959 constat
835 2918 928 2978 neque
950 2899 1025 2959 diras
1040 2916 1138 2977 neque

154 2980 213 3039 ulla
224 2981 351 3058 auspicia
367 2978 513 3058 pertinere
528 2978 564 3039 ad
578 2999 631 3041 eos
645 2983 692 3059 qui
707 3000 846 3061 quamque
867 3001 928 3042 rem
942 2982 1137 3059 ingredientes

155 3062 331 3122 observasse
346 3080 381 3123 ea
397 3061 581 3140 negaverint,
603 3082 661 3142 quo
679 3082 798 3125 munere
815 3066 928 3126 divinae
942 3064 1138 3140 indulgentiae

155 3144 245 3204 nraius
259 3145 365 3205 nullum
381 3154 436 3205 est.
471 3143 558 3223 quid?
584 3165 642 3206 non
666 3154 695 3206 et
716 3148 811 3225 legum
834 3149 960 3228 ipsarum
979 3149 1008 3206 iu
1030 3146 1175 3210 duodo-oc

157 3229 211 3287 cim
233 3228 337 3288 tabulis
357 3228 448 3289 verba
467 3238 547 3289 suot:
577 3231 638 3307 qui
667 3230 797 3308 fruges
825 3230 1079 3305 exeantassit,
1109 3239 1140 3289 et

115 3308 240 3375 18alibi:
270 3310 887 3390 quimalumcarmeainoantassiti
917 3313 1037 3371 Verrius
1051 3311 1138 3372 Flao-

157 3410 208 3453 ons
227 3405 361 3456 auctores
380 3396 461 3474 ponit
483 3395 585 3475 quibus
608 3395 707 3457 credat
734 3397 761 3457 in
788 3394 1049 3477 oppugnationibus
1072 3404 1140 3457 ante
