2484 3817
174 190 234 252 152
505 202 536 250 c.
558 158 660 247 annu
673 183 822 246 sucurror'

168 356 270 417 talibet
282 356 447 416 lassitudine
459 353 587 415 recreari
604 350 756 426 defessos,
772 352 855 411 etlam
872 366 936 409 cum
952 349 1151 427 obmutuerint,

168 442 194 501 si
207 438 361 500 subiciatur
375 440 506 516 linguae,
530 438 555 495 si
574 436 745 511 devoretur,
768 435 951 494 vomitionem
973 436 1054 511 sequi
1075 435 1150 494 salu·

126 532 338 683 lislamlldb.)
361 604 508 663 llhecoma
521 602 696 662 adiertnrex
710 600 840 678 hisquae
855 616 942 678 supra
954 600 1073 659 Pontum
1088 612 1153 661 sunt

1146 29 1152 45 Ι

167 688 343 767 regionibns.
372 688 454 747 rudix
469 696 552 746 costo
568 686 652 761 nigro
668 683 776 757 similis,
794 686 886 743 minor
903 692 933 743 et
950 684 1038 743 ruder
1053 685 1176 762 paulo,s
1236 682 1237 687 ’

167 775 231 833 sine
245 772 349 846 odore,
365 771 522 831 calfaciens
536 778 621 845 gustu
637 776 666 827 et
680 767 869 843 adstringens.
900 766 1000 827 eadem
1016 769 1079 827 trita
1093 770 1152 827 vini

169 856 298 916 colorem
311 853 406 914 reddit
421 853 458 914 ad
470 867 586 912 crocum
600 851 790 910 inclinantem.
820 850 898 911 inlita
910 850 1100 911 collectiones
1110 852 1152 910 in-

168 939 431 1014 flammationesque
457 936 555 1011 sedat,
574 935 695 993 volnera
712 942 808 1009 sanat,
830 934 986 1012 epiphoras
1005 934 1154 993 oculorum

168 1022 251 1082 sedat
265 1039 303 1079 ex
317 1037 422 1098 passo,
443 1020 576 1095 insignita
596 1035 659 1077 cum
673 1016 759 1076 melle
782 1026 811 1076 et
831 1017 886 1077 alia
901 1017 1017 1076 liventia
1033 1035 1070 1075 ex
1085 1034 1152 1077 ace·

126 1117 177 1172 129
188 1116 227 1165 to.
256 1103 346 1163 larina
369 1104 433 1161 eius
455 1103 628 1181 inspergitur
651 1109 749 1159 contra
770 1100 910 1160 cacoetbc
935 1109 965 1161 et
985 1103 1192 1177 sanguinemro

168 1186 352 1250 reicientibus
375 1185 527 1245 drachmae
543 1184 672 1261 pondere
695 1185 723 1241 in
746 1199 835 1261 aqua,
857 1183 1038 1257 dysintericis
1060 1194 1155 1244 autem

170 1282 201 1332 et
215 1270 365 1344 coeliaels,
381 1270 405 1327 si
420 1266 495 1327 lebri
510 1277 616 1341 carent,
633 1268 756 1343 inviro,
775 1268 799 1326 si
822 1266 921 1341 aliter,
943 1285 981 1326 ex
996 1284 1079 1344 aqua.
1112 1269 1154 1327 ia-

168 1354 251 1415 eilius
264 1353 365 1410 teritur
375 1360 462 1411 nocte
473 1350 661 1409 antecedente
677 1348 844 1411 madefacta.
865 1350 948 1409 datur
962 1359 991 1409 et
1002 1351 1155 1410 decoctum

169 1438 230 1497 eius
243 1433 394 1494 hibendum
412 1433 519 1511 duplici
532 1450 665 1493 mensura
680 1432 715 1492 ad
734 1440 836 1511 rupta,
862 1434 1017 1508 convolsa,
1034 1445 1154 1493 contun·
1238 1490 1239 1505 ,

126 1532 178 1588 130
188 1521 244 1592 sls,
267 1535 305 1577 ea
321 1518 434 1577 sublimi
448 1517 601 1577 devolutis.
633 1517 657 1576 si
673 1518 801 1594 pectoris
817 1518 873 1575 sint
888 1516 1020 1595 dolores,
1042 1518 1190 1577 additurus

54 1676 57 1679 ἦ
167 1601 278 1681 piperis
293 1600 400 1679 aliquid
416 1610 445 1661 et
458 1617 586 1675 murrae,
607 1601 634 1659 si
650 1599 800 1659 dissolutio
816 1598 971 1677 stomachi,
994 1618 1031 1659 ex
1049 1601 1154 1676 frigida

167 1703 241 1763 aqua
260 1686 393 1760 sumitur,
410 1685 497 1744 sicet
516 1686 544 1743 in
555 1685 627 1743 tussi
641 1691 741 1742 vetere
755 1700 789 1743 ao
804 1682 961 1761 purulentis
977 1686 1154 1743 exscreatio·

166 1769 260 1844 nibus,
275 1770 343 1828 item
364 1768 516 1847 hepaticis,
532 1766 686 1846 splenicis,
701 1766 881 1842 ischiadicis,
898 1766 934 1827 ad
948 1768 1056 1826 renium
1074 1770 1154 1845 vitia,
1209 1824 1213 1830 .

167 1853 300 1931 suspiria,
315 1852 519 1930 orthopnoeas.
550 1851 672 1910 arteriae
687 1850 837 1910 scabritias
857 1859 988 1909 sanarer
1004 1868 1091 1929 passo
1105 1854 1154 1910 tri·

165 1935 219 1995 bus
233 1936 328 1995 obolis
345 1936 422 2013 potis
439 1938 503 1994 trita
518 1943 566 1994 ant
577 1933 727 1993 decoctum
740 1935 810 1993 elus.
843 1933 971 1993 lichenas
986 1951 1100 2011 quoque
1117 1953 1155 1993 ex
1164 1960 1191 1998 so

166 2026 251 2077 aceto
263 2019 388 2095 inposita
403 2026 516 2095 purgat.
537 2016 644 2075 bibitur
656 2026 757 2076 contra
769 2016 932 2076 inflationes
948 2025 976 2075 et
992 2018 1153 2095 perfrictio·
1188 2044 1191 2050 ¹

167 2116 235 2175 nes,
264 2100 355 2159 lebris
374 2100 509 2176 trigidae,
536 2100 694 2176 singultus,
718 2100 854 2173 tormina,
876 2099 1027 2177 herpetas,
1051 2101 1154 2177 capitis

166 2184 333 2259 gravitates,
352 2182 577 2243 melancholicas
593 2183 767 2259 vertigines,
782 2182 974 2243 lassitudinum
990 2182 1108 2242 dolores
1124 2192 1155 2241 et

167 2265 380 2324 convolsiones.

126 2360 174 2414 131
235 2346 338 2427 (100.)
362 2346 446 2407 Circa
455 2348 610 2408 Ariminum
625 2355 746 2407 notaest
758 2348 849 2411 herba
861 2368 942 2430 quam
956 2348 1087 2409 resedam
1099 2364 1153 2408 vo·
1163 2372 1190 2411 ns

167 2439 243 2491 cant.
259 2430 373 2490 discutit
381 2432 570 2491 collectiones
577 2432 977 2513 inflammationesqueomnis.
994 2434 1042 2510 qui
1053 2442 1156 2491 curant

167 2513 1154 2593 eaaddunthaecverba:Reseda,morbisreseda,scisne,

167 2597 931 2677 scisnequishicpullnsegeritrndiees?
962 2608 1156 2676 necoaput

166 2698 232 2739 nec
252 2681 366 2758 pedes
389 2681 531 2741 habeat.
560 2681 633 2741 haec
653 2690 698 2741 ter
711 2682 806 2743 dicunt
821 2686 983 2761 totiensque
999 2684 1153 2759 despuunt.

241 2765 344 2843 (107.)
366 2764 544 2824 Stoenbasin
554 2766 654 2825 insulis
669 2774 773 2825 tentum
786 2766 913 2827 eiusdem
927 2766 1046 2827 nominis
1059 2765 1153 2842 gigni·
1163 2788 1191 2829 ao

165 2856 222 2924 tur,
239 2847 358 2907 odorata
380 2847 572 2909 herbacoma
592 2847 706 2927 hysopi,
723 2867 817 2909 amara
832 2859 935 2927 gustu,
958 2865 1074 2908 menses
1095 2851 1155 2910 ciet

168 2940 247 3007 potu,
263 2934 390 3010 pectoris
404 2931 523 2991 dolores
536 2932 623 2995 levat.
654 2932 788 2992 antidotis
803 2951 919 3011 quoque
938 2935 1083 2993 miscetur.

125 3022 176 3076 132
241 3014 289 3073 13.
312 3012 416 3094 (108.)
439 3014 575 3074 Solennm
591 3015 694 3076 Graecl
708 3015 866 3091 strychnon
883 3025 1004 3090 vocant,
1020 3023 1051 3073 ut
1065 3016 1154 3076 tradit

167 3093 318 3157 Cornelius
334 3097 447 3159 Celsus.
478 3097 546 3157 huic
558 3101 604 3159 vis
618 3099 791 3176 reprimendi
806 3099 1065 3176 refrigerandique.

125 3190 176 3243 133
239 3180 343 3258 (109.)
366 3181 516 3256 Smyrnion
535 3182 643 3241 caulem
659 3182 745 3242 habet
761 3184 823 3261 api,
843 3182 912 3243 lolia
929 3183 1030 3241 latiora
1046 3189 1076 3240 et
1094 3198 1152 3240 ma·
1163 3200 1190 3241 as

165 3280 250 3322 nume
265 3262 342 3323 circa
357 3265 486 3324 stolones
502 3266 606 3325 multos
621 3281 739 3342 quornm
761 3284 776 3324 a
799 3268 861 3326 sinu
882 3265 1015 3325 exsiliunt
1035 3265 1152 3342 pinguia

166 3354 195 3405 et
208 3346 243 3405 ad
258 3354 362 3407 terram
373 3348 503 3423 infracta,
521 3349 612 3409 odore
626 3349 767 3409 medicato
783 3368 844 3408 cum
861 3348 981 3427 quadum
995 3350 1153 3407 acrimonia

166 3430 306 3508 iucundo,
326 3432 427 3492 colore
449 3433 478 3492 in
498 3433 602 3492 luteum
619 3432 842 3509 languescente,
865 3430 1006 3510 capitibus
1021 3431 1153 3491 caulium
