2484 3817
157 174 217 237 140
492 183 523 233 c.
539 182 797 234 enmnsnennnr

155 348 257 416 gustus
270 336 365 398 calidi.
395 339 522 399 nascitur
541 312 570 397 ln
588 337 696 415 apricis
711 338 798 397 saxis.
834 334 948 397 diluitur
971 336 1000 395 in
1015 335 1081 395 rino
1096 332 1138 395 bi·

154 422 290 500 biturqne
311 420 348 481 ad
368 420 497 482 dolorem
516 421 623 482 volvae
645 428 676 481 et
694 420 771 481 vitia.
807 420 948 480 macerari
972 426 1091 496 oportet
1111 419 1140 479 in

154 506 289 565 sextariis
304 503 396 565 tribus
412 504 596 584 quadrantem
610 504 716 564 radicis
733 512 833 564 tunsae
846 510 933 562 nocte
949 510 978 561 et
993 500 1050 563 die.
1081 510 1139 562 tra·

153 587 196 650 bit
210 586 310 647 eadem
330 588 411 666 potio
430 597 461 647 et
474 588 628 664 secundas,
643 587 752 647 semine
767 586 813 647 lac
827 586 957 647 minuitur
970 585 1000 645 in
1013 586 1141 645 vineant

154 669 246 731 mulsa
259 688 332 748 aqna
346 679 427 748 poto.
1150 686 1163 727 s
1232 675 1233 749 l

112 765 145 819 61
218 755 302 834 (39.)
326 753 441 814 cirsion
456 751 612 812 cauliculus
628 760 674 813 est
694 760 777 811 tener
791 751 874 811 dnum
892 749 1067 826 cubitorum,
1091 751 1140 810 tri·

107 899 110 908 ,
154 838 261 914 angulo
281 838 398 912 similis,
426 836 505 896 loliis
523 837 650 913 spinosis
671 834 869 897 circumdatus.
915 834 1015 912 spinae
1035 832 1141 893 molles

154 930 229 982 sunt.
253 920 322 980 lolia
337 919 421 980 bovis
435 919 550 995 linguae
567 918 679 994 similia,
694 918 819 995 minora,
835 916 1026 991 subcandida,
1049 916 1077 976 iu
1094 933 1140 975 ca·

155 1004 267 1063 sumine
280 1003 404 1079 capitula
421 1018 566 1080 purpurea
581 1020 656 1079 qnae
673 1000 822 1061 solvontnr
837 1002 865 1061 in
882 999 1041 1077 lanugines.
1066 999 1141 1059 hano
1233 981 1234 1073 l

154 1086 272 1145 herbam
287 1086 451 1145 radicemve
473 1086 535 1144 eius
555 1084 738 1161 adalligatam
758 1084 875 1145 dolores
893 1083 1021 1143 varicum
1036 1096 1174 1143 sanareco

153 1169 275 1229 madunt.

112 1263 146 1316 62
219 1250 302 1328 (40.)
323 1247 525 1327 crataegonon
540 1249 640 1327 spicae
655 1250 739 1310 tritici
761 1250 852 1309 simile
868 1257 930 1325 est,
951 1247 1046 1309 multis
1065 1246 1141 1308 cala·
1234 1287 1235 1325 2

153 1333 207 1392 mis
219 1351 257 1393 ex
271 1350 325 1392 nna
339 1333 437 1392 radice
452 1332 638 1392 emicantibus
654 1332 861 1412 multorumque
876 1332 1090 1409 geniculorum,
1113 1332 1143 1391 in

154 1416 265 1493 opacis,
280 1415 390 1475 semine
401 1415 469 1494 mili,
486 1415 672 1475 vehementer
682 1414 787 1495 aspero
801 1425 896 1493 gustu,
912 1416 989 1495 qnod
1004 1416 1028 1474 si
1043 1414 1142 1474 bibant

154 1517 193 1557 ex
206 1499 274 1558 vino
294 1507 360 1557 ante
382 1516 482 1559 cenam
504 1498 595 1559 tribus
618 1498 713 1559 obolis
733 1501 761 1558 in
783 1499 892 1574 cyathis
912 1517 1003 1579 aquae
1022 1497 1175 1557 totidemus

153 1581 255 1641 mulier
266 1598 302 1641 ao
318 1583 437 1643 virente
452 1591 624 1660 conceptum
636 1582 737 1643 dicbus
750 1582 809 1658 XL,
826 1582 915 1643 virilis
928 1599 1016 1643 sexus
1031 1590 1141 1659 partum
1235 1591 1236 1611 ¹

152 1664 275 1725 lutnrum
291 1665 377 1725 aiunt.
416 1664 455 1726 Et
468 1666 524 1727 alia
540 1674 585 1725 est
599 1675 791 1742 crataegonos
811 1684 884 1744 qnae
898 1666 1074 1742 thelygonos
1089 1680 1141 1723 vo·

111 1756 245 1812 cdcatur.
274 1748 433 1809 differentia
448 1749 624 1827 intellegitur
635 1747 750 1809 lenitate
764 1758 874 1826 gustus.
896 1758 961 1808 sunt
975 1748 1023 1827 qui
1041 1746 1141 1806 liorem

156 1833 323 1908 crataegoni
346 1831 470 1893 bibentis
489 1834 624 1893 mulieres
640 1834 711 1892 intra
730 1831 788 1892 XL.
811 1832 885 1893 diem
906 1833 1062 1910 concipere
1085 1839 1141 1890 tra·

154 1914 230 1974 dant.
262 1914 361 1975 eadem
383 1926 484 1976 sanant
498 1916 596 1976 ulcera
613 1925 712 1975 vetera
728 1918 811 1993 nigra
825 1934 888 1976 cnm
903 1914 1006 1985 melle,
1022 1913 1175 1994 explentao

153 1999 232 2057 sinus
252 1997 380 2059 ulcerum
404 2007 434 2057 et
454 1998 575 2075 atropha
593 2001 760 2059 carnosiora
775 2000 898 2074 iaciunt,
921 1998 1071 2077 purulenta
1091 2015 1140 2057 en·

153 2087 293 2156 purgant,
320 2097 411 2159 panos
426 2080 593 2157 discutiunt,
615 2080 760 2159 podagras
783 2081 1027 2159 collectionesque
1051 2081 1142 2141 omnis

153 2160 271 2237 leniunt,
285 2163 471 2240 peculiariter
481 2182 669 2223 mammarum.
692 2164 907 2242 Theophrastus
924 2164 1035 2223 arboris
1050 2182 1142 2241 genus

153 2244 286 2322 intellegi
301 2246 393 2306 voluit
411 2256 567 2324 crataegon
583 2247 646 2307 sive
662 2256 852 2325 crataegum,
873 2265 956 2328 quam
977 2247 1040 2308 itali
1052 2248 1141 2327 aqui·

152 2327 251 2388 loliam
268 2338 382 2389 vocant.
1149 2351 1175 2393 cs

112 2420 147 2474 64
219 2409 301 2489 (41.)
324 2410 519 2473 crocodileon
537 2411 749 2473 chamaeleonis
767 2412 876 2473 herbae
899 2414 999 2490 nigrae
1021 2414 1142 2489 liguram

154 2491 251 2568 habet,
265 2494 363 2553 radice
379 2495 466 2572 longa
481 2496 640 2574 aequaliter
654 2514 763 2572 crassa,
781 2496 878 2556 odoris
893 2499 1000 2574 asperi,
1015 2498 1142 2557 nascitur

155 2577 185 2635 in
199 2576 344 2638 sabuletis.
377 2588 446 2656 pota
461 2581 628 2656 sanguinem
642 2597 696 2657 per
710 2582 786 2640 naris
799 2579 882 2659 pellit
896 2580 1045 2657 copiosum
1061 2597 1140 2639 eras·

155 2676 276 2737 sumque
290 2669 376 2737 atque
392 2663 431 2721 ita
445 2662 537 2723 lienes
555 2679 725 2722 consumere
740 2663 851 2723 dicitur.

112 2750 145 2805 65
220 2742 302 2822 (42.)
322 2741 530 2819 cynosorchim
536 2745 623 2824 aliqui
635 2745 742 2806 orchim
751 2754 866 2822 vocant,
878 2745 955 2805 loliis
967 2745 1060 2820 olene,
1069 2745 1140 2806 mol·
1149 2762 1176 2807 ro

153 2825 239 2902 libus,
261 2827 351 2885 ternis
366 2845 419 2905 per
434 2828 609 2907 semipedem
624 2828 808 2905 longitudinis
823 2830 851 2888 in
866 2837 942 2888 terra
961 2830 1073 2903 stratis,
1096 2846 1141 2888 ra·

153 2907 218 2968 dinc
231 2907 364 2985 balhorn,
381 2909 518 2988 oblonga,
534 2912 641 2989 duplici
659 2912 770 2986 ordine,
787 2913 938 2989 superiore
953 2928 1027 2989 qnae
1042 2911 1141 2971 dnrior

153 3000 208 3066 est,
224 2992 363 3053 inferiore
378 3012 450 3072 quae
463 2995 587 3054 mollior.
607 2995 727 3054 eduntur
741 3002 771 3053 ut
787 2992 866 3054 bulbi
882 3004 994 3070 coctae,
1007 2996 1035 3053 in
1048 2995 1142 3055 vineis

152 3073 216 3135 fere
236 3076 378 3136 inventae.
421 3095 460 3137 ex
473 3076 519 3137 his
538 3077 683 3137 radicibus
699 3078 723 3137 si
737 3078 874 3137 maiorem
892 3077 977 3137 edant
992 3078 1062 3155 viri,
1083 3095 1140 3138 ma·

152 3157 192 3215 ris
207 3160 341 3234 generari
354 3159 468 3235 dicunt,
485 3162 509 3219 si
525 3162 663 3220 minorem
680 3159 817 3235 feminae,
835 3160 955 3221 alterurn
972 3178 1083 3221 sexum.
1112 3162 1176 3219 insa

153 3238 301 3301 Thessalia
315 3242 477 3303 molliorem
496 3246 526 3304 in
540 3244 615 3305 lacte
631 3243 748 3320 caprino
764 3244 818 3303 viri
831 3243 930 3305 hibunt
945 3243 981 3302 ad
995 3243 1141 3303 stimulan-

152 3321 206 3466 dds
220 3324 323 3401 coitus,
338 3325 481 3389 duriorem
497 3345 568 3388 nero
584 3326 620 3387 ad
638 3322 818 3386 inhibendos.
848 3327 1034 3388 adversantur
1049 3326 1142 3387 alters

153 3408 245 3467 ateri.
