2484 3817
42 241 58 252 ,
164 193 204 254 34
518 205 547 252 c.
564 205 661 252 ennro
674 205 823 254 suonam

128 367 131 374 ’
165 358 248 419 cielia
264 366 295 418 et
308 359 455 418 brassicae
470 375 533 418 cum
547 359 608 418 rite
626 357 704 434 odia,
719 355 814 435 ipsum
827 357 897 418 olus
918 375 976 435 quo
991 359 1059 418 vitis
1074 359 1151 435 iaqu-

3 465 4 484 2
94 516 95 521 γ
134 451 211 504 atur
228 441 378 502 adversum
393 441 551 518 cyclamino
568 449 598 500 et
610 442 737 518 *origano
748 442 863 500 arescit.
890 443 964 517 >quin
977 448 1008 500 et
1031 459 1152 502 annosas

164 527 220 583 iam
237 533 357 602 atquae
372 531 537 584 sternantur
551 523 677 584 arbores
693 522 838 584 difficilius
849 523 944 599 caedi,
958 523 1085 584 celerius
1096 525 1152 584 ina·

164 624 285 667 rescerc
302 607 430 683 uadunt,
446 609 470 666 si
486 608 566 685 prius
583 624 667 666 manu
682 623 767 682 quern
784 607 865 666 ierro
888 609 1072 682 attingantur.
1102 625 1151 684 po·

163 707 274 750 morum
294 706 382 750 onera
398 691 560 750 aiumentis
576 691 672 748 statim
692 690 794 749 sentiri
813 707 865 763 ac,
885 690 942 748 uisi
961 692 1041 766 prius
1058 699 1177 752 osten-s

165 771 267 832 dantur
280 772 337 850 bis,
355 774 483 851 quanvis
498 789 589 849 pauca
603 779 734 849 portent,
748 770 852 834 sudare
864 772 941 832 ilico.
970 772 1082 832 lerulae
1098 775 1151 832 asi·

164 857 208 914 nis
224 857 390 932 gratissimo
414 863 480 914 snut
504 856 533 914 in
556 853 680 931 pabulo,
697 855 806 914 ceteris
826 871 900 914 vero
915 855 1048 914 iumentis
1071 872 1151 932 prae-

163 947 304 999 sentanee
322 957 449 1014 veneno,
465 954 520 1014 qua
532 937 569 996 de
579 955 665 996 causa
676 937 707 996 id
716 936 818 999 animal
825 935 933 998 Libero
940 939 1015 1014 patri
1023 938 1150 1014 adsigna-

137 1029 210 1085 dtur
227 1024 273 1080 cui
292 1030 323 1082 et
345 1020 447 1080 ferula.
465 1019 565 1078 Surdis
577 1023 664 1081 etiam
679 1037 775 1078 rerum
788 1037 840 1079 sua
850 1021 1026 1098 cuiquesuut
1041 1039 1151 1081 uenena

164 1121 198 1164 ac
213 1105 344 1164 miuumis
361 1119 485 1180 queque.
524 1102 638 1180 philyra
660 1103 723 1163 coci
747 1111 777 1162 et
802 1103 911 1180 polline
931 1104 1046 1162 nimium
1060 1103 1187 1170 seleman

164 1188 238 1246 cibis
255 1189 398 1262 eximunt,
415 1185 612 1264 praedulcium
628 1185 772 1244 fastidium
788 1185 831 1244 sal
842 1194 993 1263 temperat.
1022 1189 1151 1248 nitrosae

164 1279 213 1329 aut
235 1285 347 1329 amarae
373 1285 464 1344 aquae
487 1268 608 1346 polenta
624 1268 724 1328 addita
741 1269 923 1345 mitigantur,
944 1277 975 1327 ut
991 1270 1067 1330 intra
1081 1270 1149 1330 duas

164 1352 252 1412 horas
278 1351 338 1410 bibi
362 1352 493 1428 possint,
514 1369 568 1429 qua
591 1351 628 1412 de
646 1369 732 1412 causa
747 1360 778 1410 et
795 1353 824 1410 in
844 1369 945 1411 saccos
960 1355 1088 1413 vinarios
1104 1355 1151 1414 ad·

163 1435 239 1494 ditur
251 1433 379 1510 polenta.
399 1434 500 1494 similis
515 1436 561 1494 vis
576 1433 707 1494 Rhodiae
722 1443 822 1494 cretae
838 1443 869 1494 et
883 1434 1004 1512 argillae
1019 1440 1148 1497 nostrati.

164 1514 326 1577 Concordia
349 1515 463 1594 valent,
488 1533 551 1576 cum
565 1519 616 1594 pix
637 1516 705 1577 oleo
721 1516 898 1592 extrahitur,
915 1519 1027 1595 quarmo
1043 1528 1148 1579 utrum·
1160 1544 1185 1582 aa

163 1617 219 1676 que
232 1601 348 1677 pinguis
362 1607 482 1660 naturae
495 1609 550 1661 est.
579 1600 675 1660 oleum
686 1599 780 1660 solum
793 1600 865 1660 calci
875 1603 1025 1677 miscetur,
1037 1603 1149 1680 quande

157 1690 314 1760 utrumque
340 1700 428 1759 aquas
453 1684 521 1744 odit.
556 1686 672 1744 cummis
694 1691 779 1742 aceto
799 1685 912 1746 iacilius
933 1685 1057 1762 eluitur,
1076 1694 1150 1746 atra·

162 1775 287 1826 mentum
306 1783 395 1842 aqua,
421 1769 568 1827 innumera
592 1774 747 1844 praeterea
766 1766 822 1826 alia
844 1785 918 1845 quae
941 1770 1001 1826 suis
1018 1767 1092 1828 locis
1109 1769 1150 1830 di·

132 1857 264 1912 tuentur
279 1848 406 1910 adsidue.
441 1848 515 1910 Hinc
531 1858 596 1910 nata
611 1851 758 1911 medicina.
792 1850 941 1911 baecsola
956 1859 1074 1911 naturae
1089 1853 1148 1929 pla·
1237 1900 1238 1909 2

162 1941 262 1992 cuerat
285 1951 354 1992 esse
374 1933 501 1992 remedia
524 1941 623 2010 parata
645 1934 755 2010 volgo,
778 1935 898 1994 inventu
917 1933 1013 1993 facilia
1034 1952 1067 1993 ac
1081 1937 1185 1994 uinea:

161 2015 299 2092 inpendio
327 2022 358 2074 et
384 2015 486 2091 quibus
512 2016 643 2076 vivimus.
685 2025 790 2094 postea
812 2017 929 2078 fraudes
954 2017 1097 2078 bominum
1118 2028 1149 2078 et

161 2099 344 2175 ingeniorum
371 2105 508 2174 capturae
531 2098 661 2157 cilicinas
677 2100 818 2158 invenere
834 2101 906 2157 istas
927 2102 956 2157 in
976 2101 1080 2176 quibus
1095 2120 1149 2161 sua

161 2182 265 2256 cuique
281 2179 387 2239 bomini
403 2178 513 2238 venalis
528 2182 704 2256 promittitur
720 2182 785 2239 vita.
817 2174 913 2239 statim
925 2185 1147 2259 conpositiones

132 2269 192 2328 eet
212 2264 353 2320 mixturae
369 2260 591 2338 inexplicabiles
608 2261 811 2337 decantantur,
834 2262 944 2322 Arabia
963 2272 1049 2342 atque
1067 2266 1148 2326 lndia

161 2346 191 2404 in
213 2343 310 2402 medio
333 2345 535 2420 aestimantur,
559 2343 708 2422 ulcerique
722 2359 819 2422 'parvo
839 2346 980 2406 medicina
1006 2347 1188 2417 aliubroas

160 2427 231 2486 mari
249 2427 412 2504 inputatur,
428 2444 491 2485 cum
505 2427 633 2486 remedia
650 2445 720 2486 vera
735 2427 842 2487 cotidie
854 2433 1053 2507 pauperrimus
1067 2433 1149 2509 quis·

161 2527 217 2587 que
234 2516 328 2568 cenet.
359 2525 423 2568 nam
438 2511 463 2568 si
480 2527 518 2569 ex
533 2509 619 2570 horto
641 2518 794 2588 petantur,
814 2519 862 2570 aut
876 2511 967 2572 berba
979 2512 1032 2572 ⁴vel
1045 2514 1150 2576 frutex

160 2599 330 2668 quaeratur,
346 2591 422 2651 nulla
438 2594 540 2652 artium
555 2592 642 2652 vilior
656 2593 712 2651 liat.
746 2595 785 2651 ita
802 2600 848 2654 est
862 2595 1015 2671 proiecto,
1036 2601 1150 2672 magni·

160 2673 228 2733 tudo
247 2673 347 2751 populi
374 2675 499 2752 perdidit
513 2677 602 2752 ritus,
627 2677 827 2753 vincendoque
839 2678 908 2736 victi
926 2696 1031 2737 sumus.
1059 2697 1149 2756 pare-

158 2774 221 2816 mus
239 2759 386 2832 externis,
404 2766 434 2816 et
451 2775 505 2818 una
520 2760 622 2818 artium
641 2760 866 2836 imperatoribus
887 2778 1002 2838 quoque
1020 2763 1146 2840 impera·
1157 2789 1188 2829 30

160 2849 273 2900 verunt.
308 2857 407 2900 verum
422 2840 457 2899 de
479 2841 524 2900 his
539 2841 610 2902 alias
627 2841 719 2920 plura.

51 2951 54 2955 ·
132 2934 150 2988 c
205 2924 232 2984 2.
255 2921 315 3002 (2.)
344 2921 566 2984 Lotonherbam
578 2926 704 3003 itemque
718 2927 896 3004 Aegyptiam
908 2927 1011 2988 eodem
1025 2931 1146 2990 nomine

118 3004 189 3092 Ἢ*
201 3007 270 3068 alias
289 3014 319 3064 et
335 3005 474 3082 Syrticam
488 3007 623 3067 arborem
637 3008 758 3068 diximus
774 3009 834 3069 suis
850 3009 931 3069 locis.
963 3010 1035 3070 baec
1049 3010 1146 3089 lotos,

159 3081 233 3169 qliae
248 3087 314 3148 laba
329 3087 438 3150 Graeca
453 3089 614 3168 appellatur
629 3109 645 3150 a
659 3094 779 3167 nostris,
795 3092 890 3152 alvom
901 3093 981 3153 bacis
996 3097 1079 3153 sistit.
1096 3113 1148 3154 ra-

159 3180 253 3232 menta
268 3171 340 3248 ligni
352 3172 471 3232 decocta
487 3175 515 3230 in
531 3175 598 3232 vino
615 3183 737 3252 prosunt
750 3174 953 3252 dysintericis,
973 3181 1145 3255 menstruis,
1157 3201 1188 3241 aa

159 3255 306 3331 vertigini,
323 3255 529 3331 comitialibus,
547 3256 686 3317 cohibent
707 3265 738 3316 et
751 3259 891 3336 capillum.
921 3261 1021 3317 mirum
1035 3258 1079 3318 lris
1097 3279 1146 3320 ra-

159 3339 262 3398 mentis
282 3338 352 3397 nihil
370 3358 436 3400 esse
458 3340 577 3400 amarius
600 3339 751 3419 fructuque
769 3341 887 3402 dulcius.
920 3342 995 3400 litet
1012 3361 1028 3401 e
1047 3343 1146 3403 scobe

161 3425 222 3482 eius
238 3421 471 3483 medicamentum
484 3442 521 3482 ex
532 3441 604 3501 aqua
618 3427 703 3501 myrti
719 3426 849 3504 decocta,
867 3426 984 3487 subacta
1002 3433 1032 3484 et
1047 3425 1146 3486 divisa
