2484 3817
150 189 194 252 94
384 201 388 207 ’
488 199 795 249 o.ru1n1snouno1

152 353 264 416 horden
284 355 426 430 ιιιιιιιιιιι,
454 355 540 417 tritici
568 353 657 429 lolio,
683 354 791 412 senine
816 354 940 412 contrito
965 369 1028 410 curn
1051 351 1141 412 turim

152 439 295 514 permixta
312 438 493 514 inpositaque
508 437 556 496 vel
574 453 655 496 suco.
693 436 861 535 exprimitur
875 454 892 495 e
908 436 991 494 caule
1005 425 1140 531 tollisque

154 519 361 597 praegnatibus
377 520 492 598 dempta
507 522 590 598 spica
608 529 638 578 et
651 521 680 578 in
693 520 830 578 trimestri
849 519 941 578 larino
958 518 1121 594 digeritur
1113 535 1141 575 nn

152 604 294 680 pastillos

111 696 160 750 ldl
215 686 301 765 (94.)
322 686 419 764 aliqui
434 694 463 744 et
477 669 673 761 mandragora
691 685 851 744 utebantur.
877 694 981 762 postea
996 683 1165 743 abdicatura

151 778 198 828 est
214 771 243 827 in
258 769 314 829 bac
329 769 487 830 curatione.
505 768 666 846 epiphoris
682 769 759 845 qnod
775 778 884 827 certum
899 778 954 842 est,
970 767 1100 826 medetur
1113 774 1143 825 et

152 851 302 912 oculorum
318 851 412 912 dolori
426 850 507 910 radin
519 860 601 910 tunsa
613 869 678 910 oum
691 867 816 910 rosacea
832 860 862 910 et
876 853 952 910 nino.
979 869 1043 908 nam
1058 868 1142 908 sucus

150 935 246 996 multis
258 935 405 996 oculorum
419 933 634 994 medicamentis
644 937 788 994 miscetur.
803 933 1010 1010 mandragoran
1020 933 1069 992 alii
1080 931 1141 992 Gir·

152 1035 245 1078 caeon
262 1027 377 1078 vocant.
406 1016 463 1076 duo
479 1019 541 1076 eins
555 1034 680 1092 genera:
706 1016 842 1076 candidus
862 1019 909 1094 qni
926 1025 955 1076 et
969 1033 1044 1092 mas,
1060 1018 1143 1092 niger

151 1103 201 1180 qni
214 1101 320 1162 femina
340 1100 534 1175 existimatur,
555 1099 768 1176 angustioribus
791 1117 873 1177 qnam
895 1101 1026 1159 lactucae
1053 1099 1140 1173 loliis,
1153 1116 1177 1156 ιι

150 1185 267 1244 hirsutis
282 1193 312 1244 et
326 1181 472 1258 caulibus,
487 1183 634 1242 radicibus
647 1182 722 1244 binis
734 1185 861 1242 ternisve
879 1183 995 1255 ruinalis,
1011 1184 1086 1242 intus
1101 1182 1142 1241 al·

110 1266 235 1339 nsahts,
257 1268 389 1326 carnosis
413 1265 597 1344 tenerisque,
621 1283 717 1345 paene
740 1265 920 1326 cubitalibus.
950 1266 1045 1325 ierunt
1066 1265 1142 1324 mala

151 1349 347 1408 abellanarum
359 1367 461 1409 nucum
473 1349 666 1425 magnitudine
683 1359 714 1408 et
726 1350 754 1408 in
766 1349 811 1407 his
824 1367 923 1409 semen
935 1367 988 1408 ceu
1004 1349 1140 1426 pirorum.
1238 1350 1239 1353 ’

151 1432 208 1492 hoc
219 1431 287 1492 albo
305 1433 353 1492 alii
371 1449 493 1507 arcena,
510 1433 702 1503 chimerion,
721 1433 770 1491 alii
788 1431 1015 1511 hippophlomon
1028 1440 1141 1491 vocant.

150 1513 235 1576 huius
251 1515 322 1576 lolia
337 1516 414 1588 alba,
430 1516 549 1576 alterius
566 1517 669 1576 latiora
683 1526 714 1574 ut
727 1515 834 1594 lapathi
853 1518 971 1575 satirae.
1008 1513 1141 1574 ellossuri
1151 1532 1177 1570 ιι

151 1608 257 1658 navem
277 1601 451 1660 contrarium
467 1608 582 1658 ventum
597 1608 628 1658 et
643 1599 734 1658 tribus
749 1598 865 1659 circulis
884 1607 950 1658 ante
967 1597 1065 1674 gladio
1087 1599 1142 1656 cir·

151 1682 357 1758 cumscribunt‚
373 1692 477 1762 postea
489 1681 598 1742 fodiunt
612 1682 648 1742 ad
663 1699 798 1741 occasum
810 1691 985 1760 spectantes.
1008 1699 1094 1740 sucus
1110 1682 1143 1740 lit

150 1773 181 1824 et
194 1782 213 1824 e
228 1765 311 1826 malis
327 1775 356 1826 et
368 1767 450 1827 caule
462 1766 563 1828 deciso
576 1767 723 1825 cacumine
736 1774 794 1824 etc
808 1765 906 1825 radice
917 1766 1030 1842 punctis
1041 1773 1142 1842 aperta

149 1857 198 1907 ant
213 1848 347 1909 decocta.
377 1850 455 1909 utilis
469 1849 542 1908 haec
561 1849 607 1908 vel
628 1848 755 1912 surculo.
789 1851 905 1908 concisa
922 1865 1038 1924 qnoque
1053 1851 1082 1906 in
1096 1865 1142 1906 or·

109 1940 159 1996 149
170 1929 285 1992 biculos
301 1942 434 1994 servatur
450 1933 479 1992 in
501 1935 576 1990 vino.
618 1950 704 1992 ancus
725 1949 781 1992 non
802 1932 907 2008 ubique
924 1933 1064 1989 invenitur
1080 1929 1141 2005 sed,
1151 1946 1178 1986 ιι

151 2013 199 2072 nbi
215 2023 323 2091 potest,
340 2015 416 2076 circa
432 2015 589 2074 vindemias
605 2016 759 2091 quaeritur.
804 2014 877 2074 odor
898 2015 996 2090 gravis
1014 2016 1042 2072 ei
1052 2058 1060 2084 ,
1088 2011 1143 2072 sed

150 2095 258 2156 radicis
273 2105 302 2155 et
315 2097 382 2156 mali
400 2099 528 2173 gravior,
546 2105 574 2156 ct
590 2097 648 2156 albi
661 2098 735 2157 mala
752 2106 860 2156 nuatnra
875 2098 903 2156 in
919 2096 1017 2157 umbra
1030 2099 1142 2156 siccan-

150 2188 206 2238 tur.
237 2196 323 2240 sucus
339 2196 376 2238 er
392 2181 427 2238 iis
442 2178 506 2240 sole
527 2177 679 2252 densatur,
706 2180 772 2236 item
796 2178 903 2237 radicis
923 2187 1024 2239 tunsae
1045 2179 1094 2239 vel
1113 2180 1143 2237 in

150 2262 218 2320 vino
244 2262 329 2336 nigro
349 2262 385 2321 ad
409 2263 510 2322 tertias
535 2259 685 2320 decoctae.
736 2260 805 2319 lolia
827 2270 976 2320 servantur
999 2264 1027 2322 io
1051 2263 1142 2322 muria

152 2343 311 2418 efficacius,
329 2344 400 2406 alias
417 2344 577 2404 recentium
595 2361 681 2401 sucus
695 2344 786 2420 pestis
805 2345 939 2404 estole
959 2363 1075 2422 quoqne
1088 2362 1178 2404 nom

108 2439 161 2490 150
171 2428 237 2486 xiae
252 2427 341 2488 vires.
377 2426 563 2504 gravedinem
580 2425 712 2485 adierunt
727 2427 812 2484 ctiam
827 2426 951 2519 olfacto,
973 2444 1144 2506 quamquam

149 2509 248 2570 mala
239 2527 268 2570 ιιι
282 2509 387 2588 aliquis
404 2511 490 2570 terris
509 2509 691 2585 manduntur,
712 2511 796 2570 nimio
816 2498 918 2570 tamen
932 2510 1023 2570 odore
1042 2511 1142 2570 obmu-

149 2595 289 2652 tesouut
280 2594 388 2670 ignari,
414 2602 484 2671 potu
499 2593 613 2671 quidem
631 2592 758 2670 largiore
783 2595 867 2652 etiam
888 2597 1054 2658 moriuntur
1096 2594 1144 2653 ria

151 2677 301 2736 somnilica
325 2693 378 2754 pro
401 2675 508 2736 viribus
523 2675 689 2736 bibentium.
719 2677 812 2736 media
831 2679 911 2755 potio
932 2677 1027 2750 cyathi
1048 2678 1143 2736 nnius.

150 2757 256 2820 bibitur
276 2767 306 2819 et
327 2767 428 2818 contra
445 2761 588 2837 serpentis
609 2769 640 2820 et
655 2768 721 2819 ante
742 2761 887 2820 sectiones
903 2761 1183 2838 punctionesque‚oo

149 2859 188 2904 ue
216 2844 384 2902 sentiantur·
435 2841 473 2900 ob
495 2842 569 2902 haec
595 2843 665 2902 satis
692 2852 738 2902 est
765 2842 869 2920 aliquis
892 2859 1022 2901 somnum
1050 2843 1145 2903 odore

150 2925 311 3002 qmesisse.
345 2923 450 2984 bibitur
465 2934 494 2984 et
514 2943 568 3003 pro
586 2925 740 2984 helleboro
756 2925 867 2984 duobus
883 2925 979 2984 obolis
994 2929 1023 2986 in
1036 2925 1144 2984 mulso.

149 3006 301 3148 {idedeina
312 3006 493 3068 helleborum
503 3008 539 3068 ad
551 3009 770 3070 vomitionesed
782 3017 810 3067 at
826 3008 912 3067 bilem
925 3009 1035 3084 nigram
1045 3017 1146 3068 extra·

170 3089 301 3158 astudam.¹

109 3183 154 3234 ιιι
213 3172 296 3251 (95.)
318 3171 418 3234 (licum
435 3169 550 3253 quoquc
566 3192 706 3235 venenum
724 3183 778 3245 est¹
797 3171 910 3249 publica
922 3173 1143 3234 Atheniensium
1155 3193 1186 3234 oo

124 3253 134 3274 ⁰
151 3271 247 3332 poena
265 3257 365 3334 innisa,
381 3257 417 3318 ad
429 3259 515 3318 multa
530 3267 625 3318 tamen
639 3273 707 3316 ιιιιιι
722 3273 777 3316 nou
793 3258 949 3316 omittendi.
975 3275 1075 3317 semen
1089 3256 1144 3318 ha·

150 3336 347 3415 bethoniam,
372 3341 462 3402 caulis
478 3352 571 3402 autern
588 3351 616 3402 et
631 3339 731 3419 viridis
750 3347 829 3398 estur
851 3356 866 3398 a
892 3340 1038 3417 plerisque
1060 3350 1091 3401 et
1115 3343 1146 3400 in

150 3420 271 3498 patinis,
292 3422 368 3484 levis
382 3423 431 3484 bic
447 3436 476 3486 et
496 3425 677 3502 geniculatus
695 3432 726 3482 ιιι
740 3421 855 3499 calami,
872 3424 1033 3500 nigricans,
1054 3423 1146 3484 altior
