2484 3817
158 173 217 235 122
506 186 537 233 0.
553 185 647 233 aurun
663 182 812 231 sncuunr

154 358 275 417 remque
297 348 327 400 et
347 349 474 399 tumores
504 338 607 399 tollunt
634 354 732 397 sennen
753 337 857 416 psylli,
885 336 955 396 folia
975 336 1147 415 plantaginis

155 425 237 499 trita,
257 424 319 484 sale
335 423 448 483 modice
468 421 582 499 addito,
597 420 730 481 verbasci
745 438 843 481 semen
861 438 898 479 cx
915 421 982 481 vino
997 420 1148 479 decoctum

154 508 266 581 tritum,
292 509 385 566 cicuta
411 524 475 565 cum
496 506 630 581 axungia.
669 504 739 563 folia
766 504 914 581 ephemeri
936 503 1084 562 tuberibus
1104 512 1147 563 tu·

156 589 344 668 moribusque
359 590 514 648 inlinuntur
526 606 600 665 quae
617 589 759 647 etiamtum
778 586 880 646 discuti
895 595 1025 665 possunt.

115 684 168 738 123
224 672 308 751 (76.)
330 671 461 731 Morbum
474 672 584 747 regium
598 672 628 729 in
644 671 736 731 oculis
752 671 908 749 praecipue
924 672 1019 729 mirari
1038 678 1093 745 est,
1107 677 1174 731 tec

154 756 291 815 nuitatem
316 756 401 815 etiam
421 755 498 814 illam
519 754 745 831 densitatemque
771 753 957 812 tunicularum
986 752 1056 812 felle
1082 754 1149 811 sub-

157 849 254 898 eunte.
276 839 471 917 Hippocrates
482 854 499 896 a
510 846 643 914 septumo
660 838 705 897 die
717 840 745 896 in
757 836 834 895 febri
845 836 1021 895 mortiferum
1038 837 1149 913 signum

157 940 225 981 esse
246 922 324 981 dicit.
360 922 536 981 nesscimus
554 922 663 980 vixisse
680 920 792 998 aliquos
807 921 891 978 etiarn
917 918 953 978 ab
973 915 1028 979 hac
1043 919 1149 997 despe-

156 1006 277 1065 ratione.
315 1006 346 1064 lit
374 1021 445 1063 vero
470 1011 499 1061 et
521 1004 591 1062 citra
617 1004 709 1063 febris
736 1012 983 1081 expugnaturque.
1000 1003 1148 1061 centaurio

122 1090 306 1151 marmaiore
329 1096 360 1145 ut
381 1086 502 1145 diximus
523 1096 610 1164 poto,
633 1087 802 1161 Vettonica,
825 1088 931 1163 agarici
947 1083 1043 1144 obolis
1058 1084 1148 1144 tribus
1161 1099 1185 1139 rc

158 1190 197 1231 ex
213 1172 271 1230 vini
288 1170 397 1229 veteris
413 1168 536 1244 cyatho,
557 1171 625 1228 item
648 1168 830 1228 verbenacae
852 1169 924 1228 folio
947 1166 1042 1227 obolis
1058 1168 1149 1227 tribus

116 1266 217 1321 124011
231 1254 289 1312 vini
306 1252 390 1311 calidi
410 1252 522 1311 hemina
540 1252 702 1329 quatriduo.
727 1252 780 1311 sed
795 1252 946 1311 celerrime
969 1251 1150 1329 quinquefoli

157 1352 244 1397 sucus
267 1335 397 1394 medetur
416 1334 507 1393 tribus
524 1336 636 1410 cyathis
654 1344 739 1413 potus
761 1352 823 1393 cum
838 1335 899 1393 sale
921 1343 950 1393 et
966 1334 1062 1394 melle.
1100 1352 1149 1409 cy·

157 1420 271 1479 clamini
286 1418 369 1479 radix
383 1417 527 1477 drachmis
541 1417 630 1478 tribus
646 1418 749 1477 bibitur
766 1419 794 1475 in
810 1418 877 1477 1000
895 1417 989 1477 calido
1004 1426 1032 1476 et
1052 1436 1068 1476 a
1084 1434 1150 1497 per·

155 1500 336 1562 frictionibus
355 1510 434 1576 tuto,
460 1534 504 1547 -
528 1502 650 1561 sudores
671 1503 744 1561 enim
762 1501 869 1560 felleos
890 1510 1001 1577 movet,
1015 1533 1058 1548 -
1071 1501 1178 1561 foliam

157 1584 333 1661 tussilaginis
356 1602 394 1643 ex
411 1602 504 1661 aqua,
528 1602 627 1643 semen
648 1584 798 1643 linozostis
821 1586 967 1662 utriusque
978 1586 1149 1662 'inspersum

157 1668 268 1747 potioni
283 1668 330 1747 vel
344 1685 407 1727 cnm
421 1666 564 1727 absinthio
580 1676 629 1727 aut
644 1670 741 1728 cinere
758 1666 922 1744 decoctum,
938 1668 1042 1745 hysopi
1057 1666 1149 1727 bacae

159 1769 222 1811 cum
237 1770 310 1829 aqua
327 1761 428 1830 potae,
443 1750 539 1810 lichen
554 1750 656 1827 herba,
672 1752 706 1827 si,
723 1769 785 1810 cum
801 1752 925 1827 sumitur,
947 1760 1047 1809 cetero
1066 1751 1150 1811 olere

158 1836 344 1910 abstineatur,
360 1834 508 1912 polythrix
524 1835 552 1893 iu
568 1838 635 1894 vino
651 1835 726 1909 data,
745 1834 885 1895 struthion
900 1836 929 1893 in
940 1833 1043 1893 mulso.

116 1929 166 1982 125
224 1919 308 1996 (77.)
332 1919 441 1977 Passim
463 1926 492 1976 et
519 1919 546 1977 in
572 1934 748 1996 quacumque
772 1928 852 1996 parte
878 1916 929 1977 sed
953 1935 1083 1977 maxume
1107 1918 1183 1976 ineo

159 2002 307 2061 commoda
323 2010 476 2059 nascuntur
493 2002 540 2076 qui
560 2001 701 2060 furunculi
723 2010 879 2076 vocantur,
900 2000 1077 2059 mortiferum
1097 2000 1148 2061 ali·

159 2086 271 2163 quando
294 2083 397 2142 malum
420 2083 562 2142 conlectis
583 2085 764 2161 corporibus.
800 2084 928 2142 remedio
953 2092 1017 2143 sunt
1038 2101 1148 2162 pycno-

158 2169 233 2227 comi
249 2166 320 2225 fclia
336 2167 402 2223 trita
414 2182 477 2223 cum
496 2165 624 2242 polenta,
646 2168 672 2224 si
687 2166 810 2225 nondum
825 2176 910 2246 caput
926 2167 1058 2226 fecerint.
1090 2167 1147 2226 dis·

159 2252 266 2309 cutiunt
285 2256 314 2306 et
328 2248 399 2306 folia
414 2246 535 2323 ephedri
550 2248 639 2307 inlita.

119 2341 169 2397 126
225 2331 309 2409 (78.)
331 2329 459 2389 Fistulae
477 2346 592 2407 quoque
610 2332 638 2389 in
650 2331 724 2390 omni
738 2340 821 2407 parte
837 2341 955 2410 serpunt
971 2332 1147 2391 medicorum
1156 2348 1183 2387 as

160 2416 230 2473 vitio
247 2414 321 2473 male
345 2414 433 2473 sectis
451 2412 633 2490 corporibus.
667 2415 771 2474 auxilio
797 2426 842 2475 est
858 2416 1032 2474 centaurium
1055 2417 1147 2473 minus

160 2498 291 2573 collyriis
306 2515 369 2556 cum
391 2495 478 2555 melle
493 2496 617 2556 decocto
633 2497 750 2572 additis,
773 2500 946 2577 plantaginis
967 2516 1053 2557 sucus
1074 2498 1147 2557 infn-

159 2601 219 2655 sus,
235 2579 461 2657 quinquefolium
473 2597 535 2639 cnm
550 2580 612 2639 sale
629 2590 657 2639 01
669 2580 768 2657 melle,
783 2581 912 2650 ladanum
924 2598 988 2640 cum
999 2591 1146 2653 castoreo,

159 2661 316 2737 cotyledon
330 2680 394 2721 cnm
404 2661 529 2722 medulla
544 2666 659 2723 cervina
673 2663 811 2723 calefacta
827 2671 855 2721 et
868 2664 999 2741 inposita,
1013 2664 1148 2724 verbasci

160 2746 267 2805 radicis
281 2745 406 2803 medulla
424 2746 526 2819 collyri
546 2748 682 2805 tenuitate
700 2748 728 2803 io
748 2746 868 2804 fistulam
894 2746 1005 2806 additur
1022 2747 1069 2806 vel
1091 2749 1183 2808 ari-su

161 2828 322 2889 stolochiae
339 2826 421 2885 radix
434 2828 482 2885 vel
497 2847 582 2888 sucus
598 2827 747 2901 tithymali.

120 2923 169 2976 127
233 2911 317 2991 (79.)
340 2908 539 2970 collectiones
552 2912 842 2989 inflammationesque
854 2921 952 2972 sanant
961 2914 1146 2988 argemoniae

160 2996 230 3054 folia
257 2994 352 3068 inlita,
384 2992 499 3052 duritias
529 3002 559 3051 et
581 2992 770 3053 collectiones
797 2996 886 3051 omnis
906 2994 1069 3055 verbenaca
1097 2997 1145 3056 vel

162 3077 386 3157 quinquefolium
402 3077 552 3136 decoctum
573 3079 601 3135 iu
621 3084 719 3151 aceto,
744 3076 876 3137 verbasci
895 3080 965 3139 folia
983 3078 1031 3137 vel
1050 3080 1143 3155 radix,

160 3162 302 3238 hysopum
324 3161 421 3220 evino
438 3160 607 3237 inpositum,
631 3160 709 3241 acori
724 3159 804 3219 radix
818 3160 941 3223 decocto
958 3163 1020 3221 eius
1040 3162 1183 3223 fover-as

161 3244 246 3317 tibus,
262 3244 390 3319 aizoum,
417 3245 486 3303 item
509 3261 583 3321 qnae
604 3251 741 3301 contunsa
756 3244 810 3303 sint
825 3244 999 3320 duritiasque
1016 3252 1045 3303 et
1064 3248 1144 3305 sinus

121 3326 315 3403 12800000τὶ0
334 3326 491 3387 inlecebra.
528 3326 626 3386 Omnia
647 3328 732 3386 infixa
758 3328 873 3406 corpori
894 3325 1045 3387 extrahunt
1072 3330 1143 3389 folia

161 3409 351 3486 tussilaginis,
374 3409 510 3488 daucum,
532 3428 630 3470 semen
645 3410 811 3490 leontopodi
824 3412 917 3471 tritum
935 3411 964 3468 in
983 3428 1057 3487 aqna
1078 3430 1142 3471 cum
