2484 3817
421 644 783 763 rnnnn'nrro.

196 913 313 977 ludices,
333 930 366 969 ne
387 911 498 986 longior
518 913 741 976 interponeretur
759 929 849 980 mora,
872 912 950 969 nolui
971 913 1092 971 inserere

112 993 176 1052 buic
190 997 329 1054 volumini,
374 994 451 1063 Quod
466 1013 548 1071 quum
564 1013 612 1052 eos
627 997 779 1052 contineret
796 994 883 1052 libros
899 1014 968 1070 quos
984 997 1091 1054 invento
1125 1039 1128 1042 ⁴

114 1079 204 1136 codice
218 1080 407 1153 Bambergensi
422 1079 657 1153 pertractavissem
671 1078 734 1148 (vid.
747 1079 862 1152 praelat,
878 1079 932 1136 vol.
951 1079 1014 1152 lit),
1029 1098 1092 1154 spe·
1192 1091 1194 1095 ’

113 1180 232 1221 raveram
253 1164 313 1220 lore
333 1171 365 1220 ut
383 1179 439 1220 non
459 1163 573 1220 multum
590 1163 656 1219 mibi
670 1163 817 1219 facesseret
828 1162 945 1236 negotii,
966 1164 1014 1220 sed
1028 1181 1092 1238 spes

86 1271 88 1276 ·
113 1264 155 1303 me
176 1247 281 1304 lelellit.
327 1247 419 1310 Sensi,
445 1254 576 1322 quantum
593 1247 745 1309 interesset,
761 1253 852 1302 unum
871 1246 996 1320 singulos
1011 1265 1093 1321 quos·

114 1331 173 1386 dam
191 1332 370 1388 emendandos
396 1329 512 1405 eligeres
532 1329 627 1391 locos,
655 1348 690 1386 an
706 1338 783 1386 totus
799 1330 932 1386 orationis
950 1338 1092 1387 contextus

115 1423 186 1470 esset
199 1415 233 1470 ad
242 1433 362 1472 normam
380 1415 536 1488 exigendus.
580 1414 673 1488 Neque
690 1421 748 1470 erat
762 1414 836 1487 quod
853 1412 957 1470 laboris
973 1415 1093 1472 taedium

113 1496 221 1560 levaret,
241 1499 369 1571 quoniam
386 1516 430 1554 res
445 1497 610 1554 illustriores
630 1507 777 1571 occupatae
790 1504 868 1552 e'rant
882 1504 930 1552 aut
944 1515 959 1553 a
972 1515 1015 1554 me
1030 1498 1091 1572 ipso

115 1589 161 1636 aut
174 1582 206 1637 ab
221 1582 289 1644 aliis,
304 1581 443 1638 restabant
455 1591 503 1637 aut
515 1581 656 1647 abstrusae
668 1588 751 1653 atque
762 1578 944 1652 perdifficiles,
960 1587 1008 1636 aut
1020 1580 1092 1638 leves

114 1672 193 1737 atque
208 1666 340 1728 minutae,
365 1681 453 1737 neque
468 1671 557 1720 tamen
576 1665 665 1719 minus
682 1679 729 1719 eae
745 1660 920 1735 requirebant
936 1659 1092 1734 diligentiae

114 1755 195 1820 atque
218 1764 332 1820 operae,
354 1749 435 1803 immo
449 1743 535 1801 multo
551 1745 691 1818 copiosior
704 1743 854 1800 adnotanda
869 1752 928 1799 erat
941 1746 1092 1818 scripturae

114 1830 292 1903 discrepantia
308 1845 387 1902 quam
401 1829 429 1883 iu
445 1836 543 1884 ceter1s
558 1826 696 1883 Naturalis
710 1826 847 1883 Historiae
858 1825 946 1882 libris.
990 1827 1029 1884 llo
1045 1846 1092 1885 eu·
1188 1863 1191 1866 ·

114 1923 168 1969 tem
189 1911 314 1974 stimulo,
335 1928 415 1984 quem
435 1909 500 1966 laeti
517 1911 669 1966 studiorum
683 1911 790 1966 tructus
806 1910 903 1966 addere
917 1909 1020 1974 solent,
1046 1912 1092 1970 de·

114 1995 227 2052 stitutus
242 1994 403 2050 conficiebar
417 1993 584 2066 gravissimis
602 1993 770 2050 maeroribus
785 2001 813 2050 ct
826 1992 961 2058 luctibus,
987 1995 1015 2051 in
1032 1996 1092 2069 qui·

113 2080 165 2136 bus
180 2087 243 2134 suut
263 2078 309 2151 qui
325 2095 379 2133 non
396 2067 441 2155 rite⁴
454 2078 544 2134 solum
553 2077 697 2140 moverint,
713 2095 775 2133 nam
789 2078 851 2150 quis
862 2095 918 2133 non
932 2077 1009 2152 luget
1018 2096 1091 2136 mor·

24 2151 32 2160 ”
114 2171 155 2219 tes
184 2162 394 2218 clarissimorum
426 2161 544 2217 virorum
575 2159 602 2216 C.
632 2159 661 2216 F.
692 2161 963 2234 Naegelsbacbii
1001 2171 1029 2218 et
1059 2162 1089 2218 ll.

115 2245 335 2304 Tbierschii?
365 2244 544 2319 quibuscum,
566 2245 651 2300 amico
676 2243 781 2307 altero,
806 2243 893 2302 altero
913 2254 1091 2320 praeceptore

113 2348 193 2394 usus,
211 2346 263 2403 ego
283 2329 426 2386 artissimis
451 2327 610 2385 coniunctus
635 2345 708 2384 eram
732 2329 939 2384 necessitudinis
964 2329 1088 2386 vinculis.

114 2412 183 2481 Quid
213 2415 325 2475 mirum,
357 2413 380 2468 si
409 2412 442 2468 ad
468 2410 602 2486 reliquum
623 2411 815 2484 perficiendum
839 2413 929 2468 minus
952 2411 1041 2470 alacer
1062 2419 1091 2468 et

114 2503 255 2569 promptus
271 2496 324 2552 tuit
342 2496 446 2552 animus
461 2512 540 2568 quam
554 2496 587 2552 ad
601 2495 781 2551 inchoandum
798 2495 885 2568 opusl

198 2578 321 2634 ldanimas
335 2595 399 2635 vero
411 2577 584 2635 difficultates
598 2579 665 2635 mihi
684 2577 774 2634 attulit
789 2579 901 2635 ultimus
916 2577 994 2641 liber,
1010 2596 1089 2653 quem

115 2679 130 2718 e
147 2661 340 2717 vetustioribus
365 2662 502 2718 codicibus
526 2660 602 2718 solus
622 2663 744 2720 continet
759 2663 843 2718 codex
859 2661 1089 2732 Bambergen·

115 2745 181 2808 sis,
209 2743 385 2822 hac-quidem
403 2753 528 2819 exparte
549 2753 578 2801 et
601 2744 857 2818 interpolationibus
879 2754 907 2801 et
927 2745 1030 2801 lacunis
1050 2745 1089 2800 ita

114 2828 252 2888 foedatus,
270 2834 301 2882 ut
315 2826 395 2882 liceat
411 2827 471 2901 ipso
486 2845 547 2884 eum
567 2829 639 2886 dictu
655 2828 819 2884 interiorem.
851 2826 904 2884 Sed
920 2836 1009 2885 tamen
1022 2834 1089 2884 tam·

108 2929 195 2985 quam
216 2911 357 2966 obrussam
375 2927 435 2966 eum
455 2910 633 2968 adhibendum
649 2927 708 2967 esse
724 2910 864 2984 putabam,
879 2919 911 2966 ut
925 2909 967 2967 vel
981 2927 1013 2966 ex
1027 2912 1086 2968 eius

114 2991 369 3068 interpolationibus
389 2993 533 3050 nonnullae
552 2995 617 3050 mihi
635 2995 791 3050 viderentur
806 2994 941 3050 addendae
962 3010 1023 3050 esse
1037 3011 1088 3050 un·

115 3079 154 3134 cis
176 3077 304 3134 inclusae.
348 3075 432 3133 llulto
453 3077 524 3132 enim
548 3078 698 3134 deteriores
714 3085 778 3132 sunt
798 3095 866 3150 quae
887 3085 1028 3149 praeterea
1042 3077 1087 3133 ad-
1113 3073 1116 3086 '

115 3161 169 3217 buc
189 3161 313 3234 cognitae
335 3167 398 3215 sunt
412 3166 468 3216 tres
482 3159 605 3217 codicum
619 3159 750 3223 familiae,
773 3161 819 3234 qui
836 3159 943 3233 quidem
958 3177 1087 3217 numerus

48 3307 50 3326 ,
115 3243 245 3306 efficitur,
265 3245 286 3300 si
307 3242 467 3316 respicimus
484 3243 517 3298 ad
533 3244 624 3317 operis
641 3243 734 3305 linem,
756 3245 801 3316 qui
817 3243 924 3316 integer
942 3238 1044 3318 le'gitur
1058 3244 1087 3300 in

115 3344 170 3384 uno
190 3327 280 3383 codice
300 3325 503 3399 bambergensi,
530 3343 617 3400 equo
641 3343 709 3399 quae
730 3327 758 3381 in
775 3327 873 3382 ceteris
891 3326 1087 3401 exemplaribus

114 3410 262 3467 desiderari
278 3410 521 3466 demonstraveram
543 3410 572 3464 in
591 3408 823 3466 observationibus
836 3409 937 3466 criticis
954 3409 1086 3482 (Monach.

847 3525 862 3565 a
868 3507 886 3542 ὴ
