2484 3817
135 127 199 195 264
469 140 498 193 o.
514 142 611 190 rmnr
627 141 777 189 sucorum

133 294 310 374 appellatum
326 304 371 355 ter
388 294 435 355 die
447 296 510 356 beri
521 314 648 357 amarum
658 296 822 374 salsumque
838 312 873 355 ao
884 292 989 355 deiude
1004 295 1129 375 dulcem,

132 378 298 457 totiensque
314 388 343 438 et
357 388 460 456 noetn,
475 389 634 441 scatentem
650 380 722 441 albis
738 377 920 457 serpentibus
936 380 1066 441 vicenum
1081 398 1130 441 ou·

132 461 266 539 bitonum,
282 462 358 523 idem
368 464 398 522 iu
404 462 512 523 Arabia
523 464 631 524 iontem
644 463 762 523 exsilire
774 470 850 522 tanta
860 462 888 522 vi
903 471 935 522 ut
949 462 1055 523 nullum
1070 482 1130 525 nou

90 555 123 611 19
134 545 248 624 pondus
265 546 408 625 inpactum
422 556 550 625 respuet.
574 548 658 626 (16.)
682 545 899 623 Theophrastus
913 543 1046 621 Marsyae
1062 548 1129 607 ion·

131 638 190 691 tem
208 630 237 689 iu
250 629 377 707 Phrygia
395 629 432 689 ad
446 628 638 691 Celaenarum
656 630 792 708 oppidum
809 646 878 689 saxa
897 647 1031 705 egerere.
1072 648 1160 693 nonu

131 712 236 792 procul
258 713 294 773 ab
317 730 354 772 eo
376 714 433 774 duo
456 722 524 773 sunt
549 713 645 773 fontes
667 710 773 788 Cyiiou
803 721 832 771 et
854 711 946 774 Gelon
966 713 1002 775 ab
1024 714 1132 775 effectu

131 795 308 857 Graecorum
324 798 468 857 nominum
483 795 561 856 dieti.
591 795 691 873 Cyzici
708 797 774 857 fons
791 794 939 875 Cupidinis
955 807 1076 859 vocatur
1091 817 1131 859 ex

130 897 188 959 quo
203 881 330 960 potantis
346 897 473 941 amorem
492 880 643 958 deponere
659 881 808 941 Munianus
823 879 924 941 eredit.

87 973 123 1029 to
188 965 273 1043 (17.)
298 962 451 1024 Crannone
467 972 512 1023 est
523 964 590 1023 iona
605 963 716 1024 calidus
732 966 804 1026 eitra
818 981 955 1023 summum
970 964 1131 1043 fervorem,

130 1050 177 1127 qni
191 1048 260 1107 vino
271 1048 365 1109 triduo
380 1046 476 1122 addito
489 1046 617 1113 calorem
631 1050 758 1126 potionis
774 1048 899 1108 custodit
913 1050 1042 1109 invasis.
1059 1049 1177 1113 Suntne

131 1142 162 1192 et
177 1132 308 1194 Mattiaci
320 1134 348 1190 in
361 1130 515 1193 Germania
528 1132 626 1192 fontes
644 1132 729 1191 calidi
744 1142 823 1192 trans
843 1131 988 1208 Rhenum,
1010 1149 1133 1210 quorum

128 1214 250 1276 haustus
265 1214 360 1275 triduo
377 1214 490 1292 fervet,
514 1216 593 1277 eirea
609 1216 758 1293 margines
773 1232 845 1275 vero
862 1216 1005 1294 pumioem
1022 1216 1134 1279 iaciunt

129 1316 232 1359 auae.
396 1344 403 1355 .

86 1392 120 1445 21
147 1317 166 1377 q
184 1381 268 1461 (18)
290 1380 376 1456 Quod
398 1382 423 1442 si
443 1382 507 1461 quis
523 1381 580 1443 fide
598 1382 700 1445 serere
727 1400 765 1441 ex
785 1349 831 1443 his
849 1382 945 1461 aliqua
966 1382 1132 1461 arbitratur,

129 1465 242 1527 diseat'
233 1483 263 1527 ιιι
273 1464 351 1525 nulla
365 1474 446 1545 parte
460 1474 579 1526 naturae
593 1466 703 1527 maiora
714 1483 782 1525 esse
793 1466 942 1541 miracula,
957 1483 1129 1545 quamquam
1140 1486 1172 1528 ιι

128 1551 204 1609 inter
220 1549 300 1611 initia
315 1550 415 1629 operis
431 1547 543 1609 abunde
555 1550 643 1609 multa
658 1549 817 1611 retulimus.
851 1547 966 1609 Ctesias
983 1551 1069 1612 tradit
1083 1552 1130 1611 si-

129 1634 186 1693 den
202 1634 302 1693 roeari
317 1642 451 1709 stagnum
468 1634 497 1693 in
510 1632 612 1694 indis
603 1652 633 1693 ιιι
654 1650 711 1714 quo
730 1633 799 1693 nihil
815 1634 932 1708 innatet,
951 1636 1044 1694 omnia
1055 1652 1131 1695 mer-

127 1724 249 1794 gantur,
274 1714 392 1778 Caelina
413 1716 489 1795 apud
509 1734 562 1777 nos
579 1718 608 1776 in
628 1718 746 1779 Averno
771 1721 855 1780 etiarn
874 1678 945 1777 foli’a
969 1717 1131 1797 subsidere,

84 1810 120 1865 th
131 1803 227 1863 Varro
243 1802 305 1861 avia
320 1817 395 1879 quae
410 1800 611 1861 advolaveriut
632 1802 733 1861 emori.
768 1810 869 1862 eontra
885 1802 914 1859 in
929 1800 1048 1861 Airioae
1063 1802 1132 1861 laen

127 1884 323 1964 Apuscidamo
346 1884 441 1944 omnia
460 1883 585 1961 fluitant,
608 1886 678 1945 nibil
700 1886 855 1963 mergitur,
876 1887 944 1945 item
967 1886 995 1944 in
1010 1884 1173 1946 Sieiliueeo

127 1970 210 2029 fonte
224 1966 357 2043 Plinthine,
373 1976 405 2026 nt
420 1967 518 2045 Apion
536 1968 632 2047 tradit,
649 1979 676 2029 et
691 1970 719 2029 in
733 1969 884 2031 Medorum
903 1968 969 2028 lacu
984 1976 1131 2049 puteoque

128 2051 253 2111 Saturni.
284 2012 364 2110 Fonh
381 2050 512 2124 Limyrae
527 2054 652 2114 transire
669 2054 777 2114 solet
769 2072 797 2111 ru
821 2052 887 2113 loca
903 2054 997 2113 vioiun
1012 2061 1137 2139 porten-

128 2134 201 2196 dens
216 2133 340 2212 aliquid‚
356 2135 515 2212 mirumque
533 2135 611 2212 quod
626 2155 690 2197 oum
704 2136 833 2217 pisoibus
850 2138 961 2197 transit.
985 2153 1131 2216 responsa

128 2217 165 2277 ab
178 2216 224 2276 his
237 2224 340 2294 petunt
354 2217 469 2277 incolae
490 2218 558 2279 cibo
581 2239 666 2299 quem
685 2222 800 2299 rapiunt
820 2219 995 2295 adnuentes‚
1013 2221 1038 2278 si
1056 2238 1129 2281 vero

84 2308 265 2367 naerentum
288 2309 414 2377 negent,
423 2296 534 2364 caudis
549 2304 676 2381 abigunt.
705 2304 805 2365 Amnis
822 2302 960 2363 hloleas'
951 2322 980 2362 ru
993 2302 1167 2402 Rithgpians

127 2385 269 2459 Bryauum
282 2384 448 2465 adluit,-
467 2390 526 2449 hoc
541 2397 586 2448 est
600 2388 709 2467 templo
732 2397 762 2449 ot
777 2387 832 2448 deo
847 2402 968 2461 nomen,
990 2420 1033 2433 -·-
1048 2388 1129 2447 euius

128 2468 274 2550 gurgitem
290 2473 400 2551 periuri
420 2481 562 2549 negantur
581 2474 641 2551 pati
660 2472 739 2532 velut
756 2472 895 2532 bammum
910 2432 1050 2531 urehtem.
1089 2470 1129 2529 Et

126 2558 156 2616 in
173 2553 325 2616 Cantabria
341 2556 438 2617 fontes
453 2556 593 2617 Tamarici
609 2558 638 2615 in
661 2556 787 2633 auguriis
809 2554 960 2616 habentur.
984 2563 1045 2615 tres
1062 2562 1129 2614 snut

128 2641 243 2699 ottonis
258 2639 380 2719 pedibus
397 2640 554 2717 distantes,
569 2642 598 2699 in
612 2658 698 2700 nuum
712 2639 825 2700 alueum
841 2647 946 2699 nonunt
965 2648 1048 2699 vasto
1070 2640 1127 2697 ain·

84 2732 120 2786 24
131 2723 193 2800 guli
205 2740 297 2784 amne.
327 2724 472 2784 sionantur
486 2686 627 2784 duodenis
646 2722 747 2799 diebus
755 2721 934 2800 ,aliquando
949 2723 1071 2800 visanis,
1088 2722 1127 2781 oi·
1137 2740 1166 2783 ao

127 2815 173 2865 tra
194 2807 390 2884 suspitionem
411 2806 498 2867 uilam
512 2826 621 2887 aquae,
645 2824 709 2867 oum
731 2807 766 2865 sit
787 2808 898 2865 vicinus
920 2806 956 2865 iis
976 2806 1043 2866 fons
1064 2808 1128 2865 sine

127 2889 341 2950 intermissione
354 2890 465 2968 largus.
496 2891 586 2950 dirum
604 2899 650 2950 est
666 2907 724 2949 nou
738 2884 887 2966 profluere
904 2905 956 2948 eos
971 2889 1128 2969 adspicere

128 2972 310 3048 volentibus,
334 2975 408 3034 siout
432 2991 572 3074 proxume
586 2974 682 3033 hartio
696 2973 806 3033 hieiuio
829 2974 928 3049 legato
952 2982 1019 3072 post
1040 2989 1126 3051 prae·

127 3064 229 3133 turam,
245 3065 314 3136 post
330 3067 443 3138 septem
466 3060 539 3117 enirn
554 3057 616 3117 dies
632 3056 749 3117 oceidit.
778 3056 812 3117 ln
828 3055 935 3117 Iudaea
956 3059 1035 3116 rivos
1060 3054 1126 3115 aab·

127 3138 203 3200 batis
220 3140 351 3201 omuibus
368 3142 502 3203 siccatur.
1135 3156 1165 3200 ιι

85 3232 120 3289 ²5
185 3222 269 3305 (19.)
289 3222 445 3287 Edirerso
467 3223 604 3286 miracula
614 3224 682 3284 mlia
702 3223 772 3284 dira.
807 3221 920 3285 Ctesias
943 3222 972 3281 in
987 3222 1128 3283 Armenia

62 3381 65 3387 Ι
127 3306 236 3366 iontem
257 3326 324 3370 esse
345 3310 460 3382 seribit,
481 3328 519 3370 ex
539 3324 597 3385 quo
613 3309 714 3385 nigros
731 3307 820 3385 piscis
840 3307 907 3369 ilico
931 3315 1052 3365 mortem
1076 3303 1126 3365 ad-

127 3389 207 3449 ferre
226 3392 356 3466 iambis,
377 3394 453 3471 qnod
470 3402 499 3453 et
519 3394 596 3450 cirea
610 3389 723 3449 Danuui
744 3400 876 3450 exortum
894 3389 1005 3466 audivi,
1031 3389 1126 3449 donee
